1864 3126
129 142 143 156 ⁸
213 147 302 191 238
525 187 526 191 ,
783 148 974 186 POETAE
998 149 1176 186 MELICI.

898 259 937 301 5.
975 260 1050 312 [4.]

314 561 539 619 Εὐρύαλε,
570 563 800 619 γλαυκέων
832 567 1038 619 Χαρίτων
1069 563 1230 619 θάλος,

307 651 330 674 ιιι
450 650 472 675 *
593 651 615 675 *
735 651 758 674 *
878 652 900 676 *
1021 652 1042 676 *

306 704 587 761 καλλικόμων
619 706 861 762 μελέδημα,
894 706 943 750 σε
974 706 1055 763 μὲν
1087 705 1262 763 Κύπρις

308 775 337 819 ἅ
367 775 404 820 τ’
440 774 805 833 ἀγανοβλέφαρος
830 774 985 820 Πειθώ
1019 777 1242 832 ῥοδέοισιν
1274 778 1322 820 ἐν
1353 776 1515 821 ἄνθεσι
1545 778 1735 835 θρέψαν.

899 885 937 926 6.
971 885 1046 937 [7.]

306 967 804 988 Δυυ-υυ-υυ-ικ

306 1027 852 1047 -Ῐυψ-υυ-υ-υ-Κ]

311 1071 476 1128 Μύρτα
507 1089 552 1115 τε
583 1071 656 1114 καὶ
689 1076 734 1114 ἴα
765 1071 838 1114 καὶ
871 1071 1122 1129 ἑλίχρυσος,

304 1142 422 1199 μᾶλοὲ
454 1160 500 1187 τε
531 1143 605 1186 καὶ
637 1141 752 1199 ῥόδα
782 1142 855 1186 καὶ
886 1143 1059 1200 τέρεινα
1092 1141 1256 1199 δάφνα.

899 1252 937 1292 7.
971 1251 1046 1304 [8.]
1646 1262 1737 1293 1000

309 1393 458 1447 Τᾶμος
488 1389 662 1442 ἄυπνος
691 1388 851 1442 κλυτὸς
883 1389 1052 1448 ὄρθρος
1083 1392 1306 1448 ἐγείρησιν
1337 1388 1549 1447 αηδόνας.

306 1531 364 1566 Fr.
391 1535 423 1566 5.
467 1530 603 1567 Athen.
629 1531 717 1566 XIII
741 1532 870 1567 564F:
891 1529 932 1567 Ὁ
957 1531 999 1567 δὲ
1025 1532 1092 1567 τοῦ
1118 1533 1316 1590 Κυθηρίου
1343 1530 1545 1575 Φιλοξένου
1571 1529 1738 1589 Κύκλωψ

217 1576 311 1635 ἐρῶν
345 1579 415 1635 τῆς
449 1580 656 1619 Γαλατείας
685 1579 750 1614 καὶ
783 1577 948 1614 ἐπαινῶν
980 1577 1097 1624 αὐτῆς
1127 1577 1168 1614 τὸ
1201 1578 1351 1638 κάλλος,
1388 1577 1740 1625 προμαντευόμενος

209 1625 279 1671 τὴν
312 1623 521 1684 τύφλωσιν,
551 1639 679 1661 παντα
710 1627 855 1682 μᾶλλον
882 1624 999 1672 αὐτῆς
1033 1624 1230 1662 έπαινεῑ”“
1207 1641 1230 1672 η
1257 1627 1330 1662 τῶν
1342 1608 1565 1683 ὀφθαλμῶν
1598 1639 1738 1683 μνημο-

210 1672 315 1709 νεύει
339 1672 458 1729 λέγων
485 1669 578 1708 ωδε·
609 1668 650 1709 Ὦ
676 1672 978 1718 καλλιπρόσωπε,
981 1672 1343 1733 χρυσεοβόστρυχε
1353 1671 1559 1731 Γαλατεια,
1591 1671 1738 1719 χαριτό-

206 1734 314 1779 φωνε
354 1718 486 1761 κάλλος
525 1718 683 1765 ἐρώτων.
738 1719 889 1777 Τυφλὸς
920 1719 939 1756 ὁ
975 1720 1129 1762 ἔπαινος
1159 1721 1225 1757 καὶ
1255 1718 1343 1756 κατ’
1379 1718 1493 1756 οὐδὲν
1525 1733 1652 1766 ομοιος
1682 1721 1739 1769 τῷ

206 1765 411 1825 Ἰβυκείῳ
439 1766 620 1815 ἐκείνῳ·
651 1765 861 1813 Εὐρύαλε
889 1771 962 1804 κτλ.
1014 1768 1068 1804 Cf.
1094 1769 1262 1804 Eusbath.
1288 1781 1324 1814 p.
1354 1772 1455 1813 1558,
1483 1773 1538 1804 17.
1566 1789 1610 1794 —-
1636 1768 1678 1804 V.
1706 1773 1737 1803 1.

211 1813 427 1871 γλαυκέων,
452 1805 589 1850 Jacobs
610 1814 792 1860 γλυκέων,
821 1815 1080 1851 Schneidewin
1106 1816 1284 1861 γλυκεᾶν,
1310 1816 1458 1865 Hecker
1482 1813 1674 1860 γλυκερόν.
1694 1835 1739 1841 —

210 1860 330 1903 θάλος
354 1844 459 1907 AB'C,
484 1829 630 1902 θάλλος
649 1862 763 1907 PVL,
789 1860 962 1920 θάλαμος
987 1863 1088 1899 Eust.
1116 1863 1256 1899 Deinde
1276 1844 1376 1898 co'ni.
1427 1863 1545 1898 Bothe
1569 1863 1739 1898 καλλίκο-

211 1923 281 1955 μον
307 1890 514 1955 μελέδημα,
541 1910 670 1945 Iacobs
696 1891 930 1956 καλλικόμων
957 1907 1135 1956 μελέδημ’
1162 1907 1350 1967 Ἐρώτων,
1379 1910 1608 1946 Boissonade
1634 1909 1739 1955 μελέ-

211 1958 312 2002 δημα
338 1957 525 1992 νεανίδων
550 1957 731 2001 probante
760 1957 1036 2002 Schoemanno,
1062 1958 1235 2002 Hartung·
1261 1954 1446 2001 Ευρύαλε,
1471 1954 1739 2012 γλαυκόφθαλ-

212 2017 282 2049 μον
307 2002 444 2047 θαλος,
471 2017 499 2038 ω
519 2004 693 2049 Χαρίτων
718 2001 953 2049 καλλικόμων
979 1985 1186 2050 μελέδημα,
1212 2004 1359 2040 Hecker
1380 2001 1615 2049 καλλικόμων
1634 2006 1740 2039 Μου-

211 2051 286 2086 σῶν
319 2050 528 2097 μελέδημα,
560 2050 626 2085 sed
655 2051 781 2096 potius
813 2054 900 2096 post
930 2052 1029 2087 hunc
1058 2063 1206 2087 versum
1237 2051 1333 2087 alius
1365 2051 1520 2096 excidit,
1554 2051 1654 2097 quod
1681 2051 1739 2087 vel

210 2100 372 2134 metrum
398 2098 686 2143 arguit,ve1ut:

488 2153 688 2214 Ευρύαλε,
714 2155 909 2203 γλαυκέων
936 2158 1110 2214 Χαρίτων
1137 2154 1272 2214 φάος,

488 2200 738 2250 Αδυλόγων
762 2205 945 2240 Μοισᾶν
969 2202 1133 2251 θαλος,
1153 2202 1295 2250 Ωρᾶν.

211 2296 254 2302 —
283 2276 328 2311 V.
355 2279 387 2311 3.
413 2274 443 2309 B
470 2273 804 2320 πενθωδωρέοισιν.
833 2296 877 2301 -
904 2272 946 2311 ἐν
973 2287 1043 2312 om.
1071 2276 1098 2311 C
1124 2274 1227 2311 Eunt.

304 2323 363 2358 Fr.
385 2327 418 2358 6.
456 2322 591 2358 Athen
612 2321 680 2357 XV
700 2324 828 2358 681Α·
854 2322 930 2358 Καὶ
949 2321 1124 2381 Ἴβυκος
1148 2319 1391 2369 (μνημονεύει
1416 2323 1484 2358 τοῦ
1511 2319 1737 2368 ελιχρύσου)“

209 2368 372 2416 Μύρτα
397 2382 442 2404 τε
469 2369 547 2405 καὶ
572 2370 619 2405 ἰά
645 2373 719 2405 κτλ.
749 2390 791 2396 -—
818 2369 862 2406 V.
890 2375 921 2406 2.
949 2369 1096 2416 τέρεινα
1123 2369 1276 2427 Canter,
1301 2371 1415 2416 vulgo
1441 2368 1504 2414 τέρ
1507 2384 1580 2406 ινα.

306 2418 365 2453 Fr.
394 2421 425 2452 7.
469 2416 669 2452 Herodian.
695 2417 782 2462 περὶ
809 2430 913 2463 σχημ.
941 2422 998 2462 60,
1024 2422 1086 2453 24·
1115 2415 1158 2453 τὸ
1185 2416 1228 2453 δὲ
1251 2418 1407 2477 (σχῇμα)
1431 2415 1650 2465 Ἰβύκειον
1673 2416 1739 2452 καὶ

207 2464 344 2508 λέξεως
375 2464 441 2500 καὶ
472 2461 682 2507 συνταξεώς
720 2462 837 2509 ἐστιν,
876 2466 1022 2521 γίνεται
1052 2463 1095 2500 δὲ
1129 2462 1170 2500 ἐν
1202 2469 1280 2505 τοῖς
1311 2462 1573 2505 υποτακτικοῖς
1603 2465 1739 2510 τρίτοις

211 2511 424 2571 προσώποις
449 2512 523 2547 τῶν
550 2509 725 2570 ρηματων
751 2525 848 2547 κατα
875 2509 1082 2557 πρόσθεσιν
1107 2513 1172 2567 τῆς
1197 2524 1233 2547 σι
1257 2512 1516 2570 συλλαβῆς...
1537 2539 1545 2547 .
1568 2514 1739 2546 καλεῖται
1783 2536 1785 2539 -

210 2558 252 2595 δε
272 2557 513 2616 Ἰβύκειον,
541 2571 621 2615 ουχ
631 2572 689 2593 οτι
705 2557 884 2615 Ἴβυκος
907 2560 1052 2616 πρῶτός
1073 2556 1114 2617 ἐχ
1138 2557 1271 2604 ήσατο·
1298 2557 1489 2594 δέδεικται
1515 2560 1596 2604 (scr.
1616 2557 1738 2594 λέλεκ-

209 2608 286 2664 ται)
311 2605 382 2652 γὰρ
408 2606 471 2642 καὶ
497 2605 590 2663 παρ’
613 2603 758 2664 Ομήρφ
785 2603 985 2652 πρότερον·
1010 2603 1093 2642 αλλ’
1115 2572 1201 2642 {nel
1218 2603 1314 2642 πολὺ
1334 2605 1399 2641 καὶ
1417 2604 1623 2651 κατακορὲς
1641 2602 1736 2662 παρ’

212 2651 325 2702 αυτῷ.
377 2654 453 2689 Καὶ
479 2651 550 2698 γὰρ
575 2642 876 2698 γλαυκώπιδα
902 2682 910 2690 .
938 2682 946 2690 .
974 2681 982 2689 .
1008 2653 1073 2689 καὶ
1097 2649 1150 2689 δι’
1179 2650 1332 2699 ἑτέρων·
1360 2653 1511 2699 Τᾶμος
1535 2653 1583 2698 (A
1607 2650 1738 2707 ταμὸς)

201 2704 284 2737 ’κτλ.
313 2699 398 2741 αντὶ
423 2702 489 2736 τοῦ
516 2698 654 2758 ἐγείρῃ.
682 2722 726 2726 -
764 2701 891 2758 Ταμος
922 2701 1022 2736 haud
1047 2700 1158 2736 dubie
1190 2701 1324 2736 vibium
1356 2700 1558 2756 conssraxit,
1591 2700 1656 2736 sed
1681 2699 1736 2735 in-

212 2750 355 2783 cerbum
387 2750 510 2783 utrum
536 2761 650 2794 αμος
676 2747 753 2783 sive
780 2745 955 2794 ὁπᾶμος
981 2748 1061 2793 (vit.
1088 2749 1189 2784 Atat.
1217 2749 1319 2793 568),
1354 2759 1402 2783 an
1432 2744 1573 2793 τᾶμός
1598 2743 1640 2782 δ’
1668 2743 1736 2782 οκ’

212 2796 262 2830 sit
299 2796 553 2839 scribendum,
590 2806 678 2830 nam
715 2806 788 2831 non
819 2796 939 2831 solum
973 2796 1058 2840 ipsa.
1087 2794 1272 2831 sententia.
1303 2794 1429 2840 arguit
1458 2795 1534 2840 hyp
1537 2794 1738 2830 otacticum

211 2854 289 2878 esse
321 2843 494 2887 incisum,
527 2823 592 2878 s⁷ed
625 2842 738 2878 etiam
771 2840 957 2888 ἐγείρῃσιν
989 2843 1058 2886 (ita
1082 2842 1181 2878 enim
1213 2841 1463 2886 scribendum,
1496 2842 1575 2877 iota
1599 2841 1738 2877 furtivo

212 2890 399 2935 detracto,
426 2890 500 2927 vid.
521 2890 567 2926 ad
593 2890 634 2925 fr.
657 2891 692 2936 9)
717 2889 917 2926 manifesto
943 2889 1198 2926 coniunctivae
1223 2890 1281 2925 est
1305 2889 1435 2925 modus
1463 2888 1541 2925 sive
1565 2899 1736 2935 praesen·
