1864 3126
193 156 276 198 728
544 128 545 133 ¹
651 155 956 193 FRAGMENTA
982 156 1246 194 ADESPOTA.

287 345 374 389 Καὶ
406 343 488 389 τάν
520 343 763 403 ἀκόρεστον
795 344 976 390 αὐάταν.

288 544 377 590 Διά
410 546 458 590 σὲ
490 546 563 590 καὶ
595 545 669 591 τεὰ
703 545 812 604 δῶρ’
849 552 933 591 εἴτε
966 550 1117 592 σκῦλα.

910 667 1004 710 125.
1859 671 1864 710 i

283 756 1113 784 ‡00„‡0-x9x9,u-00‚2¹12'10-
1856 764 1864 773 ἑ

286 828 443 882 Εὐθὺς
474 828 722 888 ἀνέπλησεν
753 830 1004 888 ἀεροβάταν
1036 833 1175 889 μέγαν
1208 831 1334 878 οἷκον
1366 832 1554 891 ἀνέμων.

912 965 1005 1007 126.

311 1034 482 1107 Demefir.
518 1051 566 1088 de
606 1051 700 1089 eloe.
737 1052 838 1090 143:
858 1046 939 1090 Ἐκ
977 1049 1171 1091 συνθέτου
1209 1054 1278 1091 τοῦ
1317 1048 1506 1104 ὀνόματος
1542 1051 1608 1092 καὶ
1645 1053 1715 1092 δι-

190 1115 513 1166 θυραμβικοῦ·
546 1113 750 1154 δέσποτα
781 1112 1001 1156 πλούτων
1031 1113 1140 1170 (Par.
1172 1131 1207 1157 n.
1239 1118 1274 1155 R
1303 1115 1490 1170 πλοῦτον)
1521 1121 1716 1171 μελανο-

189 1174 434 1230 πτερύγων
467 1174 510 1231 (b
543 1175 780 1232 μεγαλοπτ.),
811 1179 942 1220 τουτὶ
974 1179 1135 1222 δεινὸν
1167 1178 1283 1235 (Mor.
1310 1179 1470 1237 δεινῶν)
1494 1180 1582 1236 πρὸ
1613 1198 1717 1224 πτε-

190 1240 346 1296 ρύγων
391 1238 503 1282 αὐτὸ
547 1244 760 1295 ποίησον.
798 1242 959 1297 μάλιστα
998 1243 1047 1298 δὴ
1086 1243 1298 1302 κωμῳδικὰ
1335 1244 1500 1301 παίγνιά
1537 1247 1613 1288 ἔστι
1650 1248 1716 1288 καὶ

191 1304 388 1360 σατυρικοὶ.
451 1308 534 1347 Hoc
566 1322 614 1347 ex
645 1310 791 1350 comico
823 1311 956 1361 aliquo
987 1312 1158 1361 petitum
1190 1313 1360 1363 videbur,
1392 1314 1461 1364 qui
1491 1315 1715 1366 dithyram-
1742 1324 1832 1357 1350

191 1375 323 1413 bicum
354 1374 481 1412 irrisit
510 1377 683 1424 poetam,
715 1376 783 1426 qui
807 1376 904 1415 sort.
938 1377 1111 1416 dixerat:

465 1455 644 1498 Δέσποτα
675 1454 867 1498 Πλούτων
898 1457 1243 1514 μελανοπτερύγων
1274 1457 1450 1515 ὀνείρων.

913 1576 1007 1618 127.

309 1661 477 1701 Αῑίεΐῑοίῑ.
503 1661 620 1701 Rhet.
647 1661 710 1700 III
739 1663 810 1700 11:
845 1657 944 1702 Οἶον
974 1657 999 1714 ἡ
1027 1657 1143 1710 ἀσπὶς
1175 1660 1306 1715 φαμὲν
1330 1662 1408 1704 ε’στὶ
1434 1661 1556 1716 φιοῖλη
1578 1661 1718 1718 ’Ἄρεος

191 1721 383 1780 (Timoth.
415 1727 463 1765 fr.
500 1722 572 1780 16)
603 1723 668 1765 καὶ
699 1722 814 1774 τόξον
851 1723 1054 1781 φόρμιγξ
1091 1726 1309 1781 ἅχορὸος.
1371 1729 1428 1769 Cf.
1461 1731 1636 1770 Demetr.
1668 1731 1717 1769 de

191 1794 283 1833 eloe.
321 1793 394 1831 85:
427 1787 479 1839 ὦς
518 1787 539 1831 ὁ
581 1789 745 1844 Θέογνις
780 1793 1036 1845 παρατίθεται
1072 1791 1114 1834 vd
1151 1790 1265 1842 τόξον
1303 1791 1544 1848 φόρμιγγα
1580 1791 1718 1848 ἀχορ-

192 1858 277 1896 δον
308 1855 372 1896 ἐπὶ
401 1858 471 1896 τοῦ
501 1858 554 1911 τῷ
589 1852 687 1910 τόξῳ
724 1853 946 1908 βάλλοντος.
985 1860 1054 1909 qui
1089 1872 1169 1900 non
1206 1860 1430 1911 Theognidi
1464 1863 1607 1911 poetae
1643 1862 1718 1901 hoc

286 2006 344 2041 Fr.
373 2009 452 2041 123
504 2005 591 2041 Cod.
618 2005 652 2040 V
678 2017 736 2063 ap.
764 2005 937 2043 Gaisford
964 2007 1011 2043 ad
1037 2008 1188 2044 Hesiod.
1215 2009 1284 2054 Op.
1305 2021 1339 2044 v.
1361 2013 1430 2045 664
1455 2010 1494 2045 et
1518 2010 1566 2045 ad
1590 2010 1715 2056 Etym.

192 2054 240 2089 M.
267 2066 302 2099 p
329 2050 638 2111 497,17;Μετά
652 2051 736 2110 γὰρ
761 2051 804 2088 τὸ
828 2059 853 2089 ἇ
876 2052 1093 2110 φωνήεντος
1113 2052 1348 2113 ἐπαγομένου
1367 2057 1613 2114 προστίθεται
1631 2055 1716 2093 Λίο-

192 2102 302 2141 λικῶς
327 2097 369 2136 τὸ
388 2108 424 2145 ῦ,
452 2098 528 2141 ὡς.
580 2098 733 2136 ,ἀάταν
751 2099 820 2145 τὴν
841 2099 996 2149 βλάβην,
1021 2102 1086 2138 καὶ
1104 2100 1173 2148 τὴν
1192 2100 1398 2148 ἀκόρεστον
1418 2100 1577 2141 ἀυάταν.
1611 2104 1717 2147 Quod

191 2148 332 2184 ibidem
362 2147 501 2194 legitur
530 2146 740 2193 νώνυμος
772 2147 910 2207 ὄκχος
948 2151 986 2185 et
1014 2149 1139 2206 ipsum
1169 2150 1317 2191 videtur
1347 2162 1392 2186 ex
1421 2150 1575 2187 Aeolico
1605 2153 1718 2197 poeta

191 2195 361 2253 petifium.
411 2195 616 2232 Favorinus
653 2208 688 2241 p.
727 2200 814 2233 262:
857 2193 982 2232 ἅαταν
1012 2194 1081 2242 τὴν
1115 2195 1273 2246 βλάβην,
1310 2198 1376 2234 καὶ
1411 2196 1480 2244 τὴν
1512 2195 1717 2245 ἀκόρεστον

192 2240 351 2279 ἀνα-ταν.

286 2291 344 2325 Fr.
374 2294 452 2325 124.
503 2289 870 2327 Aristot.Rhet.111
893 2296 949 2327 14·
980 2289 1037 2328 Τά
1063 2290 1106 2328 δε
1131 2293 1199 2328 τοῦ
1227 2293 1425 2329 δικανικοῦ
1450 2294 1632 2340 προοίμια
1657 2295 1724 2330 δεῖ

191 2340 336 2382 λαλεῖν,
368 2351 425 2373 οτι
457 2334 572 2373 ταυτὸ
606 2335 783 2395 δυναται,
816 2335 908 2395 ὅπερ
940 2339 1014 2375 τῶν
1047 2338 1247 2397 δραμάτων
1284 2338 1322 2376 οἷ
1335 2338 1528 2397 πρόλογοι
1551 2340 1716 2377 καὶτῶν

194 2383 294 2421 ἐπῶν
320 2398 366 2420 τα
391 2386 590 2442 προοίμια·
626 2383 672 2420 τὰ
698 2399 767 2431 μεν
793 2384 863 2432 γὰρ
889 2387 963 2421 τῶν
991 2385 1306 2443 Διθυράμβων
1334 2401 1446 2433 ομοια
1471 2393 1549 2429 τοῖς
1574 2385 1715 2424 ἐπιδει-

193 2436 348 2473 κτικοῖς
376 2436 410 2467 Δ
417 2446 463 2467 ια
484 2435 558 2468 κτλ
582 2453 624 2458 -
645 2434 731 2491 εἴτε,
757 2433 810 2468 Zb
830 2435 911 2477 εὔει,
936 2433 990 2469 Ac
1011 2435 1101 2470 εἶτα.
1122 2455 1169 2460 -
1189 2435 1318 2491 σκῦλα,
1343 2437 1398 2471 Ac
1417 2433 1564 2472 σκύλλα.
1591 2435 1714 2472 Schol.

194 2480 372 2538 (Spengel
397 2480 430 2514 II
450 2483 533 2536 427)
559 2478 640 2515 οἷον
666 2475 788 2538 ἦλθον
815 2482 869 2522 εἴς
893 2493 933 2516 σε
959 2478 1023 2516 διὰ
1050 2479 1091 2517 σὲ
1117 2481 1181 2517 καὶ
1206 2480 1252 2517 τὰ
1277 2480 1343 2518 τεά
1370 2482 1435 2518 καὶ
1465 2480 1511 2518 τὰ
1534 2480 1585 2518 σά
1610 2483 1688 2528 δωρ
1690 2496 1716 2518 α

193 2527 258 2562 καὶ
284 2525 562 2573 ευεργετήματα
593 2527 658 2563 καὶ
691 2525 738 2563 τὰ
763 2529 880 2564 σκῦλα
906 2543 934 2564 ω
960 2527 1030 2564 θεὲ
1052 2526 1227 2574 Διόνυσε,
1252 2541 1346 2574 quae
1366 2530 1514 2566 videtur
1530 2529 1716 2576 interpres

194 2586 260 2610 suo
286 2574 450 2620 periculo
476 2574 675 2621 addidisse,
699 2575 827 2620 itaque
852 2587 926 2611 non
945 2578 1003 2611 est
1021 2576 1082 2612 hic
1102 2577 1329 2612 abutendum
1348 2577 1396 2612 ad
1413 2577 1538 2612 locum
1554 2577 1715 2613 redinte-

194 2622 394 2666 grandnm,
426 2622 530 2657 velut
555 2619 661 2657 σκῦλ’
691 2621 857 2668 ἔμολον
884 2620 1094 2659 Διόνυσε.
1122 2645 1164 2650 -
1199 2623 1341 2660 Coniici
1366 2624 1600 2681 sIn'cymnii
1621 2635 1714 2667 esse,

195 2668 226 2703 si
259 2670 532 2714 comparaveris
566 2669 778 2706 Aristotelis
814 2669 994 2706 iudicium
1025 2670 1114 2706 ibid.
1145 2671 1198 2706 III
1225 2675 1285 2707 12:
1356 2669 1580 2714 αστάζονται
1609 2669 1652 2707 δὲ
1679 2668 1719 2706 οἵ

194 2712 486 2772 ἀναγνωστικοί,
517 2715 598 2752 οἷον
624 2714 845 2763 Χαιρήμων,
878 2714 1033 2764 ἀκριβὸς
1064 2715 1136 2764 γὰρ
1168 2730 1291 2764 ωσπερ
1318 2717 1357 2754 οἱ
1378 2716 1625 2764 λογογράφοι,
1651 2718 1715 2754 καὶ

194 2761 396 2808 Λικύμνιος
419 2764 494 2799 τῶν
519 2764 610 2799 ὃιθυ
614 2765 865 2819 ραμβοποιῶν.

289 2811 346 2845 Fr.
376 2814 454 2846 125.
504 2811 603 2847 ΡΙιιίι.
624 2812 669 2847 de
688 2812 808 2857 prim0
827 2809 1110 2870 frig.c.17:O
1134 2809 1205 2870 γὰρ
1231 2808 1361 2869 ἥλιος
1386 2809 1560 2858 ἀνίσχων,
1586 2825 1635 2853 ως
1659 2825 1714 2854 τις

197 2853 276 2890 εἶπε
297 2858 371 2892 τῶν
392 2859 600 2917 διθυραμ
609 2860 828 2915 βοποιων,
850 2857 992 2900 ευθύς
1011 2861 1085 2896 κτλ.
1107 2881 1149 2887 -
1171 2857 1396 2906 ἀεροβάταν,
1417 2859 1588 2896 Duebner
1607 2857 1716 2906 ἀερο-

196 2903 332 2948 βατᾶν,
360 2905 488 2940 malim
514 2872 725 2954 ἀεροβάτας
749 2907 810 2943 vel
835 2903 1064 2955 ἀεροβατῶν.
