<?xml version="1.0" encoding="UTF-8"?>
<!DOCTYPE html PUBLIC "-//W3C//DTD XHTML 1.0 Transitional//EN"
    "http://www.w3.org/TR/xhtml1/DTD/xhtml1-transitional.dtd">
<html xmlns="http://www.w3.org/1999/xhtml" xml:lang="en" lang="en">
 <head>
  <title>
</title>
<meta http-equiv="Content-Type" content="text/html;charset=utf-8" />
  <meta name='ocr-system' content='tesseract 3.04.00' />
  <meta name='ocr-capabilities' content='ocr_page ocr_carea ocr_par ocr_line ocrx_word'/>
</head>
<body>
  <div class='ocr_page' id='page_1' title='image "./poetaelyricigrae03berguoft_0560.png"; bbox 0 0 1864 3126; ppageno 0'>
   <div class='ocr_carea' id='block_1_1' title="bbox 211 130 1171 357">
    <p class='ocr_par' dir='ltr' id='par_1_1' title="bbox 211 130 1171 357">
     <span class='ocr_line' id='line_1_1' title="bbox 211 130 1171 177; baseline -0.009 0"><span class='ocrx_word' id='word_1_1' title='bbox 211 134 299 177; x_wconf 84' lang='lat'><strong><em>550</em></strong></span> <span class='ocrx_word' id='word_1_2' title='bbox 496 153 499 158; x_wconf 86' lang='lat'><em>·</em></span> <span class='ocrx_word' id='word_1_3' title='bbox 777 130 970 167; x_wconf 86' lang='lat' dir='ltr'>POETAE</span> <span class='ocrx_word' id='word_1_4' title='bbox 994 131 1171 168; x_wconf 86' lang='lat' dir='ltr'>MELICI.</span> 
     </span>
     <span class='ocr_line' id='line_1_2' title="bbox 937 241 1007 283; baseline 0 0"><span class='ocrx_word' id='word_1_5' title='bbox 937 241 1007 283; x_wconf 83' lang='lat'><strong><em>22.</em></strong></span> 
     </span>
     <span class='ocr_line' id='line_1_3' title="bbox 305 317 1002 357; baseline 0 -34"><span class='ocrx_word' id='word_1_6' title='bbox 305 325 353 356; x_wconf 59' lang='grc' dir='ltr'>ω</span> <span class='ocrx_word' id='word_1_7' title='bbox 375 339 400 356; x_wconf 61' lang='grc' dir='ltr'><strong>υ</strong></span> <span class='ocrx_word' id='word_1_8' title='bbox 423 351 448 356; x_wconf 69' lang='grc'>-</span> <span class='ocrx_word' id='word_1_9' title='bbox 470 338 496 356; x_wconf 57' lang='grc' dir='ltr'><strong><em>υ</em></strong></span> <span class='ocrx_word' id='word_1_10' title='bbox 518 351 542 356; x_wconf 67' lang='lat'><strong>—</strong></span> <span class='ocrx_word' id='word_1_11' title='bbox 565 338 590 356; x_wconf 62' lang='grc' dir='ltr'><strong><em>υ</em></strong></span> <span class='ocrx_word' id='word_1_12' title='bbox 614 351 636 356; x_wconf 65' lang='lat'><strong>—</strong></span> <span class='ocrx_word' id='word_1_13' title='bbox 659 338 684 357; x_wconf 67' lang='lat' dir='ltr'>o</span> <span class='ocrx_word' id='word_1_14' title='bbox 708 352 730 356; x_wconf 67' lang='grc'>-</span> <span class='ocrx_word' id='word_1_15' title='bbox 995 317 1002 323; x_wconf 87' lang='grc'><strong>.</strong></span> 
     </span>
    </p>
   </div>
   <div class='ocr_carea' id='block_1_2' title="bbox 312 402 1031 461">
    <p class='ocr_par' dir='ltr' id='par_1_2' title="bbox 312 402 1031 461">
     <span class='ocr_line' id='line_1_4' title="bbox 312 402 1031 461; baseline -0.001 -12"><span class='ocrx_word' id='word_1_16' title='bbox 312 404 370 449; x_wconf 91' lang='grc' dir='ltr'><strong><em>Τὸ</em></strong></span> <span class='ocrx_word' id='word_1_17' title='bbox 406 405 458 449; x_wconf 83' lang='grc' dir='ltr'><strong><em>δέ</em></strong></span> <span class='ocrx_word' id='word_1_18' title='bbox 485 421 550 457; x_wconf 86' lang='grc' dir='ltr'><strong><em>τις</em></strong></span> <span class='ocrx_word' id='word_1_19' title='bbox 582 403 753 461; x_wconf 81' lang='grc' dir='ltr'><strong><em>οὐμίων</em></strong></span> <span class='ocrx_word' id='word_1_20' title='bbox 785 402 1031 448; x_wconf 77' lang='grc' dir='ltr'><strong><em>ἀκουσάτω.</em></strong></span> 
     </span>
    </p>
   </div>
   <div class='ocr_carea' id='block_1_3' title="bbox 1691 0 1864 540">
    <p class='ocr_par' dir='ltr' id='par_1_3' title="bbox 1691 0 1864 540">
     <span class='ocr_line' id='line_1_5' title="bbox 1691 0 1864 540; baseline 0 2586"><span class='ocrx_word' id='word_1_21' title='bbox 1691 0 1864 540; x_wconf 95' lang='lat' dir='ltr'><strong><em> </em></strong></span> 
     </span>
    </p>
   </div>
   <div class='ocr_carea' id='block_1_4' title="bbox 299 525 1756 1347">
    <p class='ocr_par' dir='ltr' id='par_1_4' title="bbox 299 525 1756 1347">
     <span class='ocr_line' id='line_1_6' title="bbox 939 525 1007 567; baseline 0.015 -1"><span class='ocrx_word' id='word_1_22' title='bbox 939 525 1007 567; x_wconf 86' lang='grc'><strong><em>23.</em></strong></span> 
     </span>
     <span class='ocr_line' id='line_1_7' title="bbox 307 604 1438 668; baseline 0 -18"><span class='ocrx_word' id='word_1_23' title='bbox 307 606 474 650; x_wconf 80' lang='grc' dir='ltr'><em>Θέσπια</em></span> <span class='ocrx_word' id='word_1_24' title='bbox 504 605 837 668; x_wconf 80' lang='grc' dir='ltr'><strong><em>καλλιγένεθλε,</em></strong></span> <span class='ocrx_word' id='word_1_25' title='bbox 869 604 1095 662; x_wconf 80' lang='grc' dir='ltr'><strong><em>φιλόξενε,</em></strong></span> <span class='ocrx_word' id='word_1_26' title='bbox 1127 609 1438 663; x_wconf 85' lang='grc' dir='ltr'><strong><em>μουσοφίλητε.</em></strong></span> 
     </span>
     <span class='ocr_line' id='line_1_8' title="bbox 926 721 1756 768; baseline -0.001 0"><span class='ocrx_word' id='word_1_27' title='bbox 926 725 1027 768; x_wconf 77' lang='grc'><strong>*24.</strong></span> <span class='ocrx_word' id='word_1_28' title='bbox 1644 721 1756 768; x_wconf 80' lang='lat'>1212&#39;</span> 
     </span>
     <span class='ocr_line' id='line_1_9' title="bbox 313 804 799 864; baseline 0 -14"><span class='ocrx_word' id='word_1_29' title='bbox 313 811 352 850; x_wconf 91' lang='lat' dir='ltr'><em>T</em></span> <span class='ocrx_word' id='word_1_30' title='bbox 349 808 423 859; x_wconf 86' lang='grc' dir='ltr'><strong><em>εὖς</em></strong></span> <span class='ocrx_word' id='word_1_31' title='bbox 453 807 538 863; x_wconf 78' lang='grc' dir='ltr'><strong><em>γὰρ</em></strong></span> <span class='ocrx_word' id='word_1_32' title='bbox 572 804 595 850; x_wconf 84' lang='grc' dir='ltr'><em>ὅ</em></span> <span class='ocrx_word' id='word_1_33' title='bbox 626 809 799 864; x_wconf 79' lang='grc' dir='ltr'><strong><em>κλᾶρος.</em></strong></span> 
     </span>
     <span class='ocr_line' id='line_1_10' title="bbox 923 926 1027 969; baseline 0.01 -1"><span class='ocrx_word' id='word_1_34' title='bbox 923 926 1027 969; x_wconf 79' lang='lat'><strong>*25.</strong></span> 
     </span>
     <span class='ocr_line' id='line_1_11' title="bbox 299 994 648 1054; baseline -0.009 -13"><span class='ocrx_word' id='word_1_35' title='bbox 299 994 451 1054; x_wconf 61' lang='grc' dir='ltr'><strong><em>“Αμῶν</em></strong></span> <span class='ocrx_word' id='word_1_36' title='bbox 485 995 648 1052; x_wconf 78' lang='grc' dir='ltr'><strong><em>δόμων.</em></strong></span> 
     </span>
     <span class='ocr_line' id='line_1_12' title="bbox 923 1115 1026 1158; baseline 0 0"><span class='ocrx_word' id='word_1_37' title='bbox 923 1115 1026 1158; x_wconf 65' lang='grc'><strong><em>*26</em></strong></span> 
     </span>
     <span class='ocr_line' id='line_1_13' title="bbox 306 1183 755 1242; baseline -0.004 -13"><span class='ocrx_word' id='word_1_38' title='bbox 306 1183 511 1242; x_wconf 75' lang='grc' dir='ltr'><strong><em>Ἐσσοὲρχι</em></strong></span> <span class='ocrx_word' id='word_1_39' title='bbox 541 1184 755 1241; x_wconf 83' lang='grc' dir='ltr'><strong><em>πτολέμω.</em></strong></span> 
     </span>
     <span class='ocr_line' id='line_1_14' title="bbox 941 1303 1010 1347; baseline 0 0"><span class='ocrx_word' id='word_1_40' title='bbox 941 1303 1010 1347; x_wconf 83' lang='lat'><strong><em>27.</em></strong></span> 
     </span>
    </p>
   </div>
   <div class='ocr_carea' id='block_1_5' title="bbox 213 1384 1742 1576">
    <p class='ocr_par' dir='ltr' id='par_1_5' title="bbox 213 1384 1742 1576">
     <span class='ocr_line' id='line_1_15' title="bbox 331 1384 1742 1444; baseline 0.001 -15"><span class='ocrx_word' id='word_1_41' title='bbox 331 1391 476 1430; x_wconf 73' lang='lat' dir='ltr'>Athen.</span> <span class='ocrx_word' id='word_1_42' title='bbox 509 1391 567 1429; x_wconf 92' lang='lat' dir='ltr'><strong><em>IV</em></strong></span> <span class='ocrx_word' id='word_1_43' title='bbox 608 1392 690 1430; x_wconf 87' lang='grc'><strong><em>174</em></strong></span> <span class='ocrx_word' id='word_1_44' title='bbox 710 1391 763 1439; x_wconf 78' lang='lat' dir='ltr'><strong><em>F:</em></strong></span> <span class='ocrx_word' id='word_1_45' title='bbox 810 1386 972 1438; x_wconf 80' lang='grc' dir='ltr'><strong><em>Τούτοις</em></strong></span> <span class='ocrx_word' id='word_1_46' title='bbox 1017 1386 1276 1444; x_wconf 79' lang='grc' dir='ltr'><strong><em>(γιγγραΐνοις</em></strong></span> <span class='ocrx_word' id='word_1_47' title='bbox 1315 1384 1469 1444; x_wconf 75' lang='grc' dir='ltr'><strong><em>αὐλοῖς)</em></strong></span> <span class='ocrx_word' id='word_1_48' title='bbox 1510 1388 1554 1430; x_wconf 81' lang='grc' dir='ltr'><strong><em>δὲ</em></strong></span> <span class='ocrx_word' id='word_1_49' title='bbox 1593 1389 1658 1430; x_wconf 79' lang='grc' dir='ltr'><strong><em>καὶ</em></strong></span> <span class='ocrx_word' id='word_1_50' title='bbox 1701 1391 1742 1432; x_wconf 82' lang='grc' dir='ltr'><strong><em>οἱ</em></strong></span> 
     </span>
     <span class='ocr_line' id='line_1_16' title="bbox 213 1450 1739 1509; baseline -0.001 -13"><span class='ocrx_word' id='word_1_51' title='bbox 213 1458 346 1509; x_wconf 77' lang='grc' dir='ltr'><strong><em>Κᾶρες</em></strong></span> <span class='ocrx_word' id='word_1_52' title='bbox 376 1457 543 1508; x_wconf 82' lang='grc' dir='ltr'><strong><em>χρῶνται</em></strong></span> <span class='ocrx_word' id='word_1_53' title='bbox 574 1454 617 1495; x_wconf 79' lang='grc' dir='ltr'><strong><em>ἐν</em></strong></span> <span class='ocrx_word' id='word_1_54' title='bbox 648 1459 728 1503; x_wconf 85' lang='grc' dir='ltr'><strong><em>τοῖς</em></strong></span> <span class='ocrx_word' id='word_1_55' title='bbox 757 1451 946 1507; x_wconf 83' lang='grc' dir='ltr'><strong><em>θρήνοις,</em></strong></span> <span class='ocrx_word' id='word_1_56' title='bbox 983 1455 1018 1495; x_wconf 86' lang='grc' dir='ltr'><strong><em>εἰ</em></strong></span> <span class='ocrx_word' id='word_1_57' title='bbox 1053 1451 1104 1508; x_wconf 79' lang='grc' dir='ltr'><strong><em>μὴ</em></strong></span> <span class='ocrx_word' id='word_1_58' title='bbox 1144 1453 1221 1508; x_wconf 71' lang='grc' dir='ltr'><strong><em>ἄρα</em></strong></span> <span class='ocrx_word' id='word_1_59' title='bbox 1257 1454 1322 1495; x_wconf 85' lang='grc' dir='ltr'><strong><em>καὶ</em></strong></span> <span class='ocrx_word' id='word_1_60' title='bbox 1352 1450 1377 1507; x_wconf 75' lang='grc' dir='ltr'>ἡ</span> <span class='ocrx_word' id='word_1_61' title='bbox 1408 1455 1540 1506; x_wconf 83' lang='grc' dir='ltr'><strong><em>Καρία</em></strong></span> <span class='ocrx_word' id='word_1_62' title='bbox 1571 1455 1739 1508; x_wconf 82' lang='grc' dir='ltr'><strong><em>Φοινίκη</em></strong></span> 
     </span>
     <span class='ocr_line' id='line_1_17' title="bbox 217 1515 1490 1576; baseline -0.001 -15"><span class='ocrx_word' id='word_1_63' title='bbox 217 1520 401 1571; x_wconf 80' lang='grc' dir='ltr'><strong><em>ἐκαλεῖτο,</em></strong></span> <span class='ocrx_word' id='word_1_64' title='bbox 434 1516 486 1568; x_wconf 79' lang='grc' dir='ltr'><strong><em>ὥς</em></strong></span> <span class='ocrx_word' id='word_1_65' title='bbox 517 1515 624 1572; x_wconf 84' lang='grc' dir='ltr'><strong><em>παρὰ</em></strong></span> <span class='ocrx_word' id='word_1_66' title='bbox 655 1520 834 1574; x_wconf 81' lang='grc' dir='ltr'><strong><em>Κορίννῃ</em></strong></span> <span class='ocrx_word' id='word_1_67' title='bbox 865 1519 931 1559; x_wconf 86' lang='grc' dir='ltr'><strong><em>καὶ</em></strong></span> <span class='ocrx_word' id='word_1_68' title='bbox 961 1521 1186 1576; x_wconf 78' lang='grc' dir='ltr'><strong><em>Βακχυλίδῃ</em></strong></span> <span class='ocrx_word' id='word_1_69' title='bbox 1218 1519 1320 1562; x_wconf 84' lang='grc' dir='ltr'><strong><em>ἐστὶν</em></strong></span> <span class='ocrx_word' id='word_1_70' title='bbox 1351 1516 1490 1571; x_wconf 79' lang='grc' dir='ltr'><strong><em>εὑρεῖν.</em></strong></span> 
     </span>
    </p>
   </div>
   <div class='ocr_carea' id='block_1_6' title="bbox 332 1649 1739 1787">
    <p class='ocr_par' dir='ltr' id='par_1_6' title="bbox 332 1649 1739 1787">
     <span class='ocr_line' id='line_1_18' title="bbox 945 1649 1013 1691; baseline 0.015 -1"><span class='ocrx_word' id='word_1_71' title='bbox 945 1649 1013 1691; x_wconf 83' lang='grc'><strong><em>28.</em></strong></span> 
     </span>
     <span class='ocr_line' id='line_1_19' title="bbox 332 1730 1739 1787; baseline 0.001 -14"><span class='ocrx_word' id='word_1_72' title='bbox 332 1735 502 1773; x_wconf 80' lang='lat' dir='ltr'>Pausan.</span> <span class='ocrx_word' id='word_1_73' title='bbox 534 1733 590 1773; x_wconf 92' lang='lat' dir='ltr'><strong><em>IX</em></strong></span> <span class='ocrx_word' id='word_1_74' title='bbox 617 1736 685 1778; x_wconf 87' lang='lat'><strong><em>20,</em></strong></span> <span class='ocrx_word' id='word_1_75' title='bbox 713 1736 755 1772; x_wconf 84' lang='lat'><strong><em>2:</em></strong></span> <span class='ocrx_word' id='word_1_76' title='bbox 791 1736 1030 1787; x_wconf 80' lang='grc' dir='ltr'><strong><em>Ταναγραῖοι</em></strong></span> <span class='ocrx_word' id='word_1_77' title='bbox 1061 1730 1096 1773; x_wconf 81' lang='grc' dir='ltr'><strong><em>δ’</em></strong></span> <span class='ocrx_word' id='word_1_78' title='bbox 1133 1730 1308 1786; x_wconf 84' lang='grc' dir='ltr'><strong><em>οἰκιστήν</em></strong></span> <span class='ocrx_word' id='word_1_79' title='bbox 1339 1746 1448 1785; x_wconf 85' lang='grc' dir='ltr'><strong><em>σφισι</em></strong></span> <span class='ocrx_word' id='word_1_80' title='bbox 1479 1734 1739 1787; x_wconf 79' lang='grc' dir='ltr'><strong><em>Ποίμανδρον</em></strong></span> 
     </span>
    </p>
   </div>
   <div class='ocr_carea' id='block_1_7' title="bbox 209 1880 1760 2918">
    <p class='ocr_par' dir='ltr' id='par_1_7' title="bbox 213 1880 1736 1976">
     <span class='ocr_line' id='line_1_20' title="bbox 213 1880 1736 1932; baseline 0.001 -14"><span class='ocrx_word' id='word_1_81' title='bbox 213 1880 262 1928; x_wconf 82' lang='grc' dir='ltr'><strong><em>ἣν</em></strong></span> <span class='ocrx_word' id='word_1_82' title='bbox 289 1883 482 1928; x_wconf 82' lang='grc' dir='ltr'><strong><em>Πίνδαρον</em></strong></span> <span class='ocrx_word' id='word_1_83' title='bbox 507 1880 646 1932; x_wconf 83' lang='grc' dir='ltr'><strong><em>ᾄσματι</em></strong></span> <span class='ocrx_word' id='word_1_84' title='bbox 671 1880 844 1928; x_wconf 79' lang='grc' dir='ltr'><strong><em>ἐνίκησεν</em></strong></span> <span class='ocrx_word' id='word_1_85' title='bbox 879 1881 920 1918; x_wconf 81' lang='grc' dir='ltr'><strong><em>ἐν</em></strong></span> <span class='ocrx_word' id='word_1_86' title='bbox 954 1880 1110 1931; x_wconf 76' lang='grc' dir='ltr'><strong><em>Θήβαις.</em></strong></span> <span class='ocrx_word' id='word_1_87' title='bbox 1148 1883 1212 1918; x_wconf 81' lang='lat' dir='ltr'><strong><em>sed</em></strong></span> <span class='ocrx_word' id='word_1_88' title='bbox 1236 1883 1330 1919; x_wconf 85' lang='lat' dir='ltr'>haec</span> <span class='ocrx_word' id='word_1_89' title='bbox 1363 1894 1407 1919; x_wconf 86' lang='lat' dir='ltr'><strong><em>ex</em></strong></span> <span class='ocrx_word' id='word_1_90' title='bbox 1432 1885 1736 1931; x_wconf 71' lang='lat' dir='ltr'>mystagogorum</span> 
     </span>
     <span class='ocr_line' id='line_1_21' title="bbox 217 1930 820 1976; baseline -0.003 -9"><span class='ocrx_word' id='word_1_91' title='bbox 217 1930 465 1976; x_wconf 80' lang='lat' dir='ltr'>explicatione</span> <span class='ocrx_word' id='word_1_92' title='bbox 491 1930 612 1975; x_wconf 71' lang='lat' dir='ltr'>petita</span> <span class='ocrx_word' id='word_1_93' title='bbox 636 1930 820 1965; x_wconf 77' lang='lat' dir='ltr'>videntur.</span> 
     </span>
    </p>

    <p class='ocr_par' dir='ltr' id='par_1_8' title="bbox 216 1974 1731 2069">
     <span class='ocr_line' id='line_1_22' title="bbox 306 1974 1731 2022; baseline 0.001 -10"><span class='ocrx_word' id='word_1_94' title='bbox 306 1978 363 2013; x_wconf 84' lang='lat' dir='ltr'><strong><em>Fr.</em></strong></span> <span class='ocrx_word' id='word_1_95' title='bbox 395 1981 450 2013; x_wconf 90' lang='lat'><strong><em>22.</em></strong></span> <span class='ocrx_word' id='word_1_96' title='bbox 501 1977 672 2022; x_wconf 89' lang='lat' dir='ltr'>Apollon.</span> <span class='ocrx_word' id='word_1_97' title='bbox 711 1977 756 2012; x_wconf 92' lang='lat' dir='ltr'><strong><em>de</em></strong></span> <span class='ocrx_word' id='word_1_98' title='bbox 794 1978 901 2013; x_wconf 87' lang='lat' dir='ltr'>Pron.</span> <span class='ocrx_word' id='word_1_99' title='bbox 933 1981 1000 2013; x_wconf 90' lang='lat'><strong><em>382</em></strong></span> <span class='ocrx_word' id='word_1_100' title='bbox 1017 1977 1061 2012; x_wconf 89' lang='lat' dir='ltr'><strong><em>B:</em></strong></span> <span class='ocrx_word' id='word_1_101' title='bbox 1102 1974 1304 2022; x_wconf 81' lang='grc' dir='ltr'><strong><em>Οὐμίων·</em></strong></span> <span class='ocrx_word' id='word_1_102' title='bbox 1343 1979 1516 2013; x_wconf 83' lang='grc' dir='ltr'><strong><em>Βοιωτοί·</em></strong></span> <span class='ocrx_word' id='word_1_103' title='bbox 1558 1975 1618 2014; x_wconf 90' lang='grc' dir='ltr'><strong><em>Τὸ</em></strong></span> <span class='ocrx_word' id='word_1_104' title='bbox 1656 1981 1731 2014; x_wconf 78' lang='grc' dir='ltr'><strong><em>κτλ.</em></strong></span> 
     </span>
     <span class='ocr_line' id='line_1_23' title="bbox 216 2023 771 2069; baseline -0.002 -9"><span class='ocrx_word' id='word_1_105' title='bbox 216 2023 437 2069; x_wconf 84' lang='grc' dir='ltr'><strong><em>Κόριννα.</em></strong></span> <span class='ocrx_word' id='word_1_106' title='bbox 482 2024 571 2060; x_wconf 82' lang='lat' dir='ltr'><strong><em>Cod.</em></strong></span> <span class='ocrx_word' id='word_1_107' title='bbox 598 2037 771 2069; x_wconf 89' lang='grc' dir='ltr'><strong><em>ουμειων.</em></strong></span> 
     </span>
    </p>

    <p class='ocr_par' dir='ltr' id='par_1_9' title="bbox 211 2068 1760 2356">
     <span class='ocr_line' id='line_1_24' title="bbox 305 2068 1733 2119; baseline 0.001 -13"><span class='ocrx_word' id='word_1_108' title='bbox 305 2072 362 2106; x_wconf 82' lang='lat' dir='ltr'><strong><em>Fr.</em></strong></span> <span class='ocrx_word' id='word_1_109' title='bbox 389 2075 444 2107; x_wconf 89' lang='lat'><strong><em>23.</em></strong></span> <span class='ocrx_word' id='word_1_110' title='bbox 490 2071 612 2107; x_wconf 87' lang='lat' dir='ltr'>Schol.</span> <span class='ocrx_word' id='word_1_111' title='bbox 633 2072 739 2107; x_wconf 89' lang='lat' dir='ltr'><strong><em>Hom.</em></strong></span> <span class='ocrx_word' id='word_1_112' title='bbox 758 2071 800 2107; x_wconf 90' lang='lat' dir='ltr'><strong><em>Il.</em></strong></span> <span class='ocrx_word' id='word_1_113' title='bbox 823 2073 844 2117; x_wconf 88' lang='grc' dir='ltr'><em>β</em></span> <span class='ocrx_word' id='word_1_114' title='bbox 863 2074 948 2107; x_wconf 80' lang='lat'>498:</span> <span class='ocrx_word' id='word_1_115' title='bbox 977 2069 1069 2107; x_wconf 83' lang='grc' dir='ltr'><strong><em>Οἷον</em></strong></span> <span class='ocrx_word' id='word_1_116' title='bbox 1095 2070 1159 2107; x_wconf 86' lang='grc' dir='ltr'><strong><em>καὶ</em></strong></span> <span class='ocrx_word' id='word_1_117' title='bbox 1177 2068 1280 2117; x_wconf 84' lang='grc' dir='ltr'><strong><em>παρὰ</em></strong></span> <span class='ocrx_word' id='word_1_118' title='bbox 1301 2073 1520 2119; x_wconf 83' lang='grc' dir='ltr'><strong><em>Κορίννῃ·</em></strong></span> <span class='ocrx_word' id='word_1_119' title='bbox 1550 2070 1733 2108; x_wconf 85' lang='grc' dir='ltr'><strong><em>Θέσπια</em></strong></span> 
     </span>
     <span class='ocr_line' id='line_1_25' title="bbox 216 2117 1730 2164; baseline 0.001 -10"><span class='ocrx_word' id='word_1_120' title='bbox 216 2122 291 2155; x_wconf 81' lang='grc' dir='ltr'><strong><em>κτλ.</em></strong></span> <span class='ocrx_word' id='word_1_121' title='bbox 340 2118 448 2154; x_wconf 84' lang='lat' dir='ltr'>Adde</span> <span class='ocrx_word' id='word_1_122' title='bbox 475 2117 593 2156; x_wconf 81' lang='lat' dir='ltr'><strong>Oram.</strong></span> <span class='ocrx_word' id='word_1_123' title='bbox 619 2120 678 2155; x_wconf 90' lang='lat' dir='ltr'><strong><em>An</em></strong></span> <span class='ocrx_word' id='word_1_124' title='bbox 714 2119 796 2155; x_wconf 87' lang='lat' dir='ltr'><strong>Par.</strong></span> <span class='ocrx_word' id='word_1_125' title='bbox 822 2118 873 2153; x_wconf 88' lang='lat'><strong><em>111</em></strong></span> <span class='ocrx_word' id='word_1_126' title='bbox 899 2122 979 2163; x_wconf 89' lang='lat'>351,</span> <span class='ocrx_word' id='word_1_127' title='bbox 1006 2122 1027 2154; x_wconf 89' lang='lat'>8</span> <span class='ocrx_word' id='word_1_128' title='bbox 1059 2120 1098 2154; x_wconf 73' lang='lat' dir='ltr'><strong><em>et</em></strong></span> <span class='ocrx_word' id='word_1_129' title='bbox 1125 2123 1202 2162; x_wconf 79' lang='lat'>137,</span> <span class='ocrx_word' id='word_1_130' title='bbox 1230 2123 1285 2154; x_wconf 90' lang='lat'><strong><em>10.</em></strong></span> <span class='ocrx_word' id='word_1_131' title='bbox 1335 2119 1530 2164; x_wconf 75' lang='lat' dir='ltr'>Matranga</span> <span class='ocrx_word' id='word_1_132' title='bbox 1553 2118 1622 2155; x_wconf 83' lang='lat' dir='ltr'><strong><em>An.</em></strong></span> <span class='ocrx_word' id='word_1_133' title='bbox 1649 2123 1730 2157; x_wconf 84' lang='lat'><strong>426.</strong></span> 
     </span>
     <span class='ocr_line' id='line_1_26' title="bbox 212 2148 1733 2212; baseline 0 -10"><span class='ocrx_word' id='word_1_134' title='bbox 212 2166 381 2212; x_wconf 74' lang='lat' dir='ltr'>Respicit</span> <span class='ocrx_word' id='word_1_135' title='bbox 405 2165 525 2202; x_wconf 72' lang='lat' dir='ltr'>Draco</span> <span class='ocrx_word' id='word_1_136' title='bbox 551 2170 596 2201; x_wconf 78' lang='lat'><strong><em>47</em></strong></span> <span class='ocrx_word' id='word_1_137' title='bbox 623 2148 816 2211; x_wconf 45' lang='lat' dir='ltr'><strong><em>etssbeph.</em></strong></span> <span class='ocrx_word' id='word_1_138' title='bbox 842 2165 927 2211; x_wconf 85' lang='lat' dir='ltr'><strong>Byz.</strong></span> <span class='ocrx_word' id='word_1_139' title='bbox 954 2179 989 2202; x_wconf 89' lang='lat' dir='ltr'><strong><em>v.</em></strong></span> <span class='ocrx_word' id='word_1_140' title='bbox 1017 2165 1199 2202; x_wconf 82' lang='grc' dir='ltr'><strong><em>Θέσπεια·</em></strong></span> <span class='ocrx_word' id='word_1_141' title='bbox 1234 2163 1420 2211; x_wconf 79' lang='grc' dir='ltr'><strong><em>γράφεται</em></strong></span> <span class='ocrx_word' id='word_1_142' title='bbox 1445 2164 1598 2202; x_wconf 79' lang='grc' dir='ltr'><strong><em>καὶ·διο“ι</em></strong></span> <span class='ocrx_word' id='word_1_143' title='bbox 1624 2168 1691 2203; x_wconf 82' lang='grc' dir='ltr'><strong><em>τοῦ</em></strong></span> <span class='ocrx_word' id='word_1_144' title='bbox 1717 2175 1733 2202; x_wconf 89' lang='grc' dir='ltr'><em>ῖ</em></span> 
     </span>
     <span class='ocr_line' id='line_1_27' title="bbox 211 2210 1734 2260; baseline 0.001 -11"><span class='ocrx_word' id='word_1_145' title='bbox 211 2214 276 2249; x_wconf 84' lang='grc' dir='ltr'><strong><em>καὶ</em></strong></span> <span class='ocrx_word' id='word_1_146' title='bbox 309 2210 571 2249; x_wconf 78' lang='grc' dir='ltr'><strong><em>ἐκτείνεται</em></strong></span> <span class='ocrx_word' id='word_1_147' title='bbox 602 2213 667 2249; x_wconf 83' lang='grc' dir='ltr'><strong><em>καὶ</em></strong></span> <span class='ocrx_word' id='word_1_148' title='bbox 698 2213 990 2248; x_wconf 64' lang='grc' dir='ltr'><strong><em>συστέλλεται</em></strong></span> <span class='ocrx_word' id='word_1_149' title='bbox 1019 2211 1123 2259; x_wconf 81' lang='grc' dir='ltr'><strong><em>παρὰ</em></strong></span> <span class='ocrx_word' id='word_1_150' title='bbox 1156 2214 1367 2260; x_wconf 83' lang='grc' dir='ltr'><strong><em>Κορίννῃ.</em></strong></span> <span class='ocrx_word' id='word_1_151' title='bbox 1413 2214 1478 2258; x_wconf 87' lang='lat' dir='ltr'><strong><em>qui</em></strong></span> <span class='ocrx_word' id='word_1_152' title='bbox 1509 2214 1579 2250; x_wconf 91' lang='lat' dir='ltr'><strong><em>hoc</em></strong></span> <span class='ocrx_word' id='word_1_153' title='bbox 1610 2214 1734 2250; x_wconf 80' lang='lat' dir='ltr'>dicere</span> 
     </span>
     <span class='ocr_line' id='line_1_28' title="bbox 211 2259 1732 2306; baseline 0 -9"><span class='ocrx_word' id='word_1_154' title='bbox 211 2261 369 2302; x_wconf 73' lang='lat' dir='ltr'>videtur,</span> <span class='ocrx_word' id='word_1_155' title='bbox 396 2260 594 2296; x_wconf 81' lang='lat' dir='ltr'>Corinnam</span> <span class='ocrx_word' id='word_1_156' title='bbox 619 2261 709 2296; x_wconf 87' lang='lat' dir='ltr'>alibi</span> <span class='ocrx_word' id='word_1_157' title='bbox 734 2260 846 2295; x_wconf 73' lang='lat' dir='ltr'>etiam</span> <span class='ocrx_word' id='word_1_158' title='bbox 867 2259 1074 2296; x_wconf 84' lang='grc' dir='ltr'><strong><em>Θέσπιαν</em></strong></span> <span class='ocrx_word' id='word_1_159' title='bbox 1094 2259 1221 2296; x_wconf 77' lang='lat' dir='ltr'>littera</span> <span class='ocrx_word' id='word_1_160' title='bbox 1239 2261 1364 2296; x_wconf 85' lang='lat' dir='ltr'>media</span> <span class='ocrx_word' id='word_1_161' title='bbox 1382 2261 1565 2306; x_wconf 77' lang='lat' dir='ltr'>producta</span> <span class='ocrx_word' id='word_1_162' title='bbox 1583 2261 1732 2298; x_wconf 81' lang='lat' dir='ltr'><strong><em>dixisse.</em></strong></span> 
     </span>
     <span class='ocr_line' id='line_1_29' title="bbox 213 2308 1760 2356; baseline 0 -12"><span class='ocrx_word' id='word_1_163' title='bbox 213 2308 267 2344; x_wconf 88' lang='lat' dir='ltr'><strong><em>Cf.</em></strong></span> <span class='ocrx_word' id='word_1_164' title='bbox 297 2309 411 2344; x_wconf 69' lang='lat' dir='ltr'>obiam</span> <span class='ocrx_word' id='word_1_165' title='bbox 437 2308 539 2343; x_wconf 71' lang='lat' dir='ltr'><strong>Eust.</strong></span> <span class='ocrx_word' id='word_1_166' title='bbox 568 2308 610 2344; x_wconf 91' lang='lat' dir='ltr'><strong><em>Il.</em></strong></span> <span class='ocrx_word' id='word_1_167' title='bbox 637 2312 717 2352; x_wconf 82' lang='lat'><strong><em>266,</em></strong></span> <span class='ocrx_word' id='word_1_168' title='bbox 745 2311 778 2344; x_wconf 84' lang='lat'><strong><em>5.</em></strong></span> <span class='ocrx_word' id='word_1_169' title='bbox 1756 2352 1760 2356; x_wconf 25' lang='grc' dir='ltr'><strong><em>Δ</em></strong></span> 
     </span>
    </p>

    <p class='ocr_par' dir='ltr' id='par_1_10' title="bbox 209 2354 1738 2918">
     <span class='ocr_line' id='line_1_30' title="bbox 305 2354 1735 2402; baseline 0.001 -12"><span class='ocrx_word' id='word_1_170' title='bbox 305 2356 363 2391; x_wconf 85' lang='lat' dir='ltr'><strong><em>Fr.</em></strong></span> <span class='ocrx_word' id='word_1_171' title='bbox 389 2358 445 2390; x_wconf 86' lang='lat'><strong><em>24.</em></strong></span> <span class='ocrx_word' id='word_1_172' title='bbox 472 2359 528 2390; x_wconf 87' lang='lat'><strong><em>25.</em></strong></span> <span class='ocrx_word' id='word_1_173' title='bbox 555 2359 599 2390; x_wconf 84' lang='lat'><strong><em>26</em></strong></span> <span class='ocrx_word' id='word_1_174' title='bbox 625 2356 724 2391; x_wconf 74' lang='lat' dir='ltr'>recte</span> <span class='ocrx_word' id='word_1_175' title='bbox 750 2354 930 2391; x_wconf 79' lang='lat' dir='ltr'>Corinnae</span> <span class='ocrx_word' id='word_1_176' title='bbox 954 2354 1087 2390; x_wconf 69' lang='lat' dir='ltr'>tribuit:</span> <span class='ocrx_word' id='word_1_177' title='bbox 1116 2354 1270 2392; x_wconf 79' lang='lat' dir='ltr'><strong><em>Ahrens.</em></strong></span> <span class='ocrx_word' id='word_1_178' title='bbox 1304 2375 1348 2381; x_wconf 81' lang='lat'><strong><em>--</em></strong></span> <span class='ocrx_word' id='word_1_179' title='bbox 1379 2356 1436 2391; x_wconf 77' lang='lat' dir='ltr'><strong><em>Fr.</em></strong></span> <span class='ocrx_word' id='word_1_180' title='bbox 1463 2359 1520 2392; x_wconf 84' lang='lat'><strong><em>24.</em></strong></span> <span class='ocrx_word' id='word_1_181' title='bbox 1555 2356 1735 2402; x_wconf 87' lang='lat' dir='ltr'>Apollon.</span> 
     </span>
     <span class='ocr_line' id='line_1_31' title="bbox 213 2399 1732 2448; baseline 0.001 -11"><span class='ocrx_word' id='word_1_182' title='bbox 213 2403 258 2437; x_wconf 85' lang='lat' dir='ltr'><strong><em>de</em></strong></span> <span class='ocrx_word' id='word_1_183' title='bbox 284 2402 392 2438; x_wconf 86' lang='lat' dir='ltr'>Pron.</span> <span class='ocrx_word' id='word_1_184' title='bbox 419 2404 546 2438; x_wconf 81' lang='lat' dir='ltr'><strong>356A:</strong></span> <span class='ocrx_word' id='word_1_185' title='bbox 576 2403 672 2443; x_wconf 82' lang='grc' dir='ltr'><strong><em>Τεῦς</em></strong></span> <span class='ocrx_word' id='word_1_186' title='bbox 699 2431 707 2438; x_wconf 90' lang='grc'><strong>.</strong></span> <span class='ocrx_word' id='word_1_187' title='bbox 729 2430 736 2437; x_wconf 95' lang='grc'><strong>.</strong></span> <span class='ocrx_word' id='word_1_188' title='bbox 757 2430 766 2438; x_wconf 90' lang='grc'><strong>.</strong></span> <span class='ocrx_word' id='word_1_189' title='bbox 794 2401 870 2438; x_wconf 78' lang='grc' dir='ltr'><strong><em>ἔστι</em></strong></span> <span class='ocrx_word' id='word_1_190' title='bbox 895 2401 938 2438; x_wconf 78' lang='grc' dir='ltr'><strong><em>δὲ</em></strong></span> <span class='ocrx_word' id='word_1_191' title='bbox 966 2401 1032 2437; x_wconf 82' lang='grc' dir='ltr'><strong><em>καὶ</em></strong></span> <span class='ocrx_word' id='word_1_192' title='bbox 1056 2399 1289 2438; x_wconf 84' lang='grc' dir='ltr'><strong><em>Βοιωτιακὸν</em></strong></span> <span class='ocrx_word' id='word_1_193' title='bbox 1315 2403 1428 2448; x_wconf 79' lang='grc' dir='ltr'><strong><em>δῆλον</em></strong></span> <span class='ocrx_word' id='word_1_194' title='bbox 1454 2400 1522 2444; x_wconf 77' lang='grc' dir='ltr'><strong><em>ὥς·</em></strong></span> <span class='ocrx_word' id='word_1_195' title='bbox 1547 2403 1634 2444; x_wconf 83' lang='grc' dir='ltr'><strong><em>τεῦς</em></strong></span> <span class='ocrx_word' id='word_1_196' title='bbox 1657 2406 1732 2439; x_wconf 69' lang='grc' dir='ltr'><strong><em>κτλ.</em></strong></span> 
     </span>
     <span class='ocr_line' id='line_1_32' title="bbox 210 2445 1738 2496; baseline 0.001 -12"><span class='ocrx_word' id='word_1_197' title='bbox 210 2445 231 2484; x_wconf 78' lang='grc' dir='ltr'><em>ὃ</em></span> <span class='ocrx_word' id='word_1_198' title='bbox 252 2448 514 2494; x_wconf 73' lang='grc' dir='ltr'><strong><em>περισπασθὲν</em></strong></span> <span class='ocrx_word' id='word_1_199' title='bbox 533 2446 602 2484; x_wconf 72' lang='grc' dir='ltr'><strong><em>τ’ν</em></strong></span> <span class='ocrx_word' id='word_1_200' title='bbox 621 2447 864 2494; x_wconf 85' lang='grc' dir='ltr'><strong><em>πρωτότυπον</em></strong></span> <span class='ocrx_word' id='word_1_201' title='bbox 884 2450 1070 2495; x_wconf 83' lang='grc' dir='ltr'><strong><em>σημαίνει.</em></strong></span> <span class='ocrx_word' id='word_1_202' title='bbox 1091 2471 1133 2476; x_wconf 93' lang='grc'>-</span> <span class='ocrx_word' id='word_1_203' title='bbox 1154 2449 1210 2484; x_wconf 81' lang='lat' dir='ltr'><strong><em>Fr.</em></strong></span> <span class='ocrx_word' id='word_1_204' title='bbox 1227 2453 1283 2485; x_wconf 88' lang='lat'><strong><em>25.</em></strong></span> <span class='ocrx_word' id='word_1_205' title='bbox 1310 2450 1410 2486; x_wconf 83' lang='lat' dir='ltr'>Idem</span> <span class='ocrx_word' id='word_1_206' title='bbox 1432 2453 1498 2486; x_wconf 82' lang='lat'><strong><em>381</em></strong></span> <span class='ocrx_word' id='word_1_207' title='bbox 1515 2450 1560 2486; x_wconf 85' lang='lat' dir='ltr'><strong><em>O:</em></strong></span> <span class='ocrx_word' id='word_1_208' title='bbox 1581 2447 1738 2496; x_wconf 83' lang='grc' dir='ltr'><strong><em>Ὁμοίως</em></strong></span> 
     </span>
     <span class='ocr_line' id='line_1_33' title="bbox 211 2493 1735 2543; baseline 0.002 -12"><span class='ocrx_word' id='word_1_209' title='bbox 211 2497 369 2534; x_wconf 82' lang='grc' dir='ltr'><strong><em>Βοιωτοὶ</em></strong></span> <span class='ocrx_word' id='word_1_210' title='bbox 389 2493 532 2542; x_wconf 77' lang='grc' dir='ltr'><strong><em>Ἀμίων,</em></strong></span> <span class='ocrx_word' id='word_1_211' title='bbox 578 2497 621 2532; x_wconf 85' lang='grc' dir='ltr'><strong><em>πὶ</em></strong></span> <span class='ocrx_word' id='word_1_212' title='bbox 646 2495 688 2532; x_wconf 73' lang='grc' dir='ltr'><strong><em>δὲ</em></strong></span> <span class='ocrx_word' id='word_1_213' title='bbox 714 2497 780 2541; x_wconf 86' lang='grc' dir='ltr'><strong><em>τῆς</em></strong></span> <span class='ocrx_word' id='word_1_214' title='bbox 804 2497 980 2542; x_wconf 77' lang='grc' dir='ltr'><strong><em>κτητικῆς</em></strong></span> <span class='ocrx_word' id='word_1_215' title='bbox 994 2493 1120 2542; x_wconf 77' lang='grc' dir='ltr'><strong><em>Ἆμῶν,</em></strong></span> <span class='ocrx_word' id='word_1_216' title='bbox 1146 2493 1263 2542; x_wconf 81' lang='grc' dir='ltr'><strong><em>οἱμῶν</em></strong></span> <span class='ocrx_word' id='word_1_217' title='bbox 1283 2495 1420 2543; x_wconf 80' lang='grc' dir='ltr'><strong><em>δόμων.</em></strong></span> <span class='ocrx_word' id='word_1_218' title='bbox 1440 2518 1487 2524; x_wconf 86' lang='lat'><em>-</em></span> <span class='ocrx_word' id='word_1_219' title='bbox 1513 2497 1570 2534; x_wconf 82' lang='lat' dir='ltr'><strong><em>Fr.</em></strong></span> <span class='ocrx_word' id='word_1_220' title='bbox 1591 2500 1647 2534; x_wconf 75' lang='lat'><strong><em>26:</em></strong></span> <span class='ocrx_word' id='word_1_221' title='bbox 1668 2499 1735 2534; x_wconf 87' lang='lat' dir='ltr'><strong><em>An.</em></strong></span> 
     </span>
     <span class='ocr_line' id='line_1_34' title="bbox 211 2540 1736 2591; baseline 0.001 -13"><span class='ocrx_word' id='word_1_222' title='bbox 211 2543 330 2581; x_wconf 78' lang='lat' dir='ltr'>Cram.</span> <span class='ocrx_word' id='word_1_223' title='bbox 359 2544 425 2580; x_wconf 76' lang='lat' dir='ltr'><strong><em>Ox·</em></strong></span> <span class='ocrx_word' id='word_1_224' title='bbox 452 2545 466 2578; x_wconf 95' lang='grc' dir='ltr'>Ι</span> <span class='ocrx_word' id='word_1_225' title='bbox 495 2548 573 2588; x_wconf 81' lang='grc'><strong>172,</strong></span> <span class='ocrx_word' id='word_1_226' title='bbox 601 2548 662 2579; x_wconf 81' lang='lat'><strong><em>14:</em></strong></span> <span class='ocrx_word' id='word_1_227' title='bbox 693 2545 950 2589; x_wconf 83' lang='grc' dir='ltr'><strong><em>Συνεμπίπτει</em></strong></span> <span class='ocrx_word' id='word_1_228' title='bbox 981 2542 1022 2579; x_wconf 78' lang='grc' dir='ltr'><strong><em>δὲ</em></strong></span> <span class='ocrx_word' id='word_1_229' title='bbox 1056 2540 1079 2589; x_wconf 81' lang='grc' dir='ltr'>ἡ</span> <span class='ocrx_word' id='word_1_230' title='bbox 1117 2541 1156 2584; x_wconf 81' lang='grc' dir='ltr'><strong><em>ἐς</em></strong></span> <span class='ocrx_word' id='word_1_231' title='bbox 1189 2542 1372 2590; x_wconf 78' lang='grc' dir='ltr'><strong><em>πρόθεσις</em></strong></span> <span class='ocrx_word' id='word_1_232' title='bbox 1402 2544 1467 2580; x_wconf 83' lang='grc' dir='ltr'><strong><em>καὶ</em></strong></span> <span class='ocrx_word' id='word_1_233' title='bbox 1498 2541 1589 2591; x_wconf 73' lang='grc' dir='ltr'><strong><em>ἄλλῃ</em></strong></span> <span class='ocrx_word' id='word_1_234' title='bbox 1622 2547 1736 2579; x_wconf 86' lang='grc' dir='ltr'><strong><em>Βοιω-</em></strong></span> 
     </span>
     <span class='ocr_line' id='line_1_35' title="bbox 209 2588 1733 2638; baseline 0 -12"><span class='ocrx_word' id='word_1_235' title='bbox 209 2592 320 2638; x_wconf 84' lang='grc' dir='ltr'><strong><em>τιακῇ</em></strong></span> <span class='ocrx_word' id='word_1_236' title='bbox 346 2590 529 2637; x_wconf 79' lang='grc' dir='ltr'><strong><em>προθέσει</em></strong></span> <span class='ocrx_word' id='word_1_237' title='bbox 546 2591 590 2638; x_wconf 84' lang='grc' dir='ltr'><strong><em>τῇ</em></strong></span> <span class='ocrx_word' id='word_1_238' title='bbox 612 2588 669 2637; x_wconf 79' lang='grc' dir='ltr'><strong><em>ἐξ,</em></strong></span> <span class='ocrx_word' id='word_1_239' title='bbox 696 2589 740 2632; x_wconf 80' lang='grc' dir='ltr'><strong><em>ἐς</em></strong></span> <span class='ocrx_word' id='word_1_240' title='bbox 759 2592 954 2627; x_wconf 79' lang='grc' dir='ltr'><strong><em>Μουσῶν</em></strong></span> <span class='ocrx_word' id='word_1_241' title='bbox 980 2588 1065 2626; x_wconf 77' lang='grc' dir='ltr'><strong><em>ἀντὶ</em></strong></span> <span class='ocrx_word' id='word_1_242' title='bbox 1084 2592 1151 2626; x_wconf 88' lang='grc' dir='ltr'><strong><em>τοῦ</em></strong></span> <span class='ocrx_word' id='word_1_243' title='bbox 1172 2588 1214 2627; x_wconf 80' lang='grc' dir='ltr'><strong><em>ἐκ</em></strong></span> <span class='ocrx_word' id='word_1_244' title='bbox 1234 2592 1420 2627; x_wconf 81' lang='grc' dir='ltr'><strong><em>Μουσῶν·</em></strong></span> <span class='ocrx_word' id='word_1_245' title='bbox 1441 2588 1490 2627; x_wconf 72' lang='grc' dir='ltr'><strong><em>ἂν</em></strong></span> <span class='ocrx_word' id='word_1_246' title='bbox 1509 2591 1552 2627; x_wconf 78' lang='grc' dir='ltr'><strong><em>δὲ</em></strong></span> <span class='ocrx_word' id='word_1_247' title='bbox 1573 2592 1733 2637; x_wconf 84' lang='grc' dir='ltr'><strong><em>φωνῆεν</em></strong></span> 
     </span>
     <span class='ocr_line' id='line_1_36' title="bbox 211 2635 1734 2692; baseline 0.001 -19"><span class='ocrx_word' id='word_1_248' title='bbox 211 2636 454 2684; x_wconf 82' lang='grc' dir='ltr'><strong><em>ἐπιφέρηται,</em></strong></span> <span class='ocrx_word' id='word_1_249' title='bbox 487 2636 549 2674; x_wconf 77' lang='grc' dir='ltr'><strong><em>διὰ</em></strong></span> <span class='ocrx_word' id='word_1_250' title='bbox 582 2635 652 2674; x_wconf 78' lang='grc' dir='ltr'><strong><em>δύο</em></strong></span> <span class='ocrx_word' id='word_1_251' title='bbox 677 2650 737 2674; x_wconf 90' lang='grc' dir='ltr'><strong><em>σσ·</em></strong></span> <span class='ocrx_word' id='word_1_252' title='bbox 771 2635 860 2674; x_wconf 80' lang='grc' dir='ltr'><strong><em>ἐ’σσ’</em></strong></span> <span class='ocrx_word' id='word_1_253' title='bbox 891 2635 1246 2684; x_wconf 79' lang='grc' dir='ltr'><strong><em>Ἀρχιπτολέμου.</em></strong></span> <span class='ocrx_word' id='word_1_254' title='bbox 1298 2638 1444 2674; x_wconf 80' lang='lat' dir='ltr'>Similia</span> <span class='ocrx_word' id='word_1_255' title='bbox 1483 2639 1657 2692; x_wconf 72' lang='lat' dir='ltr'>leguntur</span> <span class='ocrx_word' id='word_1_256' title='bbox 1683 2639 1734 2674; x_wconf 92' lang='lat' dir='ltr'>ib.</span> 
     </span>
     <span class='ocr_line' id='line_1_37' title="bbox 211 2683 1733 2731; baseline 0 -11"><span class='ocrx_word' id='word_1_257' title='bbox 211 2689 290 2729; x_wconf 89' lang='grc'>160,</span> <span class='ocrx_word' id='word_1_258' title='bbox 319 2690 376 2730; x_wconf 86' lang='grc'><strong><em>19,</em></strong></span> <span class='ocrx_word' id='word_1_259' title='bbox 405 2685 471 2721; x_wconf 90' lang='lat' dir='ltr'><strong><em>ubi</em></strong></span> <span class='ocrx_word' id='word_1_260' title='bbox 503 2684 679 2731; x_wconf 82' lang='grc' dir='ltr'><strong><em>ἔσσαρχος</em></strong></span> <span class='ocrx_word' id='word_1_261' title='bbox 709 2683 877 2731; x_wconf 86' lang='grc' dir='ltr'><strong><em>ποταμός</em></strong></span> <span class='ocrx_word' id='word_1_262' title='bbox 909 2685 1019 2731; x_wconf 84' lang='lat' dir='ltr'>(unde</span> <span class='ocrx_word' id='word_1_263' title='bbox 1050 2685 1206 2722; x_wconf 78' lang='lat' dir='ltr'><strong><em>fortasse</em></strong></span> <span class='ocrx_word' id='word_1_264' title='bbox 1237 2685 1372 2731; x_wconf 80' lang='lat' dir='ltr'>aliquis</span> <span class='ocrx_word' id='word_1_265' title='bbox 1398 2684 1574 2721; x_wconf 74' lang='lat' dir='ltr'>coniiciat</span> <span class='ocrx_word' id='word_1_266' title='bbox 1600 2683 1733 2731; x_wconf 79' lang='grc' dir='ltr'><strong><em>ἔσσαρ-</em></strong></span> 
     </span>
     <span class='ocr_line' id='line_1_38' title="bbox 210 2729 1730 2778; baseline 0.001 -11"><span class='ocrx_word' id='word_1_267' title='bbox 210 2729 273 2776; x_wconf 83' lang='grc' dir='ltr'><strong><em>χός</em></strong></span> <span class='ocrx_word' id='word_1_268' title='bbox 298 2730 385 2768; x_wconf 82' lang='grc' dir='ltr'><strong><em>ποτ’</em></strong></span> <span class='ocrx_word' id='word_1_269' title='bbox 421 2730 534 2778; x_wconf 79' lang='grc' dir='ltr'><strong>ἐμός).</strong></span> <span class='ocrx_word' id='word_1_270' title='bbox 579 2732 749 2769; x_wconf 68' lang='lat' dir='ltr'>Correxit&gt;</span> <span class='ocrx_word' id='word_1_271' title='bbox 779 2732 941 2777; x_wconf 81' lang='lat' dir='ltr'>Ahrens,</span> <span class='ocrx_word' id='word_1_272' title='bbox 972 2732 1044 2768; x_wconf 86' lang='lat' dir='ltr'>nisi</span> <span class='ocrx_word' id='word_1_273' title='bbox 1075 2733 1174 2778; x_wconf 89' lang='lat' dir='ltr'>quod</span> <span class='ocrx_word' id='word_1_274' title='bbox 1199 2731 1346 2778; x_wconf 78' lang='grc' dir='ltr'><strong><em>πολέμω</em></strong></span> <span class='ocrx_word' id='word_1_275' title='bbox 1373 2731 1531 2778; x_wconf 72' lang='lat' dir='ltr'>scripsit.</span> <span class='ocrx_word' id='word_1_276' title='bbox 1581 2733 1636 2768; x_wconf 85' lang='lat' dir='ltr'><strong><em>Ex</em></strong></span> <span class='ocrx_word' id='word_1_277' title='bbox 1661 2731 1730 2768; x_wconf 86' lang='lat' dir='ltr'><strong><em>Oo-</em></strong></span> 
     </span>
     <span class='ocr_line' id='line_1_39' title="bbox 211 2777 1729 2826; baseline 0.002 -14"><span class='ocrx_word' id='word_1_278' title='bbox 211 2778 338 2815; x_wconf 65' lang='lat' dir='ltr'>rinnae</span> <span class='ocrx_word' id='word_1_279' title='bbox 365 2780 590 2816; x_wconf 81' lang='lat' dir='ltr'>carminibus</span> <span class='ocrx_word' id='word_1_280' title='bbox 616 2781 731 2816; x_wconf 71' lang='lat' dir='ltr'>etiam</span> <span class='ocrx_word' id='word_1_281' title='bbox 762 2779 864 2826; x_wconf 79' lang='lat' dir='ltr'>prius</span> <span class='ocrx_word' id='word_1_282' title='bbox 895 2780 1106 2825; x_wconf 83' lang='lat' dir='ltr'>exemplum</span> <span class='ocrx_word' id='word_1_283' title='bbox 1131 2777 1170 2821; x_wconf 75' lang='grc' dir='ltr'><strong><em>ἐς</em></strong></span> <span class='ocrx_word' id='word_1_284' title='bbox 1194 2780 1360 2816; x_wconf 80' lang='grc' dir='ltr'><strong><em>Μουσῶν</em></strong></span> <span class='ocrx_word' id='word_1_285' title='bbox 1393 2779 1597 2824; x_wconf 78' lang='lat' dir='ltr'>repetitum</span> <span class='ocrx_word' id='word_1_286' title='bbox 1627 2778 1729 2815; x_wconf 80' lang='lat' dir='ltr'>vide-</span> 
     </span>
     <span class='ocr_line' id='line_1_40' title="bbox 210 2823 1730 2908; baseline 0.002 -49"><span class='ocrx_word' id='word_1_287' title='bbox 210 2828 280 2869; x_wconf 81' lang='lat' dir='ltr'>tur,</span> <span class='ocrx_word' id='word_1_288' title='bbox 307 2827 372 2908; x_wconf 57' lang='lat' dir='ltr'><strong><em>ffd</em></strong></span> <span class='ocrx_word' id='word_1_289' title='bbox 396 2828 521 2863; x_wconf 71' lang='lat' dir='ltr'><strong>utrum</strong></span> <span class='ocrx_word' id='word_1_290' title='bbox 547 2826 586 2868; x_wconf 79' lang='grc' dir='ltr'><strong><em>ἐς</em></strong></span> <span class='ocrx_word' id='word_1_291' title='bbox 609 2828 754 2864; x_wconf 80' lang='grc' dir='ltr'><strong><em>Μωσᾶν</em></strong></span> <span class='ocrx_word' id='word_1_292' title='bbox 779 2839 827 2863; x_wconf 86' lang='lat' dir='ltr'><strong><em>an</em></strong></span> <span class='ocrx_word' id='word_1_293' title='bbox 852 2839 937 2864; x_wconf 84' lang='lat' dir='ltr'><strong><em>cum</em></strong></span> <span class='ocrx_word' id='word_1_294' title='bbox 960 2825 1142 2863; x_wconf 78' lang='lat' dir='ltr'>Ahrensio</span> <span class='ocrx_word' id='word_1_295' title='bbox 1168 2824 1207 2868; x_wconf 72' lang='grc' dir='ltr'><strong><em>ἐς</em></strong></span> <span class='ocrx_word' id='word_1_296' title='bbox 1231 2823 1405 2862; x_wconf 79' lang='grc' dir='ltr'><strong><em>Μωσάων</em></strong></span> <span class='ocrx_word' id='word_1_297' title='bbox 1425 2826 1476 2862; x_wconf 76' lang='lat' dir='ltr'>sit</span> <span class='ocrx_word' id='word_1_298' title='bbox 1494 2826 1730 2862; x_wconf 78' lang='lat' dir='ltr'>scribendum</span> 
     </span>
     <span class='ocr_line' id='line_1_41' title="bbox 210 2873 439 2918; baseline 0.013 -11"><span class='ocrx_word' id='word_1_299' title='bbox 210 2882 284 2909; x_wconf 83' lang='lat' dir='ltr'><strong><em>non</em></strong></span> <span class='ocrx_word' id='word_1_300' title='bbox 326 2873 439 2918; x_wconf 50' lang='lat' dir='ltr'>‘quen</span> 
     </span>
    </p>
   </div>
  </div>
 </body>
</html>
