1864 3126
177 147 263 188 234
517 184 519 188 ,
737 143 930 197 ΡΟΕΤᾼΕ
956 142 1135 179 MELICI.

175 259 381 308 flayellum.
443 258 587 296 Postea
628 256 818 295 fabellam
861 267 970 293 more
1014 267 1085 293 suo
1130 253 1336 293 adornavit
1379 252 1571 300 Babrius,
1619 250 1697 292 vid.

176 323 457 374 paraphrasin,
489 334 608 372 quam
641 334 688 360 ex
716 321 798 360 cod.
819 319 931 358 Bodl.
957 319 1082 358 edidit
1106 319 1251 358 Knoell
1270 317 1376 356 Diar.
1397 316 1540 367 Gymn.
1560 316 1698 356 Austr.

180 390 291 428 1876
324 402 361 437 p.
396 388 491 426 164.
529 408 584 413 —
624 385 736 432 Quod
766 384 960 434 Epiphan.
993 383 1080 423 adv.
1111 384 1273 422 Haeret.
1305 382 1451 432 XXXI,
1483 383 1509 420 4
1542 380 1699 420 Gnosti-

177 466 311 492 corum
344 454 566 491 commenta
597 451 803 501 exagitans
834 450 930 488 dicit
955 446 1078 499 φασὶν
1102 448 1143 488 οἱ
1163 446 1251 500 περὶ
1263 443 1450 487 τΗσίοόον
1473 443 1540 484 καὶ
1554 441 1700 496 Ὀρφέα

177 533 242 558 και
274 517 515 570 Στησίχορον
550 517 786 569 γεγενῆσθαι
820 509 1006 566 Οὐρανόν
1042 527 1080 552 τε
1117 511 1181 552 καὶ
1215 509 1435 564 Τάρταρον,
1473 505 1632 561 Κρόνον
1660 523 1700 550 τε

176 581 243 622 καὶ
273 577 404 632 Ῥέαν,
441 581 519 621 Δία
555 595 594 620 τε
630 578 696 620 καὶ
721 576 871 631 Ἥραν,
911 576 977 617 καὶ
1007 575 1252 655 Ἀπόλλωναξ
1289 568 1523 617 Ποσειδῶνα
1559 587 1599 614 τε
1634 572 1702 614 καὶ

127 682 132 687 .
178 644 397 688 Πλούτωνα
439 645 506 686 καὶ
549 645 714 698 μυρίους
755 639 895 684 λοιπὸν
937 639 1028 691 τοὺς
1066 639 1158 694 παρ’
1201 638 1333 689 αὐτοῖς
1373 637 1701 692 ὀνομαζομένους,

179 714 385 763 episcopus
412 712 616 751 doctrinae
641 710 901 751 ostentandae
921 722 1040 749 causa
1059 709 1232 749 Hesiodo
1253 708 1396 747 adiecit
1417 706 1698 755 Stesichorum,

179 778 511 829 quomadmodum
549 790 672 827 sup1a
710 775 987 815 Gnosticorum
1023 776 1072 814 de
1109 774 1277 824 triginssa
1314 771 1516 810 Aeonibus
1553 771 1702 850 placita

177 843 394 897 τραγῳδίας
425 844 559 890 vocat,
590 837 642 893 ἣν
666 837 736 880 ἐὰν
758 855 814 887 τις
838 840 1060 892 συγκρίνων
1089 841 1135 892 τῇ
1164 853 1271 889 παρα
1297 833 1468 889 Ἡσιόδῳ
1499 834 1566 875 καὶ
1595 838 1700 888 Στη-

180 904 321 962 σιχόρῳ
352 906 418 946 καὶ
446 910 526 954 τοῖς
551 903 682 954 ἅλλοις
707 907 885 956 ποιηταῖς
909 906 988 943 τῶν
1011 899 1212 955 Ἑλλήνων
1236 904 1483 954 παραθῆται,
1515 916 1622 954 ευροι
1648 916 1702 941 αν
1731 949 1735 952 .

178 973 222 1013 ἐκ
251 968 500 1024 παραλλήλου
530 987 577 1011 τα
608 967 707 1011 αὐτὰ
737 967 842 1010 όντα.
