1864 3126
237 112 323 154 638
511 122 514 126 ⁴
797 111 990 147 POETAE
1015 112 1194 150 MELICI.

232 219 455 275 Ἑρμίππου
488 223 704 274 corrigenti
736 223 944 263 assentior.
994 224 1070 263 Hic
1099 237 1228 274 paean
1257 226 1299 264 in
1324 225 1517 277 Antigoni
1548 228 1589 266 et
1619 226 1762 266 Deme·
1830 240 1834 245 ·

237 288 305 326 trii
325 289 514 327 honorem
532 289 693 328 videtur
712 289 893 328 conditus
916 301 1020 338 esse,
1048 303 1124 340 quo
1144 293 1322 340 tempore
1343 291 1571 330 Demetrius
1590 291 1765 341 primum
1828 302 1835 346 J

238 354 407 393 Athenis
440 357 705 394 commoratus
738 357 817 405 est,
848 356 923 394 hoc
954 358 1016 394 est
1041 353 1101 393 Ol.
1125 357 1220 405 118,
1241 357 1278 394 2.
1329 356 1420 394 Non
1445 357 1618 395 defuisse
1638 356 1762 396 Athe·

237 417 435 456 niensium
465 419 686 458 adulationi
716 419 1008 459 versificatores
1040 422 1258 469 certamen,
1291 421 1396 471 quod
1419 422 1616 465 memorat
1640 421 1767 460 Athe·

238 495 373 531 naeus,
407 484 551 534 arguit.
614 485 738 523 Extat
769 484 889 523 etiam
921 497 1024 523 nunc
1055 485 1231 524 eiusdem
1270 487 1414 526 aetatis
1451 488 1764 537 monumentum,
1820 484 1842 536 ζ’

237 548 379 586 incerti
416 551 558 598 poetae
596 549 903 599 ithyphallioum
940 563 1100 589 carmen
1136 550 1178 588 in
1214 551 1481 602 Demetrium,
1522 551 1601 592 vid.
1633 549 1763 591 Oarm.

237 614 378 664 Popul.
411 616 479 654 46.

355 750 403 788 In
434 751 527 790 edit.
560 754 583 789 2
619 751 950 790 Cleomachum
981 751 1022 789 in
1054 752 1231 790 ordinem
1262 764 1510 801 receperam,
1543 765 1660 802 quem
1680 742 1764 792 exi·
1824 764 1831 770 ·

237 818 448 857 stimabam
491 821 648 868 patrem
685 829 774 856 esse
813 817 1005 867 Gnesippi
1042 817 1163 867 illius,
1201 830 1319 868 quem
1356 817 1551 856 amatoria
1589 817 1765 856 carmina

237 883 503 932 composuisse
542 885 714 931 constat,
752 882 830 942 vid.
869 881 1088 922 Comment.
1126 883 1174 920 de
1215 882 1388 923 comoed.
1418 883 1503 922 Att.
1534 896 1572 932 p.
1605 884 1678 922 32:
1720 884 1764 922 at
1823 875 1838 882 ³

163 970 176 980 ·
236 948 350 986 illum
393 947 674 988 Oleomachum
716 948 828 998 poesi
873 960 1034 997 operam
1078 948 1232 986 dedisse
1275 947 1433 987 omnino
1476 960 1556 986 non
1597 949 1765 987 constat.

238 1011 515 1064 Cleomachus,
548 1027 665 1064 quem
691 1013 934 1063 Hephaestio
963 1026 1001 1062 p.
1029 1014 1082 1051 63
1109 1012 1223 1062 dicit,
1255 1012 1604 1062 Magnesius'fuit,
1637 1012 1763 1050 cinae·
1824 1005 1841 1049 f.

237 1077 421 1128 dologus‚
452 1079 493 1117 id
524 1079 629 1128 quod
661 1079 782 1118 schol.
813 1091 838 1117 a.
863 1077 1087 1117 Gaisfordio
1112 1078 1155 1116 in
1180 1077 1239 1117 ed.
1260 1079 1283 1115 2
1311 1078 1419 1116 foras
1445 1077 1563 1116 datus
1588 1076 1766 1116 ostendit
1837 1070 1852 1121 ᾗ,

239 1137 376 1194 (quem
408 1145 665 1182 scholiastam
697 1144 908 1193 descripsit
940 1143 1084 1181 Tricha
1113 1157 1151 1192 p.
1178 1137 1265 1194 34),
1297 1145 1525 1192 comparato
1557 1141 1764 1181 Strabonis
1834 1170 1854 1197 ζ

236 1208 321 1247 loco
353 1208 447 1246 XIV
481 1210 578 1247 648.
639 1208 774 1258 Atque
807 1209 928 1247 etiam
958 1220 1148 1247 numerus
1179 1207 1398 1246 ionicorum
1428 1220 1452 1246 a
1483 1207 1651 1258 maiore,
1685 1219 1764 1256 quo

238 1286 333 1312 usus
372 1275 434 1312 est
466 1273 742 1324 Cleomachus,
779 1275 896 1323 plane
934 1273 1133 1323 congruit:
1172 1272 1227 1311 sic
1265 1275 1400 1312 autem
1437 1272 1634 1311 scribendi
1671 1272 1766 1310 sunt

235 1339 298 1376 illi
328 1339 531 1378 versiculi:

738 1398 806 1445 Τίς
835 1394 908 1449 τήν
937 1393 1082 1449 ὑδρίην
1112 1397 1213 1448 ἱμῶν

730 1459 953 1514 Ἐψόφησ’;
986 1458 1061 1515 ἐγὼ
1091 1462 1231 1503 πίνων.

240 1547 306 1586 ubi
326 1547 632 1597 Hephaestionis
655 1547 749 1585 libri
767 1542 882 1598 ἡμῶν
900 1547 965 1586 vel
983 1541 1097 1597 ὑμῶν
1116 1545 1320 1583 exhibent:
1345 1543 1447 1594 ἱμῶν
1472 1545 1606 1582 autem
1630 1543 1762 1593 priore

236 1613 432 1661 producta
463 1612 629 1661 dictum,
661 1611 994 1661 quemadmodum
1025 1612 1067 1649 in
1097 1609 1323 1659 compositis
1349 1604 1496 1659 ἆνιμᾶν
1520 1610 1562 1646 et
1585 1609 1763 1659 καθιμᾶν
1838 1606 1839 1610 ’

235 1677 386 1726 passim
412 1676 475 1715 fit:
501 1677 672 1716 molosso
698 1676 804 1715 enim
829 1676 900 1715 hos
926 1689 1067 1716 versus
1086 1675 1296 1714 terminari
1313 1676 1487 1713 testatur
1507 1673 1762 1723 Hephaestio.

239 1741 427 1780 Ceterum
458 1742 562 1792 quod
594 1741 722 1782 Schol.
754 1742 972 1792 Hephaest.
1003 1756 1041 1791 p.
1075 1743 1129 1780 36
1162 1742 1278 1780 vocat
1308 1735 1572 1790 Κλεομᾶχειον
1611 1735 1763 1790 μέτρον,

235 1807 367 1856 potius
400 1803 685 1859 Καλλιμάχειον
723 1809 800 1856 est,
842 1808 977 1857 itaque
1007 1818 1111 1844 nunc
1144 1804 1329 1844 Gaisford
1367 1818 1415 1842 ex
1445 1804 1529 1843 cod.
1561 1802 1595 1842 G
1628 1801 1764 1842 edidit.

241 1894 292 1900 —
325 1872 385 1911 De
417 1872 720 1922 Damophyla
758 1872 890 1910 omnia
927 1872 1080 1910 incerta
1118 1871 1228 1917 sunt,
1266 1869 1509 1919 dubiumque
1549 1868 1642 1918 quid
1679 1868 1764 1907 veri

235 1938 331 1976 insit
361 1938 402 1975 in
432 1938 498 1988 iis,
525 1950 627 1987 quae
658 1937 848 1976 Philostr.
879 1951 915 1976 v.
948 1937 1078 1986 Apoll.
1104 1936 1124 1974 I
1151 1937 1206 1975 30
1237 1929 1333 1987 (37)
1364 1936 1518 1972 narrat:
1555 1931 1622 1972 καὶ
1652 1930 1763 1972 καλέ-

239 2013 308 2049 σας
338 1997 407 2041 τὸν
437 1998 583 2052 Δάμιν·
617 1998 718 2053 ἤρου
749 2016 813 2053 με,
845 2001 942 2053 ἔφη,
973 1997 1113 2053 πρώην
1144 1995 1166 2038 ὅ
1190 2014 1226 2038 τι
1250 1995 1375 2050 ὄνομα
1405 1992 1456 2049 ἦν
1481 2000 1526 2052 τῇ
1551 1993 1761 2052 Παμφύλῳ

238 2067 413 2119 γυναικί,
449 2062 474 2118 ἢ
508 2062 558 2118 δὴ
591 2069 763 2118 Σαπφοῖ
786 2082 825 2106 τε
855 2063 1036 2118 ὁμιλῆσαι
1073 2063 1217 2118 λέγεται
1253 2062 1319 2103 καὶ
1355 2060 1448 2110 τοὺς
1484 2060 1653 2114 ὕμνους,
1692 2058 1762 2110 οὓς

240 2131 280 2179 ἐς
309 2128 381 2183 τὴν
401 2129 583 2183 ’Ἀριεμιν
612 2128 685 2183 τὴν
703 2132 906 2185 Περγαίαν
936 2129 1097 2188 ᾄδουσι,
1129 2131 1335 2178 ξυνθεῖναι
1358 2125 1427 2168 τὸν
1445 2126 1622 2168 Αἰολέων
1640 2142 1678 2167 τε
1696 2126 1763 2166 καὶ

238 2193 474 2248 Παμφύλων
492 2193 654 2248 τρόπον·
673 2192 840 2248 ἠρόμην,
861 2195 952 2248 ἔφη,
970 2191 1012 2235 τὸ
1033 2194 1076 2236 δὲ
1089 2192 1214 2246 ὄνομα
1227 2188 1302 2234 οὐκ
1317 2189 1443 2241 εἶπας·
1464 2189 1550 2243 οὔκ,
1571 2185 1762 2245 ὦχρηστέ,

238 2259 369 2313 εἶπον,
395 2258 476 2302 ἀλλ’
506 2256 730 2314 ἐξηγούμην
749 2273 810 2301 σοι
829 2258 919 2309 τοὺς
938 2258 1085 2313 νόμους
1103 2262 1181 2300 τῶν
1199 2256 1337 2311 ὕμνων
1357 2257 1423 2298 καὶ
1440 2254 1486 2298 τὰ
1505 2253 1678 2310 ὀνόματα
1696 2256 1762 2297 καὶ
1839 2276 1842 2290 1

239 2325 319 2381 ’ὅπῃ
350 2325 395 2366 τὰ
428 2325 529 2380 (cod.
559 2327 649 2366 Par.
680 2322 776 2378 τῶν)
810 2325 988 2366 Αἰολέων
1019 2326 1073 2374 εἰς
1103 2322 1145 2365 τὸ
1178 2320 1392 2377 ἆκρότατόν
1421 2338 1459 2362 τε
1489 2322 1555 2362 καὶ
1583 2319 1626 2363 τὸ
1658 2323 1762 2363 ἴδιον
1826 2357 1831 2361 .

238 2389 475 2445 Παμφύλων
499 2388 736 2444 παρήλλαξε·
767 2387 865 2443 πρὸς
890 2388 991 2446 ἄλλῳ
1018 2387 1107 2443 μετὰ
1139 2392 1258 2430 ταῦτα
1289 2385 1505 2442 ἐγενόμεθα
1534 2386 1600 2427 καὶ
1632 2383 1758 2428 οὐκέτ’
1832 2395 1844 2430 ἶ7

237 2455 340 2510 ἤρου
366 2473 410 2509 με
436 2456 523 2509 περὶ
547 2460 616 2497 τοῦ
642 2453 848 2508 ὀνόματος·
875 2460 1044 2496 καλεῖται
1068 2455 1205 2495 τοίνυν
1230 2450 1254 2506 ἡ
1281 2449 1386 2505 σοφὴ
1407 2449 1504 2504 αὕτη
1525 2449 1760 2504 Δαμοφῦλη,
1831 2458 1843 2506 μ’

238 2522 304 2563 καὶ
335 2521 480 2575 λέγεται
509 2519 577 2562 τὸν
613 2523 812 2573 Σαπφοῦς
846 2518 993 2574 τρόπον
1029 2518 1258 2573 παρθένους
1293 2534 1332 2558 τε
1369 2514 1590 2570 ὃμιλητρίας
1618 2513 1760 2568 κτήσα-
1824 2567 1825 2570 ¹

240 2592 336 2627 σθαι
366 2584 563 2639 ποιήματά
593 2601 631 2626 τε
663 2587 870 2634 ξυνθεῖναι
893 2582 939 2625 τὰ
965 2583 1035 2637 μὲν
1066 2581 1247 2637 ἐρωτικά,
1277 2580 1324 2623 τὰ
1356 2581 1399 2622 δὲ
1429 2580 1596 2635 ὕμνους·
1627 2578 1675 2620 τά
1701 2597 1760 2622 τοι
1836 2579 1859 2635 ,χ’

239 2652 279 2701 ἐς
308 2649 380 2705 τὴν
399 2649 581 2705 ’Ἄρτεμιν
610 2651 675 2692 καὶ
706 2648 936 2706 παρῴδηται
966 2646 1064 2704 αὐτῇ
1094 2648 1159 2690 καὶ
1184 2645 1262 2689 ἆπὸ
1287 2650 1366 2688 τῶν
1389 2643 1607 2702 Σαπφῴων
1635 2639 1758 2701 ᾖσται.
1831 2672 1835 2674 ν

240 2718 349 2764 Quae
380 2719 428 2757 de
458 2718 683 2768 Pamphyla
720 2718 874 2767 poetria
911 2716 1095 2767 Sapphus
1132 2716 1259 2754 amica
1295 2709 1473 2766 (videtur
1508 2712 1760 2763 Δαμοφίλα
1837 2743 1842 2763 ,

238 2785 371 2833 potius
402 2796 520 2834 quam
540 2778 764 2833 Δαμοφύλα
789 2782 896 2820 dicta
921 2777 1026 2835 esse)
1047 2781 1317 2822 Philostratus
1334 2780 1483 2827 narrat,
1513 2777 1620 2815 haud
1640 2777 1758 2816 dubie
1826 2777 1842 2820 ,f

238 2849 381 2887 ficticia
412 2851 521 2898 sunt,
553 2861 600 2887 ex
625 2848 826 2897 Apollonii
857 2848 995 2897 opinor
1027 2846 1206 2896 epistolis
1241 2844 1458 2893 descripta:
1489 2843 1558 2881 sed
1589 2843 1757 2892 hymnos
1821 2838 1833 2874 „⁴
