1864 3126
746 86 1025 125 ANACREON.
1569 83 1657 127 289

125 203 224 256 psit:
255 202 295 245 τί
320 217 387 256 μοι
420 203 510 243 Τῶν
540 197 724 256 ἀγκύλων
753 197 878 250 τόξων
908 201 1014 253 φίλε,
1056 201 1106 241 Τί
1139 216 1204 253 μοι
1243 197 1287 241 δὲ
1324 199 1495 240 Σιντίων
1533 196 1656 251 μέλας
1685 210 1776 242 1040

125 267 344 320 Aliquanto
385 268 532 308 rectius
569 265 701 308 Cram.
731 264 809 307 An.
841 267 940 308 Par.v
962 267 1023 307 III
1062 269 1167 319 455,
1207 268 1279 307 29:
1319 264 1401 307 Καὶ
1436 259 1658 318 Ἀνακρέων

126 330 170 374 δὲ
201 327 254 382 ὥς
282 334 505 386 πολεμικῶν
535 329 740 385 μέμνηται·
771 332 809 373 τί
836 347 917 384 μοι,
948 331 1058 384 φησί,
1089 334 1168 372 τῶν
1192 328 1376 386 ἀγκύλων
1398 328 1524 381 τόξων
1548 335 1658 383 φιλο-

124 396 295 452 κιμέρων
324 396 390 439 καὶ
420 400 599 438 Σκυθῶν
629 395 766 451 μέλλει.
827 398 931 438 unde
959 397 1128 437 Cramer
1168 398 1339 438 Σιντίων
1376 399 1457 437 τῶν
1493 393 1657 451 ἀγκυλο-

123 459 250 513 τόξων
279 464 459 514 coniecit,
489 463 765 504 Schneidewin
793 464 831 504 τί
858 479 923 516 μοι
954 465 1033 504 τῶν
1063 459 1336 517 ἆγκυλοτόξων
1359 457 1409 504 Ὦ
1441 465 1530 516 φίλε
1562 466 1657 516 Κιμ-

124 529 270 582 μερίων
299 527 492 570 Σιντιέων
520 543 559 570 τε
589 526 704 581 μέλει.
765 530 895 570 Locus
926 532 1035 571 certo
1067 529 1215 584 corrigi
1246 530 1397 582 nequit,
1429 531 1525 570 olim
1558 530 1658 570 haec

124 596 331 648 proposui:

627 655 677 696 Τί
703 670 770 708 μοι
799 657 878 696 τῶν
907 651 1182 710 ἆγκυλοτόξων

338 718 515 761 Σιντέων
545 717 768 773 φυλόπιδος
797 722 1028 775 Κιμμερίων
1056 735 1095 761 τε
1126 718 1249 774 μέλει;

126 805 197 845 sed
228 805 398 845 fortasse
429 806 627 856 praestat:
663 804 713 844 Τί
740 819 807 857 μοι
838 803 1014 846 Σιντέων
1042 807 1121 845 τῶν
1152 799 1426 858 ἆγκυλοτόξων
1457 802 1538 843 Καὶ
1568 804 1658 855 φίλε

124 871 352 925 Κιμμερίων
375 869 442 911 καὶ
459 868 658 911 Σκυθέων
677 869 851 923 μελέτης;
877 869 1212 922 quemadmodum
1230 870 1368 920 Eurip.
1392 870 1549 920 Hippol.
1571 872 1654 909 221

123 936 162 976 τί
199 935 445 990 κυνηγεσίων
486 934 554 976 καὶ
597 934 658 976 σοὶ
702 934 879 988 μελέτης;
924 937 1030 987 quod
1067 936 1267 976 Homerus
1306 936 1354 976 ΙΙ.
1385 951 1416 986 φ
1450 937 1536 975 360
1570 936 1657 974 bre-

121 1002 226 1042 viter
257 1002 358 1042 dixit
387 1001 425 1041 τί
452 1016 519 1054 μοι
549 1000 679 1054 ἔριδος
708 1000 776 1041 καὶ
806 997 977 1056 ἀρωγῆς,
1010 1001 1058 1041 de
1090 1014 1170 1053 qua
1200 1001 1466 1052 brachylogia
1498 1002 1659 1052 scripsit

125 1067 362 1119 Bernhardy
393 1067 566 1119 Paralip.
599 1068 639 1107 II
673 1070 740 1108 67.

776 1172 872 1215 131.
906 1172 1012 1226 [13.]

240 1258 370 1299 SchoL
402 1259 519 1301 Hom.
557 1260 605 1300 Il.
635 1275 656 1300 τ
687 1261 762 1300 21:
798 1254 868 1299 Ἐν
904 1256 1029 1314 ἐαυτῷ
1065 1273 1101 1297 τι
1142 1259 1303 1311 πρᾶγμα
1341 1254 1414 1311 τὴν
1453 1253 1659 1312 ὑποβολὴν

119 1321 226 1376 ἔχον,
255 1319 457 1377 ὑπεροχὴν
494 1321 793 1378 (Schneidewin
829 1324 892 1364 bis
929 1319 1156 1376 ὑπερβολὴν
1192 1320 1382 1378 requirit)
1422 1320 1497 1364 οὐκ
1533 1322 1658 1364 ἐπιδέ-

120 1402 226 1440 χεται
255 1390 430 1441 μείζονα·
461 1389 528 1430 καὶ
554 1386 794 1442 Ἀνακρέων·
831 1385 1035 1442 κ’ωμοὶζει
1067 1387 1137 1440 δέ,
1176 1384 1236 1437 ὧς
1273 1390 1361 1442 δεῖ,
1399 1386 1659 1440 Διόνυσος,

120 1448 243 1494 αὐτὸν
273 1450 379 1510 αὐτῷ
411 1456 633 1508 συγκρίνας.
697 1455 974 1495 Schneidewin
1010 1450 1063 1503 ὦς
1103 1450 1155 1494 ἃν
1192 1451 1242 1507 δὴ
1282 1457 1379 1496 coni.
1412 1457 1477 1496 vel
1516 1451 1570 1503 ὦς
1607 1450 1660 1495 ἂν

121 1518 165 1559 εἰ.
215 1519 422 1571 Hartung:
454 1517 607 1573 κώμαζε
632 1516 670 1560 δ’
706 1517 816 1570 ὅπως
842 1521 908 1561 δεῖ
925 1515 1139 1560 Διόνυσον.
1191 1520 1454 1561 Scribendum
1480 1522 1658 1562 videtur:

664 1633 674 1644 .
704 1634 715 1646 .
745 1595 918 1657 κωῇἅσει
949 1599 1005 1654 δ’,

622 1664 675 1718 ὥς
705 1664 758 1710 ἂν
789 1669 839 1722 δῇ
870 1665 1081 1718 Διόνυσος.

756 1774 852 1818 132.
887 1774 1024 1828 [145.]

241 1859 444 1912 Mythogr.
476 1860 568 1900 Vat.
600 1860 664 1899 III
696 1861 723 1900 4
755 1855 962 1913 (Fulgent.
995 1861 1122 1912 Myth.
1149 1861 1169 1900 Ῑ
1202 1857 1296 1917 25):
1328 1864 1508 1915 „Iupiter
1540 1864 1658 1915 enim,

123 1928 178 1966 ut·
199 1926 411 1966 Anacreon
442 1926 744 1977 antiquissimus
783 1927 992 1966 auctorum
1029 1927 1185 1979 scribit,
1222 1941 1292 1969 rex
1331 1930 1466 1970 extitit
1503 1929 1658 1982 Cretae,

121 1993 191 2044 qui
221 1992 316 2032 dum
347 1993 539 2033 adversus
566 1993 746 2038 Titanas,
778 1993 820 2031 id
850 1994 913 2032 est
938 1992 1074 2032 Titani
1104 1992 1219 2044 filios,
1246 1995 1315 2046 qui
1339 1995 1468 2035 frater
1493 1996 1659 2035 Saturni

122 2059 265 2111 fuerat,
284 2058 437 2098 bellum
455 2058 710 2110 suscepisset,
736 2059 778 2097 et
803 2057 1042 2098 sacrificium
1062 2057 1182 2099 Coelo
1208 2059 1382 2112 fecisset,
1401 2062 1443 2102 in
1467 2062 1658 2103 victoriae

122 2124 345 2175 auspicium
382 2124 541 2175 aquilae
583 2124 661 2164 sibi
703 2124 842 2164 adesse
885 2135 1120 2175 prosperum
1163 2125 1266 2165 vidit
1308 2128 1504 2177 volatum,
1547 2128 1658 2168 cuius

123 2201 212 2228 cum
242 2189 405 2230 vicisset
435 2190 625 2241 augurio,
655 2189 698 2229 in
729 2190 854 2242 signis
890 2189 1046 2229 bellicis
1084 2191 1163 2230 sibi
1200 2204 1363 2232 auream
1400 2193 1529 2233 fecit.“
1591 2193 1659 2231 Vi-

123 2255 269 2294 dentur
312 2255 412 2294 haec
455 2267 503 2294 ex
546 2254 806 2296 Anacreontis
848 2257 1015 2295 iunioris
1057 2256 1339 2298 Phaenomenis
1381 2259 1510 2310 petita
1553 2271 1658 2309 esse;

123 2319 166 2359 C.
198 2319 263 2359 Fr.
302 2319 508 2358 Hermann
542 2320 663 2359 medii
701 2321 790 2361 aevi
828 2320 1082 2373 scriptorem,
1120 2323 1190 2372 qui
1229 2322 1412 2364 Creontis
1451 2325 1515 2363 vel
1554 2324 1659 2363 Ana-

122 2386 294 2425 creontis
324 2398 470 2424 nomen
500 2387 709 2426 mutuatus
740 2386 790 2425 de
820 2389 967 2426 natura
997 2386 1162 2427 deorum
1195 2388 1411 2439 scripserit,
1445 2389 1520 2427 sibi
1551 2387 1657 2428 vide-

122 2452 190 2490 tur
220 2450 283 2490 hic
314 2450 625 2502 deprehendere,
656 2450 735 2491 vid.
766 2450 912 2492 Philol.
943 2450 980 2490 X
1011 2453 1110 2491 323.

849 2566 945 2609 133.

245 2652 376 2693 Schol.
413 2653 509 2692 Hor.
550 2652 679 2692 Carm.
715 2653 773 2691 IV
811 2654 856 2703 9,
887 2655 942 2693 -9ι
985 2652 1218 2702 „Anacreon
1262 2657 1441 2705 satyram
1486 2654 1657 2706 scripsit,

124 2718 274 2758 amicus
305 2719 515 2770 Lysandri.
564 2719 645 2758 Alii
680 2719 827 2770 dicunt,
859 2719 963 2770 quod
996 2719 1157 2769 scripsit
1188 2719 1326 2759 Circen
1359 2723 1400 2759 et
1431 2720 1657 2771 Penelopen

125 2782 166 2822 in
208 2796 286 2823 uno
330 2782 595 2824 laborantes.“
657 2784 868 2824 Postrema
898 2798 945 2825 ex
977 2785 1074 2825 Hor.
1106 2785 1236 2827 Carm.
1268 2786 1288 2824 Ι
1323 2789 1396 2831 17,
1432 2788 1485 2826 18
1530 2788 1658 2837 petita

125 2850 236 2888 sunt:
275 2852 308 2888 et
343 2851 421 2898 fide
453 2850 548 2889 Teia
579 2851 695 2890 Dices
731 2851 948 2891 laborantes
983 2853 1027 2890 in
1062 2863 1153 2890 unor
1176 2852 1388 2901 Penelopen
1424 2855 1658 2903 vitreamque

196 2921 219 2946 Ρ
220 2927 326 2947 ιιιιι
345 2922 424 2948 Insa.
459 2922 517 2948 111.
1329 2922 1370 2954 19
