1864 3126
180 165 265 207 740
281 186 286 195 ·
553 134 555 138 Ι
641 163 943 200 FRAGMENTA
970 164 1233 201 ADESPOTA.

392 274 510 327 μέγας
541 269 737 327 δυνάστης
768 278 939 327 Κροῖσος
968 271 993 327 ἢ
1025 273 1171 328 Ξέρξης
1201 272 1330 328 βαρύν

391 336 526 387 ζεύξας
556 336 760 391 θαλάσσης
790 336 921 392 αὐχέν’
950 336 1269 392 Ἑλλησποντίας;

391 402 558 452 ἅπαντες
589 400 708 444 ἆΐδαν
737 398 867 456 ἦλθον
897 403 963 444 καὶ
993 402 1122 453 λάθας
1154 402 1311 458 δόμους.

181 490 249 527 ubi
280 490 387 527 certe
418 483 582 526 ἅπαντ’
617 486 662 535 ἐς
692 483 813 543 ᾅὸαν
842 481 958 540 ἦλθε
990 485 1262 537 scribendum}
1293 489 1370 527 nisi
1400 490 1503 528 forte
1535 479 1702 539 quartus

183 567 321 593 versus
354 555 417 592 est
448 566 497 591 ex
528 554 652 603 lyrico
684 554 816 603 aliquo
855 554 1029 593 carmine
1066 555 1227 604 petitus.
1262 575 1315 580 -——
1350 554 1502 593 Versus
1540 554 1608 604 qui
1646 553 1702 592 le-

182 620 292 670 gitur
323 619 593 669 Paroemiogr.
625 619 669 657 Τ.
700 618 742 656 II
775 620 858 658 778
893 614 1091 672 (Apostol.
1122 619 1195 657 XX
1229 615 1322 672 19):

466 704 595 752 φιλεῖν
626 697 796 753 ἀκαίρως
827 701 913 741 ἴσον
945 699 1022 741 ἐστὶ
1051 704 1104 757 τῷ
1135 704 1271 753 μισεῖν,
1613 708 1704 740 1358

182 786 258 824 nisi
289 785 394 824 forte
425 797 520 824 casu
550 786 708 823 tantum
738 797 877 824 versus
905 785 1075 835 speciem
1100 785 1224 823 refert
1251 780 1330 836 (ap.
1356 785 1572 823 Maximum
1597 786 1704 822 certe

184 850 295 890 Conf.
325 851 366 888 ΙΙ
399 852 482 890 549
521 849 671 888 Socrati
701 850 893 888 tribuitur
924 852 965 889 et
994 852 1063 890 τοῦ
1101 852 1226 901 μισεῖν
1263 845 1447 901 legitur),
1487 850 1546 888 ita
1574 850 1707 898 legen-

184 916 279 954 dus:
317 918 445 966 φιλεῖν
481 911 653 966 ἆκαίρως
690 913 766 954 ἐστὶ
802 917 855 970 τῷ
892 919 1018 966 μισεῖν
1049 915 1147 955 ἴσον.
1180 936 1235 942 —-
1275 915 1465 954 Trimetri
1502 915 1598 966 duo,
1639 914 1708 965 qui

184 982 375 1032 leguntur
407 981 512 1031 apud
543 980 652 1019 Plut.
684 981 828 1020 consol.
861 980 911 1018 ad
944 980 1127 1030 Apollon.
1159 993 1190 1019 e.
1223 981 1265 1019 5:

471 1077 624 1127 Τροχοῦ
655 1074 958 1127 περιστείχοντος
989 1069 1126 1114 ἄλλοθ’
1160 1069 1278 1125 ἡτέρα

467 1135 567 1191 ἆψὶς
597 1136 747 1192 ὕπερθε
777 1135 934 1192 γίγνετ’,
966 1135 1104 1179 ἄλλοθ’
1139 1134 1267 1190 ἡτέρα.

186 1233 274 1288 (qui
306 1235 427 1274 etiam
459 1236 596 1274 extant
627 1235 733 1284 apud
763 1235 981 1274 Macarium
1020 1234 1137 1273 Prov.
1169 1233 1267 1271 VIII
1301 1235 1374 1281 58,
1413 1233 1482 1271 ubi
1515 1229 1647 1272 ἄλλοτε
1685 1228 1709 1283 ἡ

186 1299 294 1352 ἑτέρα
325 1296 423 1351 ἁψὶς
453 1296 613 1339 ἄνωθεν
644 1298 759 1348 ἐστίν,
791 1295 924 1339 ἄλλοτε
948 1293 972 1350 ἡ
1000 1296 1107 1350 ἑτέρα
1138 1293 1305 1350 legitur)
1331 1310 1411 1336 non
1435 1298 1712 1348 iambographi

187 1368 256 1406 sed
282 1366 425 1416 tragici
450 1366 647 1405 videntur.
677 1386 726 1392 -
757 1364 869 1411 Quod
894 1363 1129 1414 Apollonius
1154 1363 1271 1413 Dyso.
1297 1363 1338 1401 in
1363 1362 1538 1402 Bekkeri
1563 1362 1711 1402 Anecd.

187 1433 227 1471 II
260 1434 347 1471 490
380 1431 513 1470 affert:

463 1505 553 1564 ³H9’
589 1511 666 1552 ἔστι
696 1509 837 1566 θῦδωρ
869 1523 892 1552 σ
911 1542 920 1552 .
941 1541 950 1552 .
972 1543 982 1553 .

189 1598 293 1636 unde
325 1598 378 1636 sit
408 1597 590 1646 petitum,
621 1608 783 1646 prorsus
815 1597 1021 1636 incertum.
1052 1617 1100 1623 ——
1130 1596 1281 1635 Versus
1307 1596 1413 1646 apud
1440 1594 1712 1633 Herodianum

190 1676 230 1702 π.
262 1679 299 1714 μ.
332 1660 404 1710 λέξ.
436 1676 474 1712 p.
507 1663 551 1700 6:

473 1740 549 1796 Μὴ
581 1739 712 1793 Δνεύς
744 1745 942 1796 Χίμαιραν
974 1744 1125 1796 μωρίαν
1155 1739 1343 1796 ὄφλήσῃς.

190 1829 251 1867 ita
282 1829 387 1867 enim
419 1827 670 1867 scribendum
700 1828 725 1866 i.
757 1834 790 1867 e.
829 1822 881 1874 ὡς
910 1822 1040 1874 Δνεὺς
1070 1825 1279 1878 ’Χίμαιραν
1316 1822 1567 1877 ἀνατρέφων,
1604 1824 1718 1864 attici

192 1895 334 1943 poetae
365 1893 535 1933 videtur.
572 1914 621 1919 —
662 1893 814 1932 Versus
853 1892 1102 1942 septenarius
1139 1903 1202 1942 ap.
1233 1891 1434 1931 Plutarch.
1467 1891 1516 1929 de
1552 1890 1718 1940 profect.

191 1958 234 1996 in
265 1958 334 1997 vit.
361 1970 393 1996 e.
420 1959 457 2006 2,
484 1957 551 2007 qui
581 1957 786 2006 proverbii
815 1957 901 1996 loco
933 1957 1112 1996 adhiberi
1143 1957 1311 2007 solebat,
1342 1969 1460 2006 quem
1486 1955 1581 1994 olim
1611 1955 1717 1994 inter

193 2023 385 2072 adespota
415 2022 652 2073 Lyricorum
683 2022 909 2072 fragmenta
940 2021 1091 2071 recepi:

311 2112 423 2169 Πρὸς
452 2111 609 2169 στάθμῃ
640 2113 781 2167 πέτρον
811 2105 1009 2166 τίθεσθαι,
1035 2111 1090 2167 μή
1118 2130 1154 2155 τι
1183 2111 1281 2167 πρὸς
1311 2091 1435 2167 πέτρῳ
1462 2110 1652 2166 στάθμην.

195 2214 260 2252 vel
292 2214 455 2262 propter
487 2213 714 2261 correptum
745 2210 983 2250 vocabulum
1015 2206 1169 2262 στάθμη
1202 2210 1349 2250 comico
1374 2212 1516 2259 poetae
1541 2209 1718 2248 tribuen-

196 2278 282 2317 dus.
323 2298 380 2304 —-
423 2277 473 2315 H.
506 2276 664 2325 Sauppe
704 2276 746 2315 in
786 2276 995 2327 Philologo
1026 2276 1083 2314 XI
1121 2278 1174 2315 39
1198 2288 1278 2325 seq.
1318 2275 1540 2324 complures
1580 2285 1719 2312 versus

196 2343 358 2381 claudos
391 2342 467 2380 sibi
492 2341 649 2380 videtur
675 2341 940 2391 indagavisse,
967 2342 1034 2391 qui
1059 2341 1261 2390 proverbii
1286 2341 1412 2379 vicem
1437 2339 1583 2389 partim
1609 2350 1721 2376 usur-

196 2407 413 2457 pabantur,
457 2418 555 2455 quos
600 2405 837 2444 Archilocho
880 2407 946 2445 vel
985 2405 1228 2462 Hipponacti
1269 2405 1428 2455 tribuit,
1467 2395 1577 2444 velut
1615 2403 1722 2454 apud

198 2471 470 2522 Phrynichum
501 2470 543 2508 in
573 2469 748 2508 Bekkeri
778 2469 925 2510 Anecd.
958 2471 978 2509 I
1011 2471 1078 2521 6¹7,
1111 2472 1183 2509 27:

473 2553 841 2611 Ἵπερδεδίσκευκας
871 2558 1043 2612 πονηρία
1072 2553 1234 2605 πάντας.

197 2644 238 2681 id
269 2643 374 2692 quod
403 2643 484 2680 iam
514 2644 584 2681 ten
614 2641 761 2679 Brinck
793 2642 1018 2691 suspicatus
1057 2643 1136 2680 est:
1174 2642 1218 2691 at
1248 2640 1500 2690 Phrynichus
1538 2642 1584 2678 ut
1620 2639 1722 2678 solet

198 2708 295 2747 haec
327 2721 374 2747 ex
405 2707 551 2746 comico
584 2709 702 2756 poeta
739 2707 974 2758 depromsit,
1012 2719 1112 2756 quae
1149 2718 1243 2744 casu
1282 2707 1438 2743 tantum
1470 2703 1723 2754 hipponactei

199 2785 339 2811 versus
372 2772 543 2822 speciem
573 2783 668 2822 prae
700 2783 742 2809 se
773 2770 923 2810 ferunt:
959 2783 1031 2810 nec
1067 2770 1198 2809 minus
1237 2769 1389 2808 incerta
1426 2770 1520 2807 sunt
1556 2767 1722 2817 reliqua,

201 2849 301 2885 quae
334 2836 492 2886 Sauppe
522 2836 579 2874 ibi
611 2835 761 2886 attigit.
795 2856 845 2862 —
881 2836 1001 2886 Apud
1033 2836 1252 2875 Stobaeum
1282 2832 1454 2873 XXVIII
1484 2833 1535 2871 18
1567 2831 1723 2881 insigne

204 2900 473 2951 fragmentum
503 2901 621 2940 ionici
653 2900 858 2951 scriptoris
891 2902 1010 2950 extat,
1043 2900 1149 2950 quod
1178 2912 1258 2939 non
1289 2899 1416 2938 solum
1446 2895 1578 2947 poesis
1609 2896 1723 2934 lumi-
