1864 3126
12 132 27 154 ›-

830 139 1028 178 SAPPHO.
1615 144 1697 186 103

790 246 830 278 ·*
843 250 912 293 40.
945 251 1054 305 [37.]

246 328 382 389 ”Eoos
411 324 549 376 δαῦτέ
577 329 623 388 μ’
656 329 680 376 ὀ
712 332 949 389 λυσιμέλης
980 331 1125 389 δόνει,

257 400 561 459 γλυκύπικρον
592 400 827 460 ἀμάχανον
862 401 1064 461 ὅρπετον.

805 511 911 554 *41.
945 512 1050 566 [37.]

243 590 398 647 Ἀτθι,
430 591 503 637 σοὶ
535 590 578 637 δ’
599 596 774 650 ἐμεθεν
806 592 889 650 μὲν
920 591 1146 651 ἀπήχθετο

257 666 567 723 φροντίσδην,
589 663 659 709 ἐπὶ
692 662 734 708 δ’
766 662 1225 723 Ἀνδρομέδανπότῃ.

819 774 888 816 42.
923 774 1028 827 [74.]

254 854 403 914 (Ἐρος
429 849 563 900 δαῦτ’
598 855 795 909 ἐτίναξεν
826 858 923 913 ἔμοι
955 857 1174 922 φρένας),ἱ

255 925 418 985 ἄνεμος
447 925 542 972 κατ’
577 926 683 985 ὅρος
714 926 876 986 δρύσιν
908 928 1124 985 ἐμπέσων.

751 1058 753 1060 -
808 1036 886 1079 .43.
921 1037 1026 1091 [40.]

242 1115 347 1162 Ὄτα
378 1116 606 1175 πάννυχος
637 1116 749 1175 ἄσφι
780 1117 1001 1176 κατάγρει.

707 1254 710 1255 ’
770 1330 774 1333 .
817 1275 888 1317 44.
922 1276 1028 1330 [25]
1622 1290 1689 1323 891

251 1354 562 1414 Χειρόμακτρα
589 1355 642 1401 ’δὲ
673 1355 910 1414 καγγόνων

156 1470 217 1511 ὅτι
241 1471 283 1510 τὸ
312 1472 380 1519 ἔαρ
405 1476 581 1521 σημαίνει
601 1504 607 1511 .
631 1504 638 1511 .
660 1503 667 1511 .
689 1475 753 1511 καὶ
772 1471 940 1521 Σαπφώ·
962 1470 1072 1521 Ἠρος
1096 1480 1172 1512 κτλ.
1207 1477 1349 1513 Eadem
1370 1478 1471 1514 Suid.
1494 1491 1526 1515 v.
1547 1469 1690 1526 ἆηδῶν,

157 1522 221 1558 ubi
245 1518 504 1568 ἡμερόφωνος.
553 1523 699 1560 Ahrens
725 1520 935 1568 ἰερόφωνος
960 1523 1123 1580 corrigit.

249 1569 308 1605 Fr.
335 1573 391 1607 40.
440 1570 647 1615 Hephaest.
672 1575 735 1607 42:
773 1569 826 1606 Τὸ
853 1569 895 1607 δὲ
921 1570 1128 1618 (Αἰολικον)
1153 1571 1401 1619 τετράμετρον
1427 1572 1691 1616 ἄκατάληκτόν

158 1614 237 1654 ἐστι
258 1617 448 1653 τοιοῦτον·
467 1614 579 1663 Ἔρος
597 1620 671 1654 κτλ.
711 1617 885 1664 Sapphus
909 1619 1002 1654 haec
1028 1630 1109 1655 esse
1134 1621 1276 1656 certum
1302 1624 1370 1657 est.
1390 1643 1434 1647 —-
1462 1622 1505 1658 V.
1529 1627 1560 1658 1.
1579 1621 1690 1669 Ἔρος

156 1664 235 1701 AFl
259 1664 341 1701 eod.
367 1664 510 1710 Ursini,
533 1663 655 1712 Ἔρως
678 1666 708 1701 Ε
735 1665 894 1703 Turneb.
927 1687 972 1692 —
1008 1661 1142 1713 δαῦτε,
1174 1663 1288 1713 δηῦτε
1316 1668 1476 1713 Seidler‚
1508 1671 1622 1716 vulgo
1647 1667 1686 1707 δ’

155 1705 268 1771 affre„
299 1733 364 1796 —c
382 1709 490 1748 δόνει
514 1713 565 1759 A,
596 1713 712 1760 vulgo
737 1715 860 1759 δονεῖ,
892 1714 972 1751 eod.
998 1714 1213 1760 Mingarelli
1236 1728 1271 1762 p.
1298 1720 1367 1752 489
1394 1718 1518 1763 δονεῖ,
1555 1718 1598 1754 Fl
1624 1731 1688 1765 με-

280 1773 302 1795 ν
327 1772 344 1796 ε
364 1788 372 1796 .

154 1761 306 1843 λησδέτ.
332 1811 389 1844 41.
433 1807 636 1854 Hephaest.
662 1808 752 1845 ibid.
802 1809 921 1893 Vulffro
947 1809 1180 1856 coniungunt
1204 1822 1288 1846 cum
1314 1810 1515 1857 prioribus,
1542 1813 1606 1849 sed
1631 1816 1690 1850 est

154 1854 226 1892 hoe
250 1855 345 1892 alius
371 1854 547 1892 carminis
573 1856 778 1893 exordium.
802 1878 846 1884 —
909 1887 916 1894 .
941 1862 971 1893 1.
989 1854 1106 1902 Ἆτθι,
1131 1857 1265 1894 PMCA
1291 1856 1396 1904 ἀτθί,
1422 1860 1535 1905 vulgo
1560 1858 1687 1903 Ἀτθίς.

155 1923 197 1928 -
226 1902 302 1948 σοὶ,
326 1901 360 1938 Α
385 1915 454 1939 σοι.
487 1924 531 1929 -
570 1903 614 1940 V.
641 1908 674 1940 2.
706 1906 936 1951 φροντίσδην
962 1905 1138 1950 Bentley,
1170 1906 1283 1952 vulgo
1309 1906 1464 1952 φροντὶς
1489 1904 1528 1942 δ’
1556 1902 1615 1953 ἦν.
1642 1929 1688 1935 -

153 1946 267 1998 πότῃ,
293 1950 322 1986 P
348 1951 392 1987 ut
415 1951 563 1987 videtur
587 1949 701 2001 πότη,
728 1951 796 1988 ΟΜ
821 1953 935 2000 ποτῇ,
970 1952 1085 2010 vulgo
1110 1951 1214 1990 ποτέ.
1265 1954 1437 2000 Sapphus
1463 1954 1532 1992 hos
1557 1968 1687 1992 versus

153 2009 236 2034 esse
267 1999 429 2044 certum,
463 1997 509 2036 cf.
536 1998 686 2035 Maxim.
713 1999 798 2046 Tyr.
825 2000 1013 2036 XMV-8:
1060 2002 1094 2037 Ο
1123 2015 1158 2036 τι
1189 1997 1261 2047 γὰρ
1294 1998 1427 2050 ἐκείνῳ
1460 2001 1686 2049 (Σωκράτει)

148 2041 378 2092 Ἀλκιβιάδης
408 2045 474 2081 καὶ
498 2048 694 2094 Χαρμίδης
724 2047 790 2084 καὶ
823 2049 1003 2093 Φαῖδρος,
1039 2048 1148 2085 τοῦτο
1179 2049 1223 2096 τῇ
1256 2051 1397 2099 Λεσβία
1428 2049 1591 2095 Γύριννα
1623 2052 1687 2087 καὶ

148 2088 269 2134 Ἀτθὶς
293 2093 358 2129 καὶ
381 2090 610 2140 Ἀνακτορία-
638 2095 703 2130 καὶ
728 2091 785 2131 ὅτι
811 2108 882 2141 περ
901 2093 1098 2141 Σωκράτει
1121 2094 1160 2131 οἴ
1176 2095 1388 2142 ἀντίτεχνοι
1408 2096 1597 2143 Πρόδικος
1622 2099 1687 2147 καὶ

155 2141 316 2187 Γοργίας
341 2140 406 2176 καὶ
427 2139 555 2187 Θρασύ
585 2155 676 2188 αχος
699 2142 766 2179 καὶ
784 2140 1057 2189 Πρωταγόρας,
1082 2144 1193 2180 τοῦτο
1219 2143 1262 2203 τῇ
1283 2146 1450 2190 Σαπφοῖ
1466 2144 1594 2190 Γοργὼ
1621 2147 1686 2182 καὶ

150 2183 392 2244 Ἀνδρομέδα·
428 2188 500 2225 νῦν
525 2203 551 2236 μ
573 2202 595 2224 ν
621 2187 774 2240 ἐπιτιμᾷ
799 2189 969 2236 ταύταις,
1002 2192 1075 2227 νῦν
1106 2189 1149 2227 δὲ
1183 2189 1329 2238 ἕλεγχει
1353 2192 1418 2227 καὶ
1444 2191 1686 2238 εἰρωνεύεται

153 2231 251 2271 αὕτα
279 2232 408 2271 ἐκεῖνα
433 2233 479 2271 τὰ
505 2235 743 2281 Σωκράτους.

248 2282 304 2319 Fr.
332 2286 390 2319 42.
433 2283 581 2321 Maxim.
608 2284 693 2331 Tyr.
720 2285 839 2321 XXIV
866 2290 904 2322 9:
929 2282 1222 2334 Ἐκβακχεύεται
1246 2284 1479 2332 (Σωκράτης)
1507 2285 1569 2323 ἐπὶ
1596 2290 1685 2323 Φαί-

153 2331 230 2379 δρῳ
257 2326 332 2366 ὑπὸ
357 2330 425 2366 τοῦ
443 2326 623 2376 Ἔρωτος,
654 2333 698 2379 τῇ
724 2332 766 2369 δὲ
793 2335 959 2379 Σαπφοῖ
978 2330 998 2370 ὁ
1018 2331 1156 2379 Ἔρως
1181 2331 1362 2381 ἐτίναξε
1390 2332 1468 2375 τὰς
1493 2334 1684 2380 φρένας,

153 2373 204 2419 ὡς
228 2374 398 2424 ἄνεμος
422 2380 497 2414 κτλ.
523 2389 620 2423 quae
639 2380 798 2417 restitui.
831 2378 893 2422 Ὡς
911 2393 935 2417 a
953 2382 1122 2427 sophista
1141 2381 1328 2426 additum,
1354 2382 1419 2417 sed
1438 2394 1535 2417 nunc
1554 2383 1683 2419 malim

156 2425 248 2461 haee
277 2425 316 2461 in
347 2426 601 2471 pentametros
631 2426 818 2473 redigere:
855 2425 965 2473 Ἔρος
995 2426 1033 2464 δ’
1058 2425 1117 2477 ,ὥς
1147 2426 1288 2474 ἄνεμος
1318 2425 1402 2464 κατ’
1437 2426 1523 2474 ὄρος
1552 2428 1684 2475 δρύσιν

154 2468 327 2518 ἔμπέσων
355 2470 499 2518 Φρένας
524 2469 735 2519 ἄμμετέρας
760 2472 943 2519 ἐτίναξεν.
991 2476 1165 2523 Hartung
1189 2473 1300 2521 Ἔρος
1330 2489 1394 2522 μοι
1426 2475 1570 2521 φρένας
1594 2472 1681 2513 αὖτ’

150 2515 395 2602 1ἐτίναξεν-οὖς
417 2521 424 2566 Ι
444 2518 593 2567 ἄνεμος.
614 2541 658 2547 -
684 2518 770 2557 κατ’
797 2519 896 2569 ὄρος,
921 2523 1054 2560 Nauck
1079 2534 1275 2570 perperam
1295 2523 1390 2559 coni.
1410 2521 1575 2570 κατάρης
1597 2525 1682 2563 coll.

247 2615 306 2652 Fr.
332 2618 390 2651 43.
439 2615 563 2662 Apoll.
590 2616 636 2652 de
661 2615 769 2653 Pron.
796 2621 866 2654 386
880 2617 927 2653 B:
954 2618 1074 2663 (σφὶν)
1100 2618 1165 2653 καὶ
1191 2616 1260 2654 σὺν
1286 2618 1334 2666 τῷ
1362 2624 1386 2654 ᾶ
1415 2618 1563 2664 λέγεται
1587 2616 1680 2665 παρ’

153 2660 341 2699 Αἰολεῦσι·
367 2658 437 2699 &a
462 2676 550 2700 παν.
576 2667 650 2700 κτλ.
689 2662 853 2710 Σαπφώ.
890 2665 1064 2702 Fortasse
1090 2665 1344 2702 scribendum:

721 2731 886 2772 ὄππατ’
914 2732 1087 2782 (ἄωρος)

582 2779 603 2818 ὄ
612 2795 662 2817 τα
688 2780 880 2829 πάννυχος
904 2780 1000 2827 ἅσφι
1025 2780 1216 2830 κατάγρει.

151 2852 326 2900 Hartung
349 2850 418 2890 ὅτα
443 2851 634 2900 πάννυχος
659 2850 777 2899 ἅσφιν
802 2850 1018 2900 οἶγρυπνέει.

246 2900 303 2937 Fr.
331 2903 387 2937 44.
439 2901 572 2938 Athen.
598 2902 650 2938 lX
675 2905 744 2937 410
757 2900 807 2938 D:
843 2898 993 2948 Σαπφώ
1020 2898 1058 2938 δ’
1085 2897 1178 2939 ὅταν
1209 2901 1297 2951 λέγῃ
1331 2900 1373 2940 ἐν
1405 2903 1460 2953 τῷ
1493 2902 1675 2953 πέμπτῳ
