1864 3126
212 143 293 184 128
529 189 531 194 ἲ
768 143 960 180 ΡΟΕΤΑΕ
989 143 1167 180 MELICI.

321 248 656 309 Ἑρμοκλειδοιιά
687 253 747 294 τῶ
780 250 1065 307 Σαοναϊάὸα,

227 334 247 365 5
268 320 323 365 σὰ
354 321 594 379 πρόπολος,
627 322 840 366 δέσποινα
871 324 1112 378 γυναικῶν·
1146 315 1174 379 ᾇ
1207 320 1262 365 σὺ
1295 330 1477 380 χαρεῖσα

327 391 544 450 πρόφρων
577 389 793 450 ἁμετέραν
825 389 1055 436 εὐκλέϊσον
1086 391 1256 448 γενεάν.

839 513 932 555 119.
967 512 1101 567 [138]

272 593 467 650 Τιμάδος
498 591 578 636 ἅδε
607 592 751 648 κόνις,
781 592 863 637 τὰν
895 591 950 650 δὴ
982 592 1067 651 πρὸ
1100 593 1260 650 γάμοιο
1292 596 1530 638 θανοῦσαν

327 665 480 717 δέξατο
517 663 803 722 Φερσεφόνας
833 663 1021 716 κυάνεος
1051 664 1274 721 θάλαμος,

267 729 320 787 οἷς
349 736 422 779 καὶ
454 734 767 792 ἀποφθιμένοις
797 738 934 779 πᾶσαι
966 738 1156 792 νεοθᾶγι
1187 734 1356 793 σιδάρῳ

326 804 472 873 ἅλικες
504 805 686 864 ἱμερτὰν
717 804 878 864 κρατὸς
909 808 1065 850 ἔθεντο
1096 805 1252 863 κόμαν.

839 927 934 968 120.
968 926 1102 980 [139]

273 1011 342 1069 Τῷ
375 1016 525 1066 γριπεῖ
553 1006 789 1063 Πελάγωνι
821 1005 963 1065 πατὴρ
996 1007 1183 1063 ἐπέθηκε
1215 1010 1442 1058 Μενίσκος

326 1079 491 1138 κύρτον
523 1078 595 1122 καὶ
627 1077 803 1135 κώπαν,
835 1080 987 1135 μνᾶμα
1018 1081 1259 1131 κακοζοῖας.

206 1195 345 1243 Ἀρίστα
371 1197 454 1233 Keil
481 1198 519 1232 et
542 1196 725 1241 Meineke,
751 1196 908 1250 Bentley
923 1192 1078 1241 Ἀριστώ,
1099 1195 1177 1231 cod.
1198 1163 1227 1229 P
1254 1191 1398 1239 ἀρίστα.
1419 1215 1461 1221 -
1483 1195 1526 1232 V.
1546 1200 1579 1231 4.
1601 1193 1730 1242 Ἑρμο

209 1246 381 1280 κλειδαία
416 1245 465 1279 τῶ
499 1242 725 1279 Σαοναϊάὸα
747 1243 905 1303 scripsi,
938 1243 977 1278 id
1009 1246 1064 1278 est
1093 1243 1171 1299 filia
1201 1243 1468 1286 Hermoclidis,
1496 1244 1599 1278 cuius
1625 1246 1733 1290 pater

211 1293 434 1328 Saonai‘ades
459 1291 550 1327 fuit:
578 1291 658 1327 cod.
685 1291 714 1325 P
741 1288 780 1335 ἐρ
783 1291 981 1336 μοκλείταο
1006 1288 1080 1325 τώσ
1099 1288 1172 1325 «ism
1192 1286 1323 1335 ἄϊάὸα,
1350 1290 1504 1336 Benfiley
1519 1288 1731 1337 Ερμοκλεί-

211 1342 281 1375 δαο
307 1340 357 1374 τῶ
383 1336 620 1383 Σαιωνιάδα,
644 1338 782 1373 recffius
783 1305 972 1373 ‘bDorville
998 1335 1236 1382 Σαοναϊαδα,
1262 1337 1361 1381 quod
1386 1338 1461 1372 iam
1487 1339 1622 1383 recepi,
1648 1350 1732 1374 cum

211 1389 322 1422 antea
335 1387 499 1422 Keilium
524 1367 672 1421 secu’tus
697 1383 927 1420 Σαϋναϊάὸα
952 1384 1192 1429 scripsissem,
1219 1395 1313 1429 quae
1339 1384 1490 1441 quidem
1514 1385 1634 1420 forma
1657 1397 1731 1421 non

210 1435 299 1470 sakis
325 1433 559 1469 auctoritatis
585 1433 719 1468 habet:
746 1444 834 1473 sane
860 1432 991 1467 Boeoti
1016 1430 1228 1488 Σαύμειλος
1254 1443 1319 1476 pro
1344 1430 1524 1477 Σώμηλος
1549 1431 1734 1476 dixerunt,

210 1482 301 1517 item
327 1480 516 1516 Thessalis
540 1483 709 1515 Σαυσι-
735 1491 803 1525 pro
827 1477 931 1514 Σώσι
957 1477 1151 1524 (Σάοσι-)
1186 1478 1259 1514 fuit
1283 1479 1322 1513 in
1353 1490 1433 1522 usu,
1459 1480 1523 1514 sed
1547 1478 1587 1514 in
1612 1480 1736 1515 soluta

211 1530 330 1564 forma
342 1531 466 1563 Σαο-
485 1530 652 1562 Σαοσι-
677 1527 877 1562 Aeolenses
897 1531 932 1568 ῦ,
958 1538 1069 1571 quam
1089 1526 1344 1572 diphthongus
1363 1525 1521 1583 flagitat,
1547 1527 1734 1570 ascivisse,

210 1588 285 1612 non
321 1577 378 1611 est
408 1575 620 1611 verisimile.
670 1574 842 1610 Meineke
875 1571 899 1608 ἁ
917 1553 1168 1629 “Ἐρμοκλεΐὸα
1193 1574 1243 1621 τῷ
1270 1571 1506 1630 Σαυλαϊοὶδα,
1538 1574 1684 1610 Hecker
1708 1572 1732 1609 ἁ

206 1621 452 1669 “Ερμοκλείτω
489 1623 539 1657 τῶ
578 1619 816 1680 Σαϋνηϊάδα
873 1621 953 1666 Ego
985 1622 1095 1656 antea
1126 1610 1303 1676 proposui
1338 1617 1473 1669 ἀρίστα
1503 1621 1588 1666 (hoc
1619 1621 1736 1657 etiam

211 1672 315 1706 Neue
341 1669 631 1712 commendavit)
652 1667 774 1714 Ερμώ
801 1670 974 1717 καλλιστᾳ
1000 1669 1050 1703 τῶ
1077 1665 1317 1712 Σαϋναϊάδα,
1344 1656 1482 1703 collato
1509 1668 1694 1704 Pausania
1717 1668 1734 1702 Ι

211 1723 268 1763 29,
295 1723 328 1762 2,
355 1719 419 1753 sed
444 1718 499 1752 ibi
517 1717 709 1772 Pamphos
729 1715 854 1761 potius
880 1726 992 1760 quam
1007 1716 1157 1762 Sappho
1176 1715 1282 1750 testis
1301 1715 1510 1759 adhibetur,
1535 1716 1620 1751 vide
1638 1715 1736 1751 infra

210 1779 245 1823 p
281 1770 347 1800 139
370 1777 423 1809 sq.
457 1785 499 1790 —
534 1765 577 1799 V.
609 1768 641 1800 5.
669 1761 728 1808 σὰ,
761 1764 839 1799 cod.
873 1763 901 1797 P
934 1763 993 1797 σᾶ.
1026 1782 1069 1787 -—
1102 1762 1126 1811 ᾁ
1160 1759 1223 1804 σύ,
1254 1762 1334 1797 cod.
1368 1763 1397 1796 P
1429 1775 1454 1797 α
1485 1774 1541 1797 συ.
1589 1763 1736 1798 Hecker

212 1807 241 1860 ᾧ
268 1811 325 1848 σύ.
352 1833 396 1838 -
425 1812 466 1848 V.
494 1816 526 1847 6.
553 1808 758 1856 ευκλέϊσον,
785 1811 864 1845 cod.
890 1810 919 1844 P
945 1799 1148 1845 εὔκλεισόν.
1199 1789 1352 1844 Prorsus
1375 1809 1610 1845 incredibilia
1635 1821 1733 1845 com·

211 1862 359 1895 mentus
380 1861 438 1894 est
455 1859 638 1903 Hartung,
665 1859 729 1903 qui
749 1857 896 1903 scripsilz
916 1869 948 1891 v.
965 1861 983 1891 1
1004 1854 1128 1902 πάγας
1147 1853 1301 1900 ἄφωνος
1327 1857 1375 1901 (h.
1397 1868 1428 1891 e.
1449 1856 1581 1913 opinor
1599 1870 1734 1902 πηγας,

211 1918 298 1942 nam
323 1911 494 1942 truncum
525 1906 585 1941 vel
615 1917 741 1950 rupem
772 1904 1010 1949 interpretari
1035 1905 1215 1948 videtur),
1250 1916 1283 1939 v.
1311 1907 1343 1940 3.
1377 1902 1508 1944 Λάτως
1537 1901 1734 1940 ἆνὲθακεν

208 1951 360 2012 Ἀρίστα,
380 1952 623 1999 Ερμοκλείτα
650 1957 738 1993 παῖς
761 1953 811 1987 τῶ
841 1949 1102 1995 Σαϊὸανιάτα,
1128 1951 1227 1996 quod
1252 1951 1300 1985 ad
1325 1951 1464 1986 montis
1490 1962 1625 1987 nomen
1642 1954 1734 1986 Σαι-

213 2000 259 2036 ὃ
262 2015 283 2036 ν
335 2002 457 2036 referb.

238 2016 259 2047 η
286 2015 365 2083 ⁷7Fr.
394 2052 472 2083 119.
512 2047 662 2083 Anthol.
689 2047 767 2082 Pal.
793 2047 861 2081 VII
886 2050 966 2081 489.
1006 2045 1038 2080 A
1063 2045 1262 2090 Σαπφοῦς.
1302 2044 1328 2079 C
1354 2043 1408 2085 εἰς
1431 2043 1572 2090 τιμάὸα
1598 2042 1734 2091 ὁμοίως

211 2093 283 2141 πρὸ
310 2109 431 2141 γαμου
459 2093 743 2139 τελευτήσασαν.
797 2092 916 2139 Τιμόις
941 2094 1033 2128 alias
1064 2104 1138 2128 non
1171 2091 1318 2137 legitur,
1349 2092 1415 2127 sed
1438 2092 1537 2127 idem
1562 2093 1639 2128 fere
1665 2097 1732 2138 est,

212 2144 318 2199 quod
339 2145 453 2200 Τίμη,
481 2143 578 2188 quod
604 2153 739 2177 nomen
763 2141 802 2176 in
827 2153 895 2176 usu
919 2140 1032 2176 fuisse
1056 2140 1216 2176 testatur
1240 2138 1420 2174 Arcadius
1448 2144 1608 2183 110,15:
1636 2141 1733 2186 Τίμη

213 2190 254 2226 δε
282 2188 323 2226 τὸ
351 2188 483 2235 κύριον
510 2187 722 2245 βαρύνεται.
773 2188 858 2223 hinc
885 2188 984 2233 apud
1014 2186 1240 2231 Hesychium
1274 2187 1454 2231 Τιμαὸία·
1487 2185 1600 2232 μικροὶ
1636 2189 1732 2233 Τίμη

214 2237 353 2281 scribo,
379 2238 443 2273 ubi
469 2237 607 2282 legitur
632 2234 730 2282 τιμὴ,
755 2235 850 2271 falso
876 2235 974 2270 enim
1002 2234 1184 2283 Ίιμᾴὸιον
1211 2233 1250 2268 in
1269 2234 1352 2278 ipsa
1371 2234 1495 2279 glossa
1513 2234 1732 2276 restituunt3

213 2288 377 2320 ceterum
403 2286 499 2320 hanc
524 2295 672 2341 quoque
691 2283 766 2318 Hes
751 2282 868 2327 sychii
893 2283 1054 2338 glossam
1074 2293 1119 2317 ex
1137 2281 1272 2316 Lesbio
1297 2281 1458 2316 carmine
1477 2282 1636 2327 petitam
1655 2293 1734 2317 esse

212 2334 398 2367 testantur
427 2331 568 2367 formae
596 2328 639 2365 'Y
638 2328 807 2376 ρράὸιος,
842 2327 1036 2374 Ίιναδιος,
1068 2330 1237 2373 aliaeque
1263 2327 1422 2372 similes,
1455 2329 1550 2363 adde
1576 2329 1731 2364 Ptolem.

212 2380 414 2424 Hephaest.
441 2391 476 2424 p.
507 2382 572 2414 198
599 2345 715 2413 WQest.
745 2378 1011 2433 Τεττιγεδαιάς
1041 2377 1105 2421 τῆς
1135 2376 1367 2432 Μυριναίας,
1398 2376 1462 2410 ubi
1490 2377 1735 2420 Τεττιγαὸίας

214 2427 447 2462 scribendum
475 2426 632 2461 videtur.
659 2445 705 2451 —
730 2425 774 2462 V.
804 2429 833 2460 1.
859 2421 943 2468 ἅδε,
974 2424 1053 2459 cod.
1080 2424 1109 2458 P
1140 2419 1304 2458 «1⁹63.—
1339 2423 1552 2467 θανοῦσαν,
1584 2423 1732 2458 Brunck

213 2470 414 2509 θανοῑσαν.
436 2494 478 2498 -
506 2474 549 2508 V.
572 2477 603 2508 3.
615 2470 915 2531 ἅποφθιμένας,
941 2471 1021 2507 cod.
1046 2470 1076 2505 P
1101 2468 1176 2506 απὸ
1204 2467 1410 2515 φθιμένας,
1434 2469 1581 2505 videtur
1604 2483 1651 2510 ας
1669 2469 1733 2504 καὶ

216 2519 277 2557 ἐπὶ
303 2519 497 2566 φθιμένας
521 2521 581 2556 vel
606 2533 630 2555 α
657 2519 722 2554 καὶ
749 2516 809 2554 ἐπὶ
829 2518 1001 2568 φθιμένᾳ
1022 2517 1267 2561 scribendum,
1293 2517 1438 2552 Hecker
1455 2513 1540 2552 κατ’
1562 2515 1732 2562 ἀποφθι-

214 2602 339 2648 μὲνας.
368 2624 411 2629 -
437 2603 599 2648 νεοθᾶγι
626 2598 766 2649 σιδαρῳ
794 2602 937 2646 Iacobs,
963 2601 1044 2636 cod.
1069 2600 1404 2656 νεοθαγεισιὸηρω,
1430 2599 1530 2634 Plan
1551 2597 1735 2644 νεοθηγέῖ

214 2651 348 2709 χαλκῷ.
398 2650 569 2686 Imitatus
595 2651 652 2685 est
682 2638 912 2684 Andronicus
946 2648 1057 2683 Anth.
1084 2649 1124 2683 P.
1151 2647 1218 2682 V11
1246 2651 1329 2683 181·
1373 2643 1397 2681 ἆ
1424 2644 1466 2681 δε
1492 2643 1607 2680 σέθεν
1642 2648 1733 2689 φθι-

215 2697 331 2743 μένας
354 2695 507 2738 πολιοὺς
531 2698 693 2742 νεοθῆγι
721 2694 862 2743 σιδαρῳ
889 2697 1038 2740 κείρατο
1057 2692 1241 2740 γηραλέας
1261 2692 1303 2729 ἐκ
1322 2693 1490 2738 κεφαλῆς
1507 2690 1732 2749 πλοκάμους.

309 2746 366 2780 Fr.
396 2748 473 2779 120.
522 2744 672 2780 Anthol.
700 2744 777 2779 Pal.
804 2732 871 2778 VII
896 2747 965 2778 505
991 2754 1014 2778 a
1039 2755 1086 2778 m
1113 2753 1183 2778 sec.
1210 2742 1249 2776 in
1273 2751 1416 2776 rasura.
1442 2738 1510 2780 Εἰς
1533 2738 1733 2784 πελάγωνα

215 2793 420 2836 Σαπφοῦς,
445 2792 517 2827 fuit
541 2793 652 2827 antea
677 2790 730 2831 εἰς
750 2794 806 2837 θρ
809 2788 904 2825 ασύν
926 2798 1024 2825 “τινα.
1055 2811 1092 2814 —-
1121 2789 1164 2825 V.
1195 2793 1223 2824 1.
1249 2792 1384 2833 γριπεῖ,
1409 2787 1495 2822 Cod.
1515 2787 1544 2821 P
1569 2791 1732 2832 γριππεῖ.

218 2860 259 2864 ——
294 2837 479 2883 ἐπέθηκε,
511 2839 614 2874 Plan.
647 2834 826 2883 ανέθηκε.
861 2858 903 2863 —-
937 2838 1127 2876 Μενίσκος
1163 2836 1280 2879 Plan„
1311 2847 1380 2880 μερ
1360 2835 1483 2879 ρίσκος
1514 2834 1594 2869 cod.
1620 2834 1659 2868 P.
1687 2854 1731 2859 —

217 2907 258 2911 ——
289 2886 329 2920 V.
358 2891 389 2921 2.
395 2852 617 2928 ηκακοζοΐας
649 2885 830 2930 Scaliger,
857 2885 935 2920 cod.
963 2884 991 2918 P
1016 2883 1221 2927 κακοζωᾶς,
1251 2883 1355 2917 Plan.
1386 2881 1604 2924 κακοζωΐας.
1661 2880 1733 2924 Qui
