1864 3126
568 151 793 191 CARMINA
819 152 1109 191 POPULARIA.
1515 152 1600 196 661

802 263 869 307 17.

161 342 330 403 Πόρρω
360 342 469 402 γάρ,
501 337 538 388 ὦ
569 345 745 400 παῖδες,
776 342 894 389 πόδα

160 414 376 474 μετάβατε
405 415 479 460 καὶ
509 414 735 473 κωμάξατε
1510 429 1600 462 1303

161 488 350 544 βέλτιον.

802 571 868 615 18.

150 650 280 711 Ἀμὲς
309 650 411 698 πόκ’
445 645 552 711 ἦμες
582 650 763 710 ἄλκιμοι
794 649 983 699 νεανίαι.

151 722 280 783 ‘Apte
311 724 364 770 δέ
391 722 432 781 γ’
468 723 601 781 εἰμές·
634 726 683 767 αἰ
713 722 763 768 δὲ
793 726 893 782 λῇς,
925 722 1163 782 αὐγάσδεο.

151 793 279 854 Ἀμὲς
310 796 363 842 δέ
390 794 431 853 γ’
468 794 724 853 ἐσσόμεσθα
754 798 903 857 πολλῷ
935 795 1164 855 κάρρονες.

63 927 135 970 nus
170 912 237 951 τὸν
276 911 484 962 ἐναγώνιον
508 916 584 951 τῶν
610 911 785 969 κηρύκων
810 911 924 961 πόδα,
950 915 1113 952 Galenus
1139 915 1185 951 de
1210 917 1315 952 motu
1340 918 1495 953 muscul.
1522 917 1596 953 119

62 965 103 999 et
123 962 163 999 iu
182 963 358 1009 Hippocr.
381 963 548 1009 Epidem.
568 962 620 999 IV
638 967 685 999 24
711 961 825 999 etiam
851 962 1000 999 brevius
1025 960 1092 998 τὸν
1117 960 1354 1010 καλούμενον
1380 961 1483 1000 πόδα
1509 965 1598 1011 (τῶν

64 1007 254 1056 κηρύκων)
281 1011 462 1057 appellat,
488 1011 552 1046 ubi
576 1008 674 1052 ποὺς
698 1021 818 1056 neque
843 1010 978 1056 pedem
1003 1021 1123 1056 neque
1149 1022 1298 1047 versum
1332 1013 1389 1057 (ut
1414 1013 1473 1048 est
1497 1013 1598 1058 apud

60 1058 172 1094 Arist.
210 1058 302 1094 Ran.
340 1061 465 1104 1322),
502 1059 564 1094 sed
597 1059 810 1104 periodum,
847 1061 1002 1112 systema
1038 1057 1244 1104 significat,
1282 1060 1598 1104 quemadmodum

63 1102 508 1191 :3‘3‘51‘22‘3120‘3'532315'
510 1106 677 1198 “fibffiffi
699 1107 846 1189 1233?
847 1105 1190 1211 „3322‘2222222m
1214 1106 1470 1196 Ῑ“’ῗ.ἱιΡῗὲῗ>ἓ
1499 1108 1598 1215 23:3⁰

62 1212 190 1242 νιστας
220 1197 491 1259 ἀνεκήρυττεν·
516 1201 593 1259 ‚noel
618 1195 665 1247 ἦν
692 1197 886 1259 ἀγώνισμα
918 1199 1121 1247 σάλπιγγος
1151 1198 1416 1259 πρεσβύτερον.
1467 1202 1522 1244 εἰς
1554 1201 1597 1239 δὲ

61 1250 278 1308 φιλοτιμίαν
297 1249 371 1285 τῶν
393 1245 457 1286 ἐπ’
478 1245 581 1298 αὐτῷ
602 1246 870 1295 προελθόντων
890 1250 942 1284 οι
959 1261 1004 1285 τε
1026 1246 1312 1306 καλούμενοι
1331 1247 1471 1292 πόδες
1496 1263 1598 1286 συν-

60 1294 315 1342 ετέθησαν,
349 1295 538 1351 ἔλεγχον
558 1286 757 1342 ἔχοντες
787 1295 853 1338 εἰς
886 1297 1028 1342 μῆκος
1058 1294 1322 1351 πνεύματος
1352 1300 1428 1334 κτλ.
1478 1298 1598 1345 Igitur

59 1344 153 1380 haec
178 1344 366 1380 cantilena
386 1344 501 1380 etism
521 1344 560 1380 in
580 1344 783 1380 certamine
808 1354 1034 1389 praeconum
1060 1356 1130 1380 usu
1155 1343 1346 1390 veniebat,
1373 1346 1474 1391 quod
1497 1347 1597 1383 tubi-

58 1391 185 1427 cinum
210 1391 413 1428 certamine
438 1391 630 1436 antiquius
649 1403 726 1428 esse
746 1391 864 1427 tradit·
887 1391 1039 1437 Pollux,
1065 1403 1149 1427 cum
1175 1373 1372 1429 Africanus
1396 1395 1597 1440 utrumque

59 1439 190 1475 eodem
214 1439 318 1485 temp
320 1450 383 1475 ore
404 1438 460 1476 01.
474 1438 591 1475 XCVI
615 1439 829 1476 institutum
855 1449 934 1475 esse
960 1420 1091 1475 auctor
1109 1438 1170 1475 sit.
1213 1439 1285 1476 Hic
1302 1439 1468 1476 Pollucis
1492 1441 1597 1478 locus

59 1487 150 1522 satis
176 1497 359 1532 superque
386 1487 556 1523 confutat
587 1498 649 1530 ea,
682 1497 776 1532 quae
797 1487 928 1541 Haupt
950 1486 1148 1533 proposuit
1165 1487 1211 1523 de
1237 1488 1332 1534 pede
1357 1499 1595 1534 praeconum.

62 1554 105 1560 -
134 1533 228 1570 Deni
257 1545 303 1570 ue
329 1534 426 1570 addo
453 1534 536 1570 falli
561 1515 769 1578 Nalierum,
796 1534 861 1591 qui
885 1535 925 1569 in
948 1534 1291 1572 Mnemos.Nova1
1314 1539 1382 1572 164
1407 1536 1446 1572 in
1472 1547 1596 1574 narra.-

61 1581 164 1618 tione
183 1546 379 1618 Hgiodori
397 1581 572 1628 Aethiop.
594 1581 646 1618 IV
668 1586 686 1618 1
714 1582 818 1623 τέλος
843 1578 862 1617 6
883 1580 953 1628 μὲν
980 1582 1098 1628 κῆρυξ
1123 1581 1170 1618 οἴ
1192 1580 1379 1619 ὁπλῖται
1404 1581 1594 1630 παριόν-

60 1642 149 1666 των
174 1625 386 1677 ἆνεβόησεν
411 1641 561 1666 versum
587 1629 658 1666 sibi
683 1630 786 1666 visus
812 1630 870 1666 est
892 1629 1148 1676 indagavisse.

528 1698 677 1747 Ἄνδρες
701 1698 851 1737 ὁπλῖται
874 1698 1108 1747 παριόντων,

59 1782 173 1818 quem
198 1771 285 1808 huic
311 1772 522 1809 cantilenae
548 1772 759 1819 adscripsit.

155 1819 213 1855 Fr.
242 1823 297 1856 17.
347 1820 498 1857 Lucian.
525 1819 658 1857 Saltat.
688 1824 748 1857 10:
777 1821 991 1881 Τοιγαροῦν
1015 1820 1081 1857 καὶ
1105 1817 1147 1856 τὸ
1174 1813 1289 1871 ᾆσμα,
1314 1835 1335 1857 ο
1363 1819 1504 1868 μεταξὺ
1531 1819 1591 1869 ὀρ-

55 1865 236 1926 χούμενοι
280 1865 336 1926 (οἱ
374 1865 567 1911 Λάκωνες)
609 1865 786 1928 ᾄδουσιν,
834 1867 1096 1914 Ἀφροδίτης
1146 1849 1337 1915 ἐπίκλησίς
1381 1866 1482 1906 ἐστιν
1526 1870 1592 1907 καὶ

64 1916 96 1950 F
79 1928 273 1972 ρωτων
306 1929 356 1957 ως
386 1905 670 1975 συγκωμάζοιεν
699 1914 828 1958 αυτοῖς
859 1916 925 1952 καὶ
956 1920 1214 1962 συνορχοῖντο·
1252 1917 1317 1952 καὶ
1347 1914 1516 1975 θάτερον
1549 1918 1592 1955 δὲ

57 1963 131 1999 τῶν
162 1959 340 2019 ᾆσματων
368 1983 411 1990 -
438 1961 509 2000 δύο
539 1961 613 2009 γὰρ
645 1960 781 2013 ᾄδεται
807 1985 850 1991 -
877 1964 942 2000 καὶ
974 1965 1224 2000 διδασκαλίαν
1257 1962 1335 2010 ἔχει
1360 1961 1410 2023 ᾡς
1435 1964 1510 2024 χργὶ
1531 1963 1593 2011 ὀρ-

58 1999 227 2068 χεῖσθαι·
259 2007 408 2056 πόρρω
434 2008 521 2058 γάρ
547 2023 665 2069 φασιν
689 2013 853 2058 (φησιν),
886 2026 914 2047 ω
947 2013 1110 2053 παῖδες
1142 2014 1216 2048 κτλ.
1266 2011 1459 2048 τουτέστιν
1485 2027 1592 2060 αμει-

56 2070 124 2093 νον
149 2053 379 2115 ὀρχήσασθε,
403 2058 470 2094 ubi
494 2056 692 2116 κωμαξατε
714 2058 883 2105 Bolanus,
908 2057 1097 2106 κομάξατε
1118 2071 1155 2105 a,
1179 2071 1380 2106 κωμασατε
1402 2054 1508 2098 οοᾶᾶ.
1537 2061 1592 2098 Of.

56 2105 218 2152 Hesych.
243 2103 478 2152 κωμάδδειν·
506 2102 715 2152 ὀρχεῖσθαι.

152 2153 211 2189 Fr.
239 2156 293 2190 18.
343 2153 442 2189 Plut.
468 2154 534 2192 vit.
560 2155 732 2214 Lycurg.
743 2158 807 2190 21.
854 2155 976 2212 Τριῶν
1008 2152 1079 2201 γὰρ
1113 2155 1234 2201 χορῶν
1266 2167 1363 2191 κατα
1395 2152 1463 2196 τὰς
1492 2160 1594 2214 τρεῖς

56 2197 204 2260 ἡλικίας
228 2199 511 2259 συνισταμένων
538 2199 580 2237 ἐν
605 2206 687 2243 ταις
713 2199 876 2247 ἑορταῖς,
910 2199 930 2238 ὁ
932 2200 1030 2262 μὲν
1060 2202 1134 2237 τῶν
1166 2199 1397 2260 γερόντων
1430 2200 1592 2260 αρχόμε·

57 2260 122 2288 νος
151 2242 262 2305 ᾖδεν·
303 2245 462 2294 ’Ἀμμες
503 2245 604 2284 ποκ’
637 2252 713 2286 κτλ.
764 2246 784 2285 ὁ
824 2249 866 2285 δὲ
899 2249 974 2285 τῶν
1006 2247 1308 2295 ακμαζόντων
1334 2247 1594 2308 ἀμειβόμενος

59 2293 205 2340 ἔλεγεν·
242 2291 396 2341 ’Ἀμμες
427 2294 477 2331 δέ
503 2292 541 2342 γ’
568 2299 643 2332 κτλ.
670 2293 690 2332 ὁ
718 2294 760 2332 δὲ
787 2297 908 2341 τρίτος
933 2294 952 2332 ὁ
979 2298 1063 2332 τῶν
1096 2298 1292 2332 παίδων·
1334 2294 1491 2343 Ἀμμες
1515 2301 1590 2336 κτλ.

57 2341 183 2378 Possis
210 2342 257 2377 ad
286 2342 483 2388 Tyrtaeum
506 2343 654 2387 referre,
680 2343 864 2401 siquidem
883 2343 1017 2380 Pollux
1036 2343 1086 2379 IV
1108 2348 1175 2380 107
1196 2343 1304 2380 dicit:
1306 2346 1521 2404 τριχορίαν
1547 2345 1590 2383 δὲ

60 2388 246 2448 Τύρταιος
277 2387 426 2448 ἔστησε,
456 2395 555 2436 τρεῖς
585 2388 776 2426 Λακωνων
810 2389 963 2437 χορούς,
997 2388 1096 2427 καθ’
1123 2388 1274 2438 ἡλικίαν
1301 2388 1475 2438 ἑκάστην,
1506 2398 1590 2429 παῖ·

57 2438 127 2491 δας
152 2434 297 2482 ἄνδρας
321 2435 511 2483 γέροντας.
556 2438 672 2474 Iidem
696 2450 823 2475 versus
843 2438 963 2475 Instit.
985 2438 1068 2475 Lac
1093 2443 1135 2475 15
1155 2440 1194 2475 et
1212 2439 1259 2475 dc
1283 2451 1321 2475 se
1346 2439 1470 2498 ipsum
1496 2441 1591 2477 citra.

56 2485 131 2521 inv.
158 2484 257 2521 laud.
287 2488 329 2520 15
357 2484 437 2530 (ubi
460 2485 608 2522 inverso
635 2486 713 2523 ord.
738 2498 773 2521 v.
802 2490 832 2521 1.
859 2491 892 2524 3.
919 2489 955 2532 2)
987 2486 1172 2545 leguntur.
1201 2507 1245 2513 —
1271 2486 1314 2522 V.
1344 2491 1375 2522 1.
1409 2484 1502 2533 ἁμὲς
1527 2489 1589 2530 hic

56 2534 96 2568 et
120 2530 296 2567 similiter
319 2543 353 2567 v.
379 2536 401 2567 2
428 2533 467 2568 et
490 2537 512 2568 3
539 2531 681 2592 scripsi,
708 2533 834 2569 Miller
858 2534 962 2570 Misc.
987 2537 1055 2570 367
1081 2530 1202 2592 ἅμες
1206 2530 1304 2570 πόθ’
1331 2529 1441 2589 ἦμες,
1474 2535 1589 2581 vulgo

55 2576 327 2671 ffiffsspssffi
333 2578 1041 2687 ‚⁸³⁰⁰{ss32‘ssssoessrffi‘3‘3052{5‡u1⁰}‘3‘⁶⁸⁶'„
1046 2603 1103 2674 εἶ,
1113 2578 1202 2665 ’2¹23
1218 2580 1334 2665 ι’ἒὲἰῗ
1345 2581 1466 2675 Ριῖἰῗῗ
1484 2582 1589 2677 ἷὲῖἓ

82 2674 178 2710 rimo
204 2674 287 2711 loco
312 2675 444 2720 FaLr}
422 2668 528 2721 ἦμεν.
568 2696 610 2701 -
651 2675 693 2712 V.
727 2679 759 2712 2.
804 2674 908 2722 δέγ
965 2643 1061 2712 Keil
1098 2676 1192 2713 coni.
1232 2673 1270 2712 δ’
1308 2673 1376 2713 ἔτ’.
1410 2698 1454 2703 -
1487 2659 1590 2724 εἰμές

89 2722 249 2758 lutarchi
302 2722 395 2758 rimo
422 2723 503 2759 loco
529 2723 675 2758 tuntum
702 2723 736 2758 X
760 2721 881 2782 (εἰμὲν
886 2689 1013 2767 yA’CS,
1039 2722 1144 2770 εἶμεν
1170 2723 1239 2769 ia),
1275 2724 1438 2761 secundo
1463 2722 1588 2772 ἐσμέν,

58 2769 172 2805 tertio
196 2768 258 2816 εἰμ
262 2733 315 2806 2>
359 2770 503 2806 Ahrens
531 2767 639 2816 ἔσμὲς
663 2770 723 2806 vel
731 2767 842 2828 ἦμες
864 2771 1033 2853 reguirit,
1058 2773 1097 2807 et
1116 2783 1204 2807 sane
1223 2771 1414 2817 antiquior
1433 2771 1587 2809 Dorien-

57 2816 151 2852 sium
171 2827 292 2853 sermo
312 2814 403 2863 ἠμὲς
422 2817 621 2854 desiderat.
637 2838 680 2844 -
695 2813 767 2864 αὗγ
771 2815 886 2854 ασδεο
933 2819 1053 2854 uobus
1073 2819 1176 2862 locis,
1201 2823 1338 2865 πεῖραν
1357 2819 1447 2866 λαβέ
1465 2820 1587 2866 primo

56 2863 162 2908 loco,
193 2874 268 2900 non
294 2866 395 2901 recte
421 2864 698 2901 Rauchenstein
728 2831 931 2911 πειράσδεο
963 2866 1134 2902 coniecit.
1162 2886 1205 2892 —-
1231 2866 1276 2902 V.
1302 2871 1336 2903 8.
1373 2863 1588 2922 ἐσσόμεσθα

59 2911 181 2957 primo
206 2911 290 2948 loco
315 2910 388 2957 AC,
414 2925 448 2949 v.
475 2909 679 2959 ἐσόμεσθα,
705 2912 930 2950 Herwerden
957 2910 1206 2959 ἕσσεύμεσθα.
1231 2934 1278 2941 -—
1303 2914 1424 2963 πολλῷ
1445 2915 1587 2963 Steph„
