1864 3126
248 118 306 161 80
745 124 747 126 ’
812 120 1003 155 ΡΟΕΤΑΕ
1028 121 1205 157 MELICI.

307 223 487 279 Ὕψιστε
517 229 661 281 θεῶν,
1700 241 1770 273 872

318 295 469 340 πόντιε
500 299 819 354 χρυσοτρίαινα
851 295 1097 352 Πόσειδον,

318 365 511 423 pandos,
544 365 751 423 ἐγκύμον’
788 365 860 411 ἀν’
895 365 1060 424 ἅλμαν·

317 442 546 495 βραγχίοις
575 438 675 494 περὶ
707 438 757 482 δὲ
789 437 837 482 σε
868 442 1038 483 πλωτοί

269 521 290 552 5
316 511 455 566 θῆρες
485 508 723 567 χορεύουσι
753 508 923 569 κύκλῳ,

317 578 530 636 κούφοισι
561 582 715 624 ποδῶν
747 581 962 637 ῥίμμασιν

318 648 472 708 ἐλάφρ’
508 649 887 708 ἀναπαλλόμενοι,
920 655 1062 708 σιμοί,

315 720 624 779 φριξαύχενες,
657 719 911 780 ὥκύδρομοι
944 721 1177 778 σκύλακες,
1210 722 1478 780 φιλόμουσοι

318 795 543 850 δελφῖνες,
575 795 711 837 ἔναλα
741 794 973 850 θρέμματα

246 876 291 908 10
316 865 486 921 κουρᾶν
518 866 757 920 Νηρεΐδων
788 866 925 919 θεᾶν,

318 932 372 986 ἃς
404 932 588 990 ἐγείνατ’
620 928 899 992 Ἀμφιτρίταῗ

318 1007 364 1050 οἴ
392 1003 436 1062 μ’
472 1008 534 1057 εἰς
566 1006 769 1058 Πέλοπος
800 1008 884 1062 γᾶν
918 1006 987 1050 ἐπὶ
1024 1011 1268 1064 Ταιναριάν
1301 1006 1441 1052 ἀκτάν

317 1075 583 1135 ἐπορεύσατε
614 1075 889 1133 πλαζόμενον
920 1080 1092 1139 Σικελῷ
1126 1078 1192 1122 ε’νὶ
1223 1078 1392 1138 πόντῳ,

314 1156 514 1205 κυρτοῖσι
547 1146 707 1199 νώτοις
739 1145 960 1204 ὀχέοντες,

244 1304 387 1346 tuetur,
425 1302 572 1337 frustra.
625 1301 718 1336 Mihi
757 1300 947 1336 novicium
983 1301 1134 1337 omnino
1173 1301 1320 1338 videtur
1352 1314 1517 1348 carmen,
1553 1304 1654 1349 quod
1685 1306 1772 1341 ante

247 1349 434 1394 Euripidis
459 1350 621 1384 aetaiem
650 1348 710 1383 vix
736 1347 861 1393 potuit
887 1348 1070 1394 componi.
1115 1349 1244 1393 Neque
1264 1351 1389 1385 tamen
1411 1352 1511 1386 mula
1529 1351 1658 1387 fraude
1678 1352 1771 1387 haec

245 1398 332 1432 ficta
365 1407 443 1431 esse
476 1395 646 1440 arbitror,
681 1396 746 1431 sed
771 1396 945 1430 videntur
975 1395 1015 1430 hi
1042 1399 1174 1432 versus
1206 1397 1318 1442 petiti
1348 1409 1426 1433 esse
1457 1410 1502 1433 ex
1534 1399 1772 1444 dithyrambo

246 1445 322 1480 sive
349 1455 471 1487 nomo,
497 1442 536 1477 in
562 1455 635 1487 quo
661 1442 809 1478 Atticus
834 1445 947 1487 poeta
972 1442 1095 1479 nescio
1121 1443 1203 1488 quis
1228 1444 1435 1480 fabularem
1460 1445 1608 1481 Arionis
1632 1457 1772 1481 memo-

244 1492 339 1526 riam
373 1502 447 1526 non
477 1492 557 1525 tam
589 1490 717 1525 dedita
747 1501 861 1535 opera
890 1501 1001 1534 quam
1033 1501 1100 1536 per
1133 1491 1351 1536 parecbasin
1383 1492 1654 1528 illustraverat:
1680 1503 1772 1538 quos

245 1550 373 1574 versus
406 1537 583 1582 Aelianus
617 1537 842 1573 errabundus
874 1538 921 1572 ad
953 1537 1076 1583 ipsum
1110 1538 1283 1574 Arionem
1315 1540 1453 1575 retulit.
1506 1540 1628 1576 Etiam
1655 1541 1770 1576 Lehrs

246 1586 446 1631 (Populare
478 1585 653 1620 Aufsatze
685 1597 720 1630 p.
753 1587 838 1629 204)
868 1585 939 1620 hoc
972 1596 1136 1630 carmen,
1169 1586 1270 1630 quod
1301 1586 1490 1622 Hermann
1525 1588 1586 1631 (ad
1616 1587 1770 1623 Aristot.

245 1633 349 1669 Poet.
376 1645 410 1678 p.
439 1634 522 1677 235)
548 1632 849 1668 venustissimum
876 1643 955 1668 esse
975 1631 1131 1677 censuit,
1157 1632 1311 1678 antiquo
1331 1636 1444 1679 poeta
1462 1634 1656 1681 indignum
1675 1635 1771 1670 iudi-

245 1682 317 1724 cat,
344 1691 416 1715 non
443 1679 563 1715 solum
590 1679 689 1724 quod
714 1679 824 1714 nimis
851 1680 900 1714 sit
918 1679 1027 1724 exile,
1053 1691 1181 1714 verum
1201 1680 1314 1716 etiam
1335 1682 1432 1726 quod
1453 1682 1571 1717 attica
1590 1682 1772 1717 dialectus

244 1729 383 1773 passim
409 1727 536 1762 dorico
562 1737 730 1762 sermone
755 1727 965 1771 temperata
989 1727 1094 1762 insit:
1122 1727 1187 1762 sed
1212 1727 1312 1772 quod
1337 1728 1384 1764 ab
1409 1729 1491 1774 ipso
1517 1729 1674 1765 Aeliano
1701 1730 1768 1765 hos

244 1786 373 1810 versus
398 1773 567 1810 conditos
599 1785 679 1809 esse
711 1773 934 1819 suspicatur,
971 1774 1121 1809 omnino
1152 1775 1312 1810 fallitur:
1343 1787 1430 1811 nam
1460 1777 1570 1811 huius
1596 1777 1769 1812 carminis

244 1821 388 1857 numeri
421 1831 571 1867 prorsus
604 1820 812 1856 abhorrent'
828 1821 876 1856 ab
908 1820 1016 1855 istius
1049 1822 1189 1856 saeculi
1214 1834 1281 1856 usu
1307 1824 1345 1858 et
1370 1823 1643 1860 consuetudine.
1687 1823 1772 1858 Plu·

243 1869 395 1904 tarchus
422 1869 514 1913 sept.
536 1879 612 1913 sap.
634 1868 779 1904 conviv.
802 1872 844 1903 18
869 1879 1008 1913 magna
1032 1868 1141 1913 copia
1165 1869 1363 1905 verborum
1391 1870 1534 1906 Arionis
1559 1882 1685 1907 casum
1709 1871 1771 1906 de-

245 1916 403 1961 scripsit,
433 1927 555 1960 neque
580 1926 668 1950 vero
694 1915 764 1951 hoc
790 1926 940 1951 carmen
971 1916 1143 1960 respexit.
1177 1936 1220 1941 -
1259 1917 1301 1951 V.
1331 1921 1431 1953 1—-7
1469 1914 1771 1964 ἄναπαλλόμενοι

244 1962 352 1999 affert
378 1964 498 1998 Tzetz.
524 1962 563 1997 in
591 1962 709 1998 Cram.
736 1963 805 1999 An.
832 1962 900 1999 Ox,
926 1962 976 1997 111
1003 1966 1084 2006 352,
1113 1966 1167 1999 19.
1197 1984 1238 1988 —
1265 1963 1307 1999 V.
1329 1968 1362 2000 2.
1387 1967 1652 2011 χρυσοτρίαινα
1677 1965 1768 2001 Her-

243 2022 354 2046 mann
387 2011 434 2045 ad
461 2010 613 2045 Aristot.
640 2010 744 2045 Poet.
769 2022 805 2055 p.
837 2013 924 2054 235,
961 2009 1158 2055 legebatur
1190 2013 1457 2056 χρυσοτριάινε.
1490 2033 1534 2038 -
1568 2010 1769 2055 Πόσειδον,

242 2057 386 2093 Ahrens
407 2059 599 2092 Ποσειδᾶν
618 2058 678 2092 vel
698 2055 890 2092 Ποσειδὰν
915 2056 1082 2102 requirit.
1104 2077 1148 2083 —
1173 2056 1218 2094 V.
1239 2062 1271 2093 3.
1298 2056 1460 2104 rotarios,
1493 2056 1673 2104 ἐγκύμον’
1701 2056 1766 2094 ἄν’

243 2101 368 2151 ἅλμαν
395 2106 596 2149 Hermann,
622 2105 687 2139 sed
711 2104 834 2140 iunxit
858 2116 939 2140 cum
967 2105 1205 2150 sequentibus
1231 2108 1270 2140 et
1299 2118 1332 2142 v.
1359 2110 1380 2140 4
1406 2107 1491 2149 περὶ
1522 2104 1575 2152 δὴ
1609 2105 1649 2142 σὲ
1682 2107 1769 2142 scri-

244 2153 332 2197 psit:
361 2164 383 2187 a
408 2154 446 2187 et
471 2152 551 2188 edd.
579 2148 730 2197 χαιήοχ’
760 2149 1058 2197 ἕγκυμονοὶλμαν,
1090 2152 1114 2186 b
1145 2149 1300 2197 γαιήοχε
1327 2152 1546 2199 κυμονάρχα
1576 2154 1676 2200 (Vat.
1702 2167 1767 2188 κυ-

244 2197 429 2245 κοναλκ’),
456 2199 575 2235 TzetZ.
602 2197 757 2256 γαιηόχε
786 2196 950 2244 ἐγκύμου
970 2196 1101 2245 ἅλμας.
1145 2199 1263 2235 Locus
1282 2201 1446 2235 nondum
1466 2201 1670 2245 restitutus,
1697 2200 1770 2236 dis-

244 2248 360 2292 plicet
383 2258 458 2282 non
484 2247 603 2281 solum
631 2243 809 2291 ἐγκύμον’
837 2243 902 2281 ἄν’
929 2243 1051 2291 ἅλμαν
1077 2249 1269 2291 tamquam
1295 2248 1453 2292 epitheti
1477 2248 1560 2284 loco
1586 2247 1770 2294 prioribus

243 2294 442 2339 adiectum,
468 2294 531 2329 sed
557 2294 673 2329 etiam
693 2294 895 2341 βραγχίοις.
939 2293 1163 2329 Conveniret
1187 2290 1418 2330 εὔκυκλον
1437 2291 1540 2341 ἅρμ’
1563 2291 1767 2330 ἐλαύνων

243 2339 462 2389 ἄβροχον·
501 2340 587 2384 περὶ
613 2339 654 2375 δὲ
681 2343 756 2375 κτλ.
807 2341 870 2376 sed
903 2352 978 2376 non
1009 2351 1160 2386 possum
1191 2340 1374 2386 divinare,
1406 2342 1497 2387 quid
1531 2342 1620 2378 olim
1654 2341 1767 2378 fuerit

243 2388 432 2434 scriptum.
483 2389 630 2423 Bunsen
656 2387 672 2422 I
696 2392 765 2423 376
791 2389 877 2433 post
909 2400 940 2424 v.
966 2392 987 2422 3
1014 2388 1207 2432 quaedam'
1223 2388 1431 2434 intercepta
1461 2400 1540 2424 esse
1565 2388 1766 2433 existimat,

244 2435 404 2471 offensus
429 2447 483 2479 eo,
511 2435 611 2480 quod
637 2434 827 2470 exordium
853 2435 933 2470 sola
958 2434 1018 2470 dei
1042 2435 1279 2471 invocatione
1304 2435 1519 2480 absolvitur,
1544 2447 1639 2480 quae
1663 2436 1768 2480 hym·

244 2495 375 2518 norum
400 2482 571 2528 legitima
597 2483 653 2517 est
678 2483 915 2518 consuetudo.
950 2503 992 2508 —
1019 2482 1062 2517 V.
1086 2486 1118 2516 4.
1153 2483 1343 2530 βραγχίοις
1367 2483 1566 2527 Hermann,
1597 2479 1769 2528 βράγχιοι

244 2530 338 2574 Ael.,
366 2527 526 2577 βράγχια
552 2530 613 2564 Tz.
641 2550 684 2555 —
711 2529 754 2564 V.
776 2533 808 2566 5.
834 2527 1031 2575 χορεύουσι
1056 2529 1104 2565 bv
1130 2534 1169 2565 et
1193 2530 1274 2566 edd.
1301 2531 1390 2566 vett.
1411 2532 1449 2566 et
1467 2531 1540 2575 Tz.,
1566 2527 1766 2575 χορεύουσ’

245 2575 286 2613 ἐν
313 2578 447 2613 rel.'——
474 2576 518 2612 V.
539 2581 570 2611 6.
598 2574 786 2623 ῥ’ίμμασιν,
814 2577 875 2613 Tz.
901 2574 1108 2622 ῤἰπάσμασι
1133 2576 1177 2620 (Β
1197 2574 1449 2623 ῤἰοἳσμμασιν).
1476 2597 1519 2602 -
1545 2576 1589 2612 V.
1611 2581 1641 2612 7.
1668 2578 1773 2622 σιμοί

243 2625 304 2668 bv,
329 2625 442 2670 vulgo
474 2625 634 2669 σεισμοί,
665 2624 852 2659 Hermann
878 2625 1026 2672 σεισμῷ.
1043 2644 1102 2651 --
1134 2623 1178 2659 V'.
1205 2628 1237 2660 9.
1265 2623 1396 2670 ἔναλα,
1429 2616 1559 2660 §vniam
1584 2624 1626 2667 b,
1660 2620 1786 2659 {fluensv

244 2669 449 2718 ἀθύρματα
493 2670 735 2708 Valckenaer.
778 2691 824 2707 —.
863 2672 906 2707 V.
948 2675 1002 2706 10.
1041 2671 1242 2716 Νηρεΐδων
1279 2682 1356 2716 ma,
1394 2672 1506 2717 vulgo
1547 2673 1609 2716 Νη
1634 2671 1764 2716 ηΐδων.

247 2739 288 2744 —-
316 2719 359 2754 V.
383 2723 437 2754 12.
476 2718 518 2753 οῖ’
548 2715 588 2763 μ’
628 2717 699 2760 εἰς,
736 2713 784 2762 ἣν
822 2715 860 2759 ἐς
898 2720 932 2754 b.
965 2739 1009 2745 --
1046 2718 1136 2763 γᾶν,
1172 2716 1242 2754 τὰν
1274 2719 1357 2754 abv.
1383 2739 1427 2744 —
1453 2719 1497 2753 V.
1531 2722 1585 2753 13.
1632 2716 1768 2763 πορεύ-

244 2778 345 2810 σατε,
371 2763 601 2812 ἕπορεύσατο
627 2765 694 2809 bv,
728 2762 937 2811 ἐπόρευσαν
968 2765 1125 2801 Brunck.
1159 2786 1205 2791 —-
1235 2762 1466 2811 πλαζόμενον
1491 2775 1563 2801 om.
1588 2778 1642 2808 m,
1673 2768 1765 2801 πλα-

246 2812 404 2869 ζομένην
436 2826 469 2850 v.
506 2834 546 2838 -
580 2813 624 2848 V.
653 2816 707 2847 14.
741 2809 913 2858 ὄχέοντες
944 2813 1107 2857 Brunok,
1139 2813 1253 2858 vulgo
1283 2811 1520 2859 χορεύοντες,
1551 2812 1623 2848 nisi
1658 2812 1766 2848 malis

246 2872 432 2904 οχευντες.
