1864 3126
803 155 990 195 IBYCUS.
1578 154 1661 199 237
1726 154 1741 167 ’

171 280 194 312 ο
219 264 333 312 ὥστε
365 265 605 324 φερέζυγος
635 266 769 317 ἵππος
799 262 1086 321 ἀεθλοφόρος
1117 264 1217 309 ποτὶ
1249 263 1388 322 γήραι·
1416 263 1561 310 ἀέκων

221 337 308 384 σὺν
340 336 498 396 ὄχεσφι
528 342 661 389 θοοῖς
692 337 736 389 ἐς
766 334 960 404 ἅμιλλαν
992 338 1083 393 ἔβα.

218 549 1103 576 υυΔ--υυέυυ-έυυ-υυ-Ὰ

222 600 482 659 Φλεγέθων,
518 592 629 657 ᾇπερ
656 596 731 642 διὰ
757 596 898 643 νύκτα
930 595 1104 655 μακρὰν
1138 600 1282 655 σείρια
1315 597 1664 655 παμφανόωντα.

125 1016 269 1065 τρομέω
294 1030 367 1060 νιν,
394 1016 553 1052 Darmst.
579 1012 748 1061 τρομέων
775 1011 842 1058 ἵν’,
860 1013 995 1050 'ProcL
1021 1012 1165 1061 τρομέω
1193 1011 1456 1061 ἐπερχόμενος.
1485 1036 1525 1041 -
1565 1014 1601 1051 V.
1630 1019 1662 1051 5.

124 1062 384 1110 ὥστε,Ῥι·οοΙ.
413 1061 532 1104 ὅστις.
562 1084 602 1089 -
630 1060 762 1108 γήραϊ,
789 1062 961 1098 Melhorn
986 1058 1102 1111 γήρᾳ,
1127 1061 1199 1098 hoc
1223 1062 1339 1098 verbo
1364 1074 1512 1099 versum
1537 1063 1664 1099 termi-

123 1125 227 1150 nans.
266 1113 440 1158 Hartung
465 1110 647 1147 excidisse
673 1111 786 1156 putat
803 1109 976 1154 verbum,
1002 1109 1107 1146 velut
1130 1109 1218 1145 ποτὶ
1236 1106 1352 1155 γήραϊ
1369 1108 1664 1157 πιλνοὲμενος.

126 1182 167 1188 -
195 1158 334 1204 ἀέκων,
353 1160 514 1195 Darmst.
535 1158 656 1195 Procl.
676 1155 814 1194 α’σκῶν.
835 1178 879 1184 -
899 1156 944 1194 V.
963 1161 996 1192 6.
1017 1153 1165 1203 ὄχεσφι,
1191 1157 1313 1194 Ursin.
1333 1155 1447 1203 ὅχεσι.
1470 1179 1514 1184 —-
1540 1160 1663 1203 θοοῖς,

125 1209 286 1246 Darmst.
306 1219 338 1245 a..
358 1219 407 1243 m.
429 1219 486 1253 pr.
507 1206 625 1242 Procl.
644 1208 764 1247 θεοῖς.
785 1225 830 1231 -
857 1203 944 1252 ἔβα,
972 1203 1065 1253 ἔβαν
1085 1205 1165 1242 eod.
1186 1205 1216 1240 B
1235 1205 1358 1249 Procli
1377 1208 1415 1242 et
1433 1206 1520 1242 vat.
1540 1207 1664 1244 Ursin.

220 1280 279 1316 Fr.
306 1283 339 1315 3.
389 1278 519 1314 Theon
545 1277 691 1322 Smyrn.
715 1288 751 1322 p.
782 1279 866 1312 146:
901 1276 1048 1317 Κοινῶς
1079 1289 1118 1312 τε
1151 1273 1241 1322 γάρ,
1274 1276 1390 1337 φῃσὶν
1416 1274 1436 1313 ὁ
1455 1273 1663 1322 Ἄδραστος,

124 1325 271 1369 πάντας
294 1323 383 1368 τοὺς
409 1323 569 1371 ἀστέρας
594 1323 633 1361 οἱ
650 1323 803 1368 ποιηταὶ
829 1325 992 1368 σειρίους
1016 1324 1215 1367 καλοῦσιν,
1241 1321 1291 1365 ὡς
1321 1326 1472 1373 Ιβυκος·
1500 1323 1663 1370 φλεγέ-

124 1379 223 1412 θων
249 1377 323 1411 κτλ.
344 1394 389 1401 —
416 1368 514 1419 ἅπερ
534 1372 684 1417 Martin,
711 1372 791 1407 cod.
812 1368 909 1416 ἅπερ
929 1371 990 1407 vel
1008 1368 1117 1417 ἅπερ.
1139 1392 1183 1397 -
1203 1371 1286 1407 Huc
1305 1372 1468 1418 pertinet
1487 1371 1664 1417 Hesych.:

126 1424 294 1469 Σείριος·
332 1419 353 1458 ὁ
386 1410 490 1467 ἥλιος
517 1449 524 1457 .
553 1449 560 1457 .
588 1449 596 1456 .
615 1416 760 1466 Ἴβυκος
792 1417 834 1455 δὲ
869 1416 996 1460 πάντα
1027 1416 1074 1454 τοὶ
1107 1415 1237 1465 ἄστρα.
1288 1419 1468 1455 Similiter
1499 1419 1602 1455 Suid.
1630 1432 1663 1457 v.

126 1473 282 1517 Σείριον
308 1471 347 1506 et
371 1469 482 1506 Phot.
507 1472 589 1512 513,
617 1471 678 1503 10:
700 1464 848 1515 Ἴβυκος
873 1465 915 1502 δὲ
942 1463 1067 1501 πάντα
1091 1464 1138 1502 τὰ
1164 1464 1283 1511 ἄστρα
1308 1467 1430 1513 σείρια
1454 1465 1566 1513 λέγει.

222 1541 281 1577 Fr.
309 1544 342 1576 4.
392 1540 527 1576 Athen.
554 1539 606 1574 IX
633 1538 766 1574 388E:
788 1534 852 1573 Ἐν
877 1534 1005 1579 ἄλλοις
1028 1536 1072 1574 δέ
1098 1549 1214 1583 φησιν
1240 1535 1448 1584 (Ἴβυκος,
1474 1551 1507 1574 ν.
1533 1538 1579 1574 fr.
1606 1540 1662 1584 8)-

127 1587 231 1625 Atel
253 1584 293 1635 μ’
316 1581 346 1623 ὦ
366 1588 451 1633 φίλε
472 1589 546 1623 κτλ.
583 1585 762 1622 Mendum
779 1585 898 1621 latere
919 1584 1189 1622 animadvertit
1207 1585 1452 1630 Valckenaer,
1479 1586 1543 1622 sed
1564 1586 1664 1631 quod

126 1635 322 1683 proposuit
351 1636 471 1681 αἴρεις
496 1630 537 1681 μ’
574 1645 648 1670 non
680 1633 773 1670 satis
803 1632 907 1669 facit.
952 1632 1108 1668 Poterat
1145 1632 1375 1670 commodius
1406 1630 1538 1679 αἴρεό
1572 1647 1666 1679 μοι,

127 1685 212 1730 φίλε
239 1682 342 1730 θυμέ
369 1681 494 1727 scribi,
519 1681 750 1728 pronomine,
775 1680 879 1717 utin
898 1679 1076 1716 familiari
1094 1691 1263 1717 sermone
1289 1681 1343 1726 fit,
1369 1681 1511 1726 addito,
1536 1693 1665 1727 quem·

127 1730 329 1768 admodum
354 1726 431 1778 ἤβα
457 1742 539 1776 μοι,
565 1728 687 1766 εἰπεῖν
713 1741 793 1775 μοι,
821 1728 897 1764 alia
922 1727 1106 1766 dicuntur.
1158 1728 1340 1774 Equidem
1366 1728 1509 1765 correxi
1534 1729 1608 1774 δίη
1617 1742 1666 1775 μι

40 1802 52 1813 χ
126 1779 165 1826 (i.
185 1790 216 1816 e.
243 1775 418 1822 πτώσσω,
443 1777 628 1824 producta
652 1776 782 1812 littera
808 1780 838 1820 I,
863 1786 952 1811 nam
976 1776 1131 1821 Ibycum
1153 1776 1393 1812 Aeolensium
1419 1787 1524 1812 more
1549 1777 1663 1813 etiam

127 1826 294 1863 iambum
319 1825 462 1871 dactyli
485 1825 570 1861 loco
596 1823 791 1860 admisisse
816 1834 890 1860 non
917 1824 975 1860 est
999 1823 1214 1860 verisimile.
1252 1824 1454 1860 Productio
1479 1823 1663 1861 rationem

128 1874 256 1918 habet,
281 1883 508 1919 quamquam
528 1871 700 1918 Orpheus
719 1872 818 1908 Lith.
834 1875 904 1907 335
924 1869 1075 1917 δειὲμεν
1101 1882 1234 1918 pamm
1259 1871 1426 1918 locuples
1445 1873 1504 1908 est
1523 1873 1664 1916 auctor,

127 1932 248 1968 neque
274 1931 504 1968 magnopere
529 1919 675 1968 confido
701 1918 934 1965 Hesychiano
960 1917 1156 1965 δειομένη,
1184 1930 1242 1966 ap.
1266 1919 1399 1956 Aesch.
1419 1918 1518 1956 Pers.
1542 1923 1621 1957 701.
1642 1924 1663 1955 2

128 1970 280 2016 δείομαι
298 1969 409 2015 plane
429 1967 619 2004 vitiosum.
658 1967 749 2003 Tres
773 1966 884 2002 huius
909 1966 1014 2002 verbi
1038 1966 1178 2003 formas
1201 1966 1439 2013 grammatici
1461 1969 1660 2012 testantur,

128 2017 250 2062 velut,
275 2018 318 2052 ut
341 2027 415 2052 uno
442 2015 612 2062 exemplo
638 2014 837 2061 defungar,
864 2013 979 2051 schol.
1006 2014 1113 2051 Hom.
1142 2014 1209 2051 od.
1237 2029 1258 2060 ρ
1280 2018 1350 2051 398
1377 2016 1548 2051 δίεσθαι·
1573 2027 1663 2059 προ-

128 2061 395 2110 παροξυτόνως
426 2059 504 2099 οἷπὸ
531 2063 598 2099 τοῦ
631 2063 754 2109 διήμι·
790 2059 870 2098 οἶδε
904 2059 947 2098 δὲ
979 2059 1020 2098 τὸ
1054 2062 1122 2099 ὃίω
1156 2064 1221 2098 καὶ
1253 2063 1322 2098 ὃιῶ
1347 2062 1413 2098 καὶ
1439 2064 1555 2109 ὃίημι.
1606 2063 1661 2098 De

128 2112 249 2148 forma
287 2111 356 2147 6ιῶ
397 2110 648 2148 coniecturam
683 2111 831 2146 tantum
868 2109 1036 2146 fecerunt
1067 2121 1110 2146 ex
1142 2111 1248 2157 ὃίημι
1280 2113 1320 2147 et
1350 2111 1504 2156 διῶμαι,
1537 2122 1664 2155 quem-

129 2158 332 2196 admodum
370 2157 542 2195 nonnulli
577 2169 644 2204 pro
682 2159 821 2204 δίωμαι
858 2157 1019 2193 scribere
1058 2157 1161 2194 soliti
1197 2161 1322 2194 erant:
1360 2169 1481 2203 neque
1519 2157 1664 2193 ratione

130 2207 309 2242 destituta
345 2209 403 2242 est
435 2206 529 2243 haec
565 2205 758 2252 prosodia,
795 2216 882 2241 nam
919 2204 1052 2241 eodem
1086 2205 1199 2242 modo
1230 2206 1398 2251 τιθῶμαι
1430 2207 1468 2241 et
1498 2206 1663 2251 τίθωμαι

131 2254 333 2290 variantur.
382 2253 478 2289 Item
509 2253 603 2289 alias
635 2252 760 2289 variae
791 2253 989 2289 verborum
1020 2252 1163 2289 formae
1195 2254 1362 2297 exstant,
1402 2253 1506 2289 velut
1535 2253 1600 2288 λίω
1627 2255 1666 2288 et

129 2302 207 2346 λιῶ,
233 2299 309 2337 vid.
336 2300 502 2346 Theogn.
532 2304 616 2336 146:
655 2301 721 2336 λίω
753 2299 819 2336 καὶ
850 2297 943 2335 αὐτὸ
976 2301 1192 2346 διφορεῖται
1223 2299 1379 2346 γεγονὸς
1410 2296 1487 2335 ἀπὸ
1520 2300 1587 2335 τοῦ
1612 2300 1663 2335 λῶ

129 2349 196 2385 λιῶ
222 2348 290 2385 τοῦ
316 2347 522 2393 δηλοῦντος
545 2345 588 2383 τὸ
606 2346 722 2384 θέλω.
754 2347 859 2391 (Inde
883 2348 1049 2393 λελίηκα,
1074 2358 1186 2394 quam
1211 2348 1370 2384 formam
1398 2347 1454 2383 Et.
1476 2347 1523 2383 M.
1545 2351 1627 2393 560,
1645 2352 1661 2383 1

129 2397 309 2439 testatur,
341 2397 380 2431 et
401 2392 635 2441 λελιημένος,
665 2394 767 2440 quod
792 2396 831 2431 et
853 2397 998 2431 veteres
1024 2397 1063 2432 et
1087 2394 1208 2432 nostri
1231 2394 1470 2442 grammatici
1495 2395 1593 2430 male
1618 2405 1664 2430 ex

129 2443 367 2490 λελιλημένος
391 2444 514 2478 ortum
540 2441 781 2487 existimant.)
817 2442 899 2478 Hac
923 2442 1045 2489 forma
1069 2455 1156 2479 usus
1181 2447 1238 2480 est
1263 2443 1508 2489 Epicharmus
1528 2442 1663 2478 Athen.

131 2491 182 2527 VI
206 2495 276 2528 235
290 2491 319 2526 F
351 2490 416 2526 καὶ
446 2490 497 2536 τῷ
529 2502 578 2535 γα
604 2486 654 2535 μὴ
678 2489 823 2533 λιῶντι,
856 2490 954 2548 q'uod
978 2501 1175 2536 perperam
1211 2490 1431 2527 coniecturis
1466 2491 1666 2535 tentatum,

69 2560 73 2563 -
131 2539 222 2574 item
252 2537 477 2584 Hesychius:
515 2535 646 2585 λε’ῳμι·
683 2534 835 2582 θέλοιμι
870 2550 937 2582 αν,
975 2537 1038 2573 ubi
1076 2538 1227 2574 omnino
1258 2538 1373 2584 λεῶμι
1410 2537 1663 2573 scribendum:

133 2598 218 2622 nam
241 2590 270 2632 I,
295 2586 395 2631 quod
419 2585 459 2621 in
484 2595 575 2621 voce
594 2584 644 2620 λῶ
670 2594 820 2630 prorsus
844 2584 1009 2628 evanuit,
1034 2585 1096 2621 hic
1115 2586 1227 2621 cessit
1245 2575 1394 2622 litterae
1416 2586 1458 2622 E.
1493 2584 1662 2621 Alteram
1681 2616 1687 2621 ,

131 2633 291 2670 formam
315 2633 381 2669 λίω
406 2631 625 2679 suppeditat
649 2643 724 2667 non
749 2631 870 2667 solum
894 2632 952 2668 Et.
979 2632 1028 2667 M.
1053 2635 1135 2678 812,
1160 2637 1204 2668 31
1232 2634 1296 2668 λίω
1321 2629 1364 2668 τὸ
1389 2632 1664 2678 προθυμοῦμαι

131 2681 214 2727 (ubi
237 2681 357 2717 Cram.
382 2679 452 2717 An.
480 2680 547 2715 Ox.
573 2679 588 2714 I
613 2682 682 2714 401
708 2679 808 2736 λιῶ),
835 2679 900 2715 sed
925 2679 1038 2715 etiam
1065 2679 1198 2716 Arcad.
1223 2684 1306 2716 164:
1333 2677 1379 2715 τὰ
1406 2679 1460 2720 εἰς
1484 2684 1512 2715 ὦ
1539 2682 1664 2716 καθα-

132 2726 202 2774 ρὸν
228 2726 363 2774 ἔχοντα
382 2735 397 2763 ῑ
415 2724 664 2773 ἐκτεταμένον
692 2727 915 2774 βαρυνεται,
940 2725 977 2762 εἰ
998 2724 1048 2772 μὴ
1074 2724 1195 2773 ὄνομα
1217 2726 1312 2773 ἔχοι,
1337 2728 1415 2771 ψίω
1441 2724 1497 2773 (τὸ
1521 2724 1665 2776 ἕμβρωέ

133 2776 288 2822 ματίζω)
311 2776 389 2820 λίω,
415 2776 545 2821 δηρίω,
569 2774 635 2810 ubi
653 2773 770 2809 nolim
789 2770 882 2810 ἅλίω
901 2773 1099 2810 restituere
1119 2785 1164 2810 ex
1183 2774 1395 2811 Herodiano
1413 2787 1452 2810 π.
1472 2776 1565 2820 διχρ.
1581 2778 1664 2821 298,

132 2823 198 2860 ubi
221 2820 314 2858 nium
340 2823 438 2859 inter
462 2821 660 2867 trisyllaba
690 2822 918 2865 recensetur,
954 2821 1135 2857 Arcadius
1166 2822 1322 2858 fortasse
1354 2823 1552 2868 utrumque
1583 2823 1663 2868 (λίω

133 2872 173 2905 et
195 2866 304 2914 oium)
329 2869 477 2915 attulit,
502 2881 546 2906 ac
572 2869 603 2905 si
628 2871 728 2905 recte
753 2868 925 2913 memini,
951 2868 1064 2904 etiam
1090 2869 1310 2914 Apollonius
1334 2871 1400 2905 λίω
1425 2869 1592 2906 adhibet.
1616 2890 1661 2897 -

133 2915 235 2964 θυμέ
261 2917 495 2953 Valckenaer
519 2916 749 2963 emendavit,
775 2916 881 2953 codd.
908 2913 954 2952 οὔ
979 2929 1036 2963 με.
1064 2938 1107 2943 -
1137 2912 1228 2964 ὅκα,
1253 2916 1284 2952 Β
1310 2913 1578 2965 ὁκηπορφυρίς.
