1864 3126
1749 0 1766 23 f·
1779 0 1815 25 ³13·

1820 82 1825 84 ,
1840 90 1855 108 3..

350 243 407 300 μὴ
441 260 580 286 κακον
611 242 660 286 σὲ
691 243 801 299 μέγα
832 241 1020 300 ποιήσῃς
1049 240 1159 299 κήμὲ
1190 241 1274 287 τὰν
1304 243 1559 301 δειλάκραν·
1686 248 1777 290 1307

351 311 491 371 ἁμέρα
521 312 594 356 καὶ
628 312 701 370 δή·
732 311 782 357 τὸ
815 315 910 370 φῶς
942 311 990 367 ζα
1022 315 1101 366 τοῖς
1131 316 1321 371 θυρίδος
1352 313 1434 359 οὐκ
1466 313 1592 373 ὀρῇς;

255 125 339 167 666
562 167 563 171 Ἰ
746 123 967 159 CARMINA
993 91 1279 161 POPULARIA.

983 433 1052 475 28.

338 512 415 566 ’Ἐς
445 530 491 557 τε
522 514 659 570 μέσον
690 516 846 558 πεδίον
878 513 1225 571 Στενυκλήριον,
1259 518 1302 566 ἔς
1331 512 1369 558 τ’
1406 513 1511 572 ὅρος
1541 510 1681 574 ἄκρον

409 582 539 628 εἵπετ’
572 582 881 641 ’Λριστομένης
910 592 1002 635 τοῖς
1034 586 1416 641 Λακεδαιμονίοις.

981 786 1051 828 29.

344 866 418 911 Ἐν
450 870 622 926 φανερᾷ
653 867 865 924 γενόμαν,
897 866 1069 923 πάτραν
1102 868 1154 911 δέ
1183 885 1270 924 μου
1301 865 1504 925 ἁλμυρὸν
1533 866 1657 926 ὕδωρ

407 936 545 995 ἀμφὶς
577 942 680 995 ἔχει·
712 937 854 995 μήτηρ
887 936 929 981 δ’
964 935 1053 982 ἔστ’
1089 935 1303 996 ἀριθμοῖο
1335 938 1448 991 πάϊς.

979 1057 1049 1100 30.

395 1138 575 1184 ‘'Hoo‘mv
608 1138 804 1196 ἀλγήσας
835 1142 972 1183 παῖδα
1002 1137 1084 1183 τὸν
1115 1140 1161 1183 ἐκ
1192 1140 1384 1192 Θέτιδος.

253 1294 323 1317 στω
350 1282 517 1339 Bentley,
542 1279 680 1317 άνιστῶ
706 1281 810 1316 PVL.
833 1301 874 1307 -
899 1281 940 1317 V.
963 1285 994 1337 3.
1022 1293 1061 1316 σε
1074 1280 1184 1339 μέγα
1210 1278 1369 1327 ποιήσῃς
1393 1278 1488 1338 κήμὲ
1515 1281 1666 1328 scripsi,
1690 1282 1779 1318 libri

252 1328 348 1374 μέγα
367 1327 524 1376 ποιήσῃς
542 1330 612 1365 καί
627 1342 684 1375 με,
704 1328 866 1364 Dindorf
885 1326 1022 1386 ποιήσῃ
1049 1341 1089 1363 σε
1114 1325 1224 1372 κάμε,
1250 1329 1369 1364 Bothe
1387 1326 1545 1376 ποιήσῃς
1563 1342 1620 1374 με.
1643 1350 1685 1356 -
1706 1327 1776 1366 τὰν

255 1376 385 1420 Bothe,
411 1365 526 1422 vul‘go
552 1374 630 1422 τὴν
658 1397 701 1402 ——
729 1377 772 1411 V.
799 1380 834 1411 4.
859 1374 906 1421 δή
933 1375 1080 1421 scripsi,
1115 1374 1229 1421 vulgo
1261 1373 1350 1420 ἤδη,
1377 1378 1508 1412 contra
1532 1376 1694 1413 Dindorf
1714 1377 1779 1413 καὶ

254 1423 403 1459 delevit.
432 1445 475 1450 —
503 1421 546 1467 ζὰ
575 1423 721 1470 scripsi,
747 1423 833 1459 libn·
858 1390 935 1465 διὰ
962 1423 1007 1458 cf.
1029 1424 1181 1459 Theocr.
1204 1422 1324 1458 XXIX
1350 1428 1371 1458 6
1397 1421 1440 1466 ζόι
1465 1421 1535 1459 τὰν
1561 1422 1632 1460 σὰν
1657 1422 1778 1461 ἰδέαν.

253 1468 399 1524 -ὄρῇς
413 1471 555 1516 scripsi,
572 1452 760 1518 έκορῇςᾍ,
776 1467 963 1516 ἐκόρηςΒ,
978 1467 1109 1517 ε’σορῇς
1122 1470 1198 1507 VL.
1212 1470 1383 1506 Meineke
1397 1470 1554 1516 εἰσορῆς.
1581 1471 1779 1509 Schneide-

253 1531 339 1562 wm,
365 1520 408 1554 ut
426 1519 627 1555 Locrorum
648 1518 850 1554 dialectum
864 1518 1097 1576 restitueret,
1124 1518 1170 1554 de
1195 1529 1268 1563 qua
1291 1518 1387 1553 nihil
1412 1519 1642 1576 compertum
1666 1520 1778 1555 habe-

253 1566 331 1611 bat,
356 1579 390 1601 v.
408 1570 426 1601 1
448 1563 532 1610 ἁμέ,
558 1578 591 1601 v.
607 1570 628 1601 2
654 1566 772 1623 κῆνον
793 1567 832 1601 et
852 1562 986 1600 ἀνίστα
1012 1565 1175 1610 scripsit,
1202 1566 1350 1611 poterat
1375 1568 1474 1602 certe
1500 1563 1630 1612 άμάρα
1655 1567 1779 1610 scribi,

252 1615 295 1648 ut
320 1615 378 1649 est
407 1613 446 1648 in
471 1613 593 1649 titulis
627 1609 709 1649 δέκ’
737 1611 900 1659 άμαρᾶν.
927 1633 972 1638 -
997 1613 1185 1648 Hermann
1218 1612 1366 1655 (Philol.
1393 1612 1426 1648 V
1453 1615 1535 1670 743)
1567 1616 1701 1649 cuncta
1731 1595 1780 1650 aci

252 1660 429 1696 creticum
454 1671 648 1696 numerum
672 1671 846 1696 revocare
871 1659 1030 1696 studuit·
1057 1654 1098 1695 ,Ω
1123 1661 1163 1695 τί
1183 1656 1339 1717 πάσχεις
1364 1658 1427 1702 ⁶233
1459 1658 1528 1717 μή,
1554 1658 1604 1706 μὴ
1620 1661 1780 1717 προδῷς

254 1706 328 1753 ἔμ’,
361 1706 517 1744 ἱκετεύω
551 1720 608 1752 σε,
641 1707 728 1764 πρὶν
760 1707 825 1743 καὶ
856 1705 1140 1766 μολὲνΙκῆνον·
1174 1704 1341 1743 άνστᾶθι
1364 1707 1429 1743 καὶ
1460 1721 1510 1753 μη
1537 1704 1657 1743 κακὸν
1673 1707 1779 1764 μέγα

252 1752 410 1802 ποιήσῃς
435 1768 480 1813 με
507 1753 575 1791 τὰν
602 1753 820 1801 δειλάκραν
843 1755 849 1801 Ι
871 1752 995 1801 ἁμέρα
1021 1751 1058 1790 δ’
1088 1753 1165 1790 ἐστὶ
1189 1755 1252 1790 καὶ
1279 1752 1344 1800 δή·
1379 1752 1421 1790 τὸ
1449 1756 1530 1800 φῶς
1554 1754 1595 1791 τὸ
1623 1752 1686 1791 δια
1712 1756 1778 1797 τᾶς

253 1803 412 1847 θυρίδος
437 1799 505 1838 οὐκ
533 1802 697 1851 εἰσορᾷς;

347 1850 404 1887 Fr.
431 1854 487 1886 28.
537 1839 693 1886 Pausan.
720 1850 769 1885 IV
799 1853 858 1894 16,
886 1854 924 1885 6:
956 1846 1200 1907 Ἀριστομένει
1225 1847 1284 1893 δέ,
1311 1846 1360 1890 ὡς
1385 1846 1616 1896 ἀνέστρεψεν
1645 1847 1683 1891 ές
1707 1847 1776 1895 τὴν

252 1894 456 1941 Ἀνδανίαν,
467 1898 634 1954 ταινιας
659 1895 702 1932 αἱ
729 1901 906 1954 γυναῖκες
931 1896 996 1932 καὶ
1020 1910 1066 1932 τα
1093 1894 1212 1941 ὦραια
1225 1894 1516 1956 ἐπιβάλλουσαι
1541 1898 1616 1932 τῶν
1641 1896 1777 1933 ἀνθῶν

254 1941 432 1989 ἐπέλεγον
458 1938 558 1993 ᾆσμα
584 1942 625 1980 τὸ
652 1944 718 1980 καὶ
737 1941 812 1985 ἐς
794 1945 892 1990 ημᾶς
913 1942 966 1979 ἔτι
985 1940 1192 1993 ᾀδόμενον·
1219 1957 1263 1984 ες
1287 1957 1332 1980 τε
1360 1943 1497 1990 μέσον
1522 1947 1597 1981 κτλ.
1632 1945 1778 1981 Hecker

253 1991 286 2026 ΙῘ
306 1995 350 2026 41
371 1980 652 2037 Epaminondae
677 1993 826 2027 demum
852 1993 975 2027 aetate
989 1980 1092 2026 hanc
1111 1991 1337 2027 cantilenam
1357 1991 1603 2037 compositam
1621 2003 1702 2028 esse
1722 2003 1779 2027 ar-

253 2038 424 2082 bitratur,
451 2038 516 2074 sed
541 2038 635 2074 nihil
660 2050 792 2075 causae
818 2038 938 2082 video,
965 2050 1028 2074 cur
1053 2038 1318 2096 antiquitatem
1337 2038 1424 2074 huic
1443 2039 1602 2075 disticho
1622 2039 1777 2096 abroge-

253 2098 346 2129 mus,
373 2086 417 2122 cf.
445 2085 573 2141 Polyb.
596 2086 646 2120 lV
667 2090 728 2121 33.
756 2085 794 2121 οἱ
815 2099 887 2131 γαρ
912 2083 1121 2144 Μεσσήνιοι
1146 2082 1250 2142 πρὸς
1264 2082 1388 2126 αλλοις
1412 2089 1560 2127 πολλοις
1585 2086 1650 2121 καὶ
1674 2083 1776 2132 παροὲ

252 2130 318 2168 τὸν
343 2133 410 2168 τοῦ
431 2131 521 2173 Διὸς
546 2134 612 2169 τοῦ
632 2134 799 2168 Λυκαίου
827 2130 953 2180 βωμὸν
973 2130 1165 2168 ἀνέθεσαν
1186 2130 1320 2178 στήλην
1347 2130 1388 2167 έν
1414 2137 1491 2174 τοῖς
1515 2129 1600 2168 κατ’
1626 2130 1775 2178 Ἀριστο-

252 2178 346 2225 μένη
378 2185 540 2226 καιροῖς,
572 2178 750 2225 καθάπερ
785 2182 850 2215 καὶ
875 2178 1134 2225 Καλλισθένης
1167 2181 1278 2226 φησί,
1312 2177 1528 2226 γράψαντες
1557 2178 1599 2216 τὸ
1626 2179 1777 2227 γράμμα

254 2228 379 2263 τοῦτο·

466 2273 624 2316 Πάντως
649 2272 669 2310 ὁ
695 2273 827 2320 χρόνος
842 2268 938 2331 εὗρε
966 2275 1076 2331 δίκην
1102 2272 1222 2331 ἀδίκῳ
1248 2275 1413 2331 βασιλῆϊ,

537 2318 622 2368 εὗρε
651 2321 692 2358 δε
719 2319 921 2381 Μεσσήνης
946 2334 1015 2358 συν
1042 2322 1107 2357 Διὶ·
1131 2319 1196 2358 τὸν
1212 2319 1411 2380 προδότην

466 2367 635 2415 ρηίδίως·
662 2368 826 2416 χαλεπὸν
853 2367 895 2404 δε
922 2372 1056 2404 λαθεῖν
1081 2366 1179 2405 θεὸν
1205 2366 1316 2414 ανδρ’
1345 2366 1538 2414 ἐπίορκον·

536 2421 661 2463 χαιρε,
687 2417 760 2453 Ζεῦ
787 2417 959 2465 βασιλευ,
985 2416 1049 2452 καὶ
1075 2414 1152 2452 σάω
1175 2414 1380 2462 Ἀρκαδίαν.

253 2487 383 2523 eadem
408 2488 613 2524 Pausanias
638 2487 689 2523 IV
715 2491 772 2531 22,
799 2492 830 2523 7.

348 2535 405 2570 Fr.
418 2539 489 2591 u29.
539 2534 673 2571 Athen.
700 2534 734 2569 X
758 2539 828 2571 455
848 2535 897 2570 D.
932 2533 1030 2571 ἔστιν
1061 2532 1280 2593 εὐπορῆσαι
1295 2533 1358 2570 καὶ
1384 2531 1505 2570 αλλων
1530 2534 1690 2592 γρίφων·
1727 2530 1775 2569 έν

254 2583 433 2632 φανερᾷ
460 2585 534 2618 κτλ.
579 2583 727 2641 φανερᾷ
747 2595 817 2638 μεν
836 2577 904 2617 οὖν
923 2581 1021 2628 λέγει
1043 2583 1095 2642 τῇ
1108 2580 1231 2629 Δήλῳ,
1256 2578 1336 2639 ἥτις
1360 2578 1434 2617 ὑπὸ
1461 2579 1655 2638 θαλάσσης
1668 2594 1774 2640 περι-

255 2629 399 2687 έχεται,
425 2628 543 2690 μήτηρ
570 2628 607 2666 δ’
634 2627 658 2675 ἡ
683 2627 804 2676 Λητώ,
817 2625 910 2686 ἥτις
933 2631 1050 2666 Κοίου
1078 2627 1151 2666 ἐστὶ
1178 2632 1255 2674 θυγ
1235 2627 1365 2675 γάτηρ,
1391 2626 1616 2669 Μακεδόνες
1641 2627 1683 2664 δὲ
1709 2626 1775 2664 τὸν

253 2674 277 2712 ά
280 2658 421 2723 ριθμὸν
452 2682 558 2714 κοῖον
589 2689 922 2723 προσαγορευουσι.
973 2677 1017 2713 cf.
1051 2669 1220 2713 Eusfath.
1249 2676 1317 2712 Ο(1.
1346 2680 1447 2720 1558,
1473 2680 1506 2714 3.
1532 2696 1576 2702 —
1604 2675 1647 2710 V.
1675 2679 1706 2711 1.
1733 2672 1774 2711 έν

253 2725 401 2774 φανερᾷ
427 2723 551 2760 ABCP
577 2725 690 2784 Eust7
717 2722 758 2760 ἐν
784 2737 906 2770 φρανε
910 2725 938 2773 ᾧ
958 2724 1033 2761 VL.
1061 2745 1103 2750 —-
1129 2721 1276 2768 πάτραν
1302 2722 1346 2759 δέ
1371 2737 1442 2770 μου
1462 2722 1536 2768 Ac,
1559 2720 1658 2767 πάτρ
1638 2736 1707 2768 ρην
1732 2721 1775 2758 δέ

252 2784 323 2815 μου
349 2761 465 2816 Eust„
491 2768 613 2817 πάτρη
639 2752 690 2808 δε)
708 2785 772 2817 μοι
784 2738 906 2807 PVLQ
930 2793 973 2797 —
999 2772 1043 2807 V.
1070 2776 1103 2808 2.
1132 2767 1207 2807 ἔστ’
1235 2770 1265 2805 L
1291 2770 1405 2816 Eust„
1433 2751 1536 2806 ἐστὶν
1555 2769 1628 2806 PV.

349 2819 405 2854 Fr
433 2823 488 2854 30.
539 2819 689 2865 Trypho
714 2819 800 2861 περὶ
825 2816 971 2863 τρόπων
998 2830 1027 2855 c.
1054 2822 1076 2853 4
1101 2818 1242 2874 (Rhett.
1262 2817 1322 2854 Gr.
1343 2818 1394 2853 III
1416 2821 1482 2853 193
1501 2816 1559 2853 ed.
1581 2817 1773 2873 Spengel):

252 2865 429 2911 διαφέρει
457 2863 497 2900 δε
521 2867 705 2912 (αἴνιγμα)
727 2862 961 2911 ἀλληγορίας,
987 2879 1045 2901 οτι
1069 2862 1092 2911 ἡ
1119 2862 1188 2911 μὲν
1213 2861 1449 2911 ἀμαυροῦται
1473 2877 1497 2909 η
1521 2861 1620 2907 λέξει
1647 2860 1668 2909 ἢ
1695 2864 1774 2899 δια·
