1864 3126
895 676 1046 731 XX.,
1218 723 1220 726 ,
1610 687 1700 720 1046

553 769 1316 821 ANAOREONTEA.

277 909 602 946 Anacreontea.
644 909 699 945 De
718 909 923 956 originibus
948 910 1083 946 horum
1108 907 1314 945 carminum
1334 911 1506 945 accurate
1530 910 1570 945 et
1593 909 1702 946 docte

183 958 391 1004 disputavit
421 958 459 993 O.
487 958 528 993 G.
557 958 667 993 Stark
693 957 953 1002 (Quaestiones
978 956 1271 993 Anacreonticae
1296 955 1366 1002 Lip
1369 969 1396 992 s.
1426 959 1548 1002 1846):
1584 968 1706 1003 neque

182 1008 326 1051 tamen,
359 1006 460 1051 quod
491 1005 557 1041 ille
583 1005 788 1048 existimat,
821 1015 1039 1059 germanum
1068 1004 1188 1039 ullum
1211 969 1455 1040 Anacrci'ontis
1489 1015 1637 1040 carmen
1667 1005 1707 1041 in

182 1054 239 1090 his
276 1054 391 1098 inest,
430 1052 495 1088 sed
532 1052 748 1088 recentioris
786 1052 939 1097 originis
972 1053 1057 1087 sunt
1088 1051 1229 1096 omnia,
1267 1051 1422 1088 diversis
1457 1052 1525 1088 illa
1555 1051 1707 1098 quidem

183 1101 369 1137 aetatibus
407 1100 615 1146 composita
646 1102 684 1136 et
712 1099 892 1146 temporis
925 1100 1080 1136 decursu
1116 1079 1321 1135 identidem
1358 1099 1573 1135 immutata:
1611 1111 1706 1145 quae

183 1160 275 1194 quas
302 1148 484 1184 subierint
508 1147 801 1191 vicissitudines,
828 1147 974 1183 ostendi
993 1147 1042 1182 ad
1062 1157 1211 1182 carmen
1231 1151 1269 1182 3.
1296 1148 1335 1182 et
1359 1146 1445 1183 hinc
1470 1146 1706 1192 potissimum

183 1195 426 1242 intelligitur,
459 1196 600 1240 quanta
625 1195 674 1231 sit
698 1194 912 1231 adhibenda
936 1194 1058 1231 cautio
1083 1194 1122 1229 in
1146 1193 1204 1229 his
1233 1194 1456 1230 carminibus
1483 1194 1531 1230 ad
1555 1194 1707 1232 criticae

185 1243 276 1279 artis
308 1244 410 1289 leges
442 1242 681 1288 corrigendis,
731 1242 905 1278 Carmina
936 1253 979 1278 eo
1011 1242 1138 1278 ordine
1176 1241 1352 1286 exhibeo,
1391 1253 1464 1287 quo
1500 1241 1540 1277 in
1578 1242 1705 1278 codice

184 1291 371 1336 leguntur,
390 1290 538 1336 vulgari
558 1289 713 1325 ordine'
703 1300 855 1335 msuper
868 1289 1090 1336 significato
1107 1309 1149 1314 —
1166 1287 1405 1325 Collectanea
1428 1289 1523 1326 haec
1543 1288 1709 1325 carmina.

185 1350 298 1384 quam
317 1337 437 1373 varias
450 1337 631 1373 subierint
648 1337 924 1373 vicissitudines
943 1339 979 1373 et
992 1336 1306 1382 quemadmodum
1325 1336 1460 1372 sensim
1481 1337 1708 1391 amplificata

185 1386 275 1428 sint,
313 1385 529 1431 perspiciet,
568 1385 632 1430 qui
670 1384 717 1420 ad
748 1386 950 1420 metrorum
982 1384 1236 1420 diversitatem
1270 1383 1508 1430 potissimum
1542 1384 1707 1420 animum

188 1432 402 1469 adverterit.
452 1432 486 1466 A
516 1431 700 1478 principio
738 1432 836 1468 enim
873 1433 966 1468 haec
1004 1432 1147 1478 sylloge
1185 1431 1525 1477 comprehendebat
1559 1432 1707 1467 tantum

186 1480 351 1516 carmina
387 1479 609 1515 hemiambis
645 1479 806 1525 inclusa,
843 1478 882 1514 id
920 1479 1019 1525 quod
1049 1479 1163 1515 etiam
1188 1490 1286 1515 nunc
1311 1479 1443 1515 titulus
1473 1478 1706 1515 testificatur.

185 1528 288 1564 Haec
319 1527 484 1563 carmina
513 1527 749 1563 breviuscula
778 1529 822 1562 ut
852 1527 1054 1572 plurimum
1087 1528 1125 1562 et
1160 1527 1264 1562 tenui
1301 1537 1470 1562 sermone
1501 1525 1711 1580 conscripta

185 1586 254 1611 nec
279 1575 416 1621 leporis
443 1574 610 1620 expertia
633 1574 734 1610 haud
760 1574 870 1610 dubie
895 1574 1050 1610 vincunt
1061 1575 1250 1628 poemata
1269 1573 1465 1610 dimetris
1454 1572 1587 1609 ionicis
1607 1585 1706 1610 com-

187 1622 322 1669 posita,
347 1622 531 1676 ampliora
554 1622 632 1657 fere
656 1623 693 1657 et
710 1623 836 1658 fucato
855 1621 975 1658 nitore
1000 1620 1173 1667 insignia,
1199 1632 1294 1666 quae
1319 1621 1510 1657 rhetorum
1529 1623 1568 1657 et
1586 1618 1714 1667 sophi·x

188 1674 330 1705 starum
354 1669 478 1715 potius
511 1670 648 1714 artem,
680 1680 792 1715 quam
817 1671 1013 1715 poetarum
1037 1669 1215 1716 produnt,
1244 1670 1286 1704 ut
1311 1679 1398 1714 prae
1423 1668 1500 1704 illis
1525 1669 1710 1712 sordeant,

188 1717 259 1752 nisi
289 1717 385 1752 forte
417 1729 531 1752 unum
562 1717 623 1752 vel
654 1716 813 1752 alterum
844 1717 892 1752 ad
917 1716 1113 1762 antiquum
1144 1717 1334 1761 exemplar
1365 1717 1423 1752 est
1452 1716 1711 1762 compositum,

186 1765 291 1800 velut
315 1769 372 1800 31.
421 1764 489 1799 His
527 1763 679 1809 quidem
708 1764 864 1800 noviciis
895 1764 1096 1800 admodum
1132 1763 1328 1800 cantilenis
1358 1765 1470 1799 aucta
1501 1765 1558 1799 est
1581 1764 1712 1809 postea

186 1811 405 1857 principalis
431 1812 584 1857 sylloge.
618 1811 786 1847 Accessit
810 1811 968 1856 denique
993 1811 1280 1857 Byzantinorum
1303 1810 1494 1847 hominum
1520 1811 1712 1856 sedulitas,

189 1858 254 1904 qui
278 1862 434 1903 utroque
460 1870 633 1894 versuum
658 1869 792 1903 genere
818 1859 872 1894 usi
899 1859 1104 1894 cantilenas
1129 1859 1276 1904 ineptas
1301 1859 1520 1904 plerumque
1544 1860 1583 1894 et
1602 1859 1710 1894 semi-

188 1906 366 1942 barbaras
386 1905 620 1941 addiderunt.
659 1906 799 1941 Verum
822 1906 916 1942 haec
941 1906 1108 1951 pluribus
1127 1905 1299 1963 persequi
1316 1916 1391 1942 non
1410 1907 1467 1941 est
1490 1905 1600 1941 huius
1623 1905 1709 1942 loci.

191 1975 235 1980 —
256 1953 428 1989 Ceterum
447 1964 522 1988 non
541 1953 664 1999 recepi
683 1964 802 1997 neque
822 1964 970 1988 carmen
989 1952 1042 1994 εἰς
1061 1950 1196 1998 νεκρὸν
1211 1950 1378 1997 Ἄδωνιν,
1403 1953 1502 1998 quod
1524 1953 1711 1988 Theocrito

191 2001 307 2046 vulgo
339 2000 533 2045 tribuitur,
565 2000 630 2036 sed
654 2000 789 2036 Bionis
813 2002 943 2054 potius
969 2011 1050 2036 esse
1074 2001 1237 2043 videtur,
1268 2011 1314 2036 ne
1342 2011 1389 2035 ue
1417 2000 1596 2035 Theodori
1620 2000 1710 2035 Pro-

187 2049 307 2085 dromi
331 2059 500 2093 carmen,
527 2048 627 2093 quod
654 2048 712 2083 est
737 2048 878 2083 editum
902 2048 942 2083 in
966 2047 1120 2084 Notitiis
1145 2048 1184 2083 et
1207 2047 1293 2084 Exc.
1343 2047 1427 2083 odd.
1448 2047 1562 2082 Paris.
1583 2047 1670 2082 VIII
1689 2051 1710 2082 2

187 2108 225 2141 p.
258 2098 343 2140 125,
381 2106 448 2131 nec
491 2095 652 2140 denique
691 2095 806 2130 Pauli
846 2095 1054 2131 Silentiarii
1098 2105 1247 2131 carmen
1289 2093 1343 2136 εἰς
1386 2091 1432 2130 τὰ
1470 2091 1510 2130 ἐν
1548 2095 1713 2135 Πυθίοις

187 2140 326 2189 θερμά.
365 2142 501 2178 Contra
525 2142 601 2178 alia
625 2142 810 2187 quaedam
835 2142 1000 2178 carmina
1025 2142 1065 2178 in
1083 2141 1299 2188 Appendice
1324 2141 1482 2187 subieci,
1507 2141 1552 2178 de
1578 2141 1712 2188 quibus

190 2191 334 2226 dicetur
360 2201 426 2226 suo
451 2189 613 2226 1000.-
639 2190 898 2226 Anacreontea
921 2190 1132 2243 propagata
1157 2191 1243 2225 sunt
1267 2190 1345 2225 solo
1364 2188 1570 2235 Anthologi
1572 2200 1616 2225 ae
1641 2189 1710 2224 Pa-

187 2238 330 2273 latinae
356 2237 543 2282 exemplo,
568 2237 607 2272 in
632 2248 704 2282 quo
730 2237 956 2273 carminibus
975 2236 1143 2283 figuratis
1163 2236 1333 2273 subiecta
1356 2201 1570 2290 leguntur?1
1573 2249 1617 2291 ex
1642 2237 1712 2272 hoc

188 2285 285 2320 libro
313 2283 452 2331 primus
471 2284 653 2320 Henricus
675 2284 885 2330 Stephanus
910 2285 1009 2321 foras
1029 2284 1149 2320 dedit:
1176 2284 1227 2330 Sp
1229 2284 1337 2321 aletti
1360 2283 1515 2329 librum,
1541 2283 1606 2328 qui
1623 2285 1712 2320 tunc

190 2331 394 2368 Vaticanae
412 2331 662 2368 bibliothecae
681 2332 867 2368 thesauris
887 2331 1059 2368 conditus
1079 2333 1171 2378 erat,
1190 2331 1311 2368 denuo
1331 2331 1560 2367 examinavit
1573 2332 1711 2367 Romae

192 2383 282 2416 1781
305 2380 380 2425 (83)
413 2391 542 2424 parum
567 2379 632 2415 ille
659 2379 807 2424 quidem
832 2379 1048 2425 diligenter:
1077 2379 1235 2425 denique
1259 2379 1414 2415 tertium
1440 2378 1598 2415 contulit
1615 2379 1711 2414 Rose

189 2425 360 2471 Parisiis,
385 2425 450 2462 ubi
475 2438 556 2463 eam
581 2428 728 2472 partem
752 2426 903 2471 codicis,
932 2437 1027 2472 quae
1051 2427 1310 2463 Anacreontea
1334 2426 1516 2470 continet,
1543 2425 1711 2461 relictam

191 2486 272 2510 esse
309 2475 472 2518 constat,
505 2474 678 2520 idemque
703 2474 821 2510 edidit
850 2474 1000 2520 Lipsiae
1028 2478 1128 2511 1868.
1167 2473 1290 2510 Codex
1313 2473 1505 2510 Palatinus
1533 2472 1713 2519 plurimas

189 2522 367 2558 lectionis
397 2503 597 2558 varietates
622 2521 773 2557 exhibet
796 2522 857 2557 vel
882 2532 992 2576 supra
1018 2522 1077 2557 vel
1100 2521 1140 2556 in
1165 2522 1333 2567 margine
1363 2521 1525 2557 additas.
1557 2531 1601 2556 ac
1625 2531 1714 2555 non·

194 2568 299 2604 nulla
325 2564 476 2614 quidem
500 2568 579 2615 ipse
604 2568 778 2604 librarius
804 2580 870 2605 suo
894 2568 1060 2614 periculo
1085 2569 1233 2605 videtur
1258 2568 1478 2613 correxisse,
1503 2568 1568 2603 sed
1593 2567 1711 2613 plera-

192 2628 263 2661 que
289 2615 438 2653 aliunde
464 2616 613 2652 ascivit.
639 2627 727 2651 nam
751 2618 883 2662 aperta
907 2616 1059 2662 menda,
1085 2616 1188 2652 velut
1212 2616 1337 2651 πίθων
1362 2626 1429 2661 pro
1454 2615 1614 2659 πείθων,
1639 2614 1713 2650 alia

191 2664 230 2698 id
255 2675 372 2709 genus
397 2663 457 2699 vel
483 2675 592 2699 sensu
617 2675 734 2708 cassa,
754 2663 857 2699 velut
874 2667 931 2708 51,
951 2668 972 2699 5
991 2663 1219 2710 παραμένων
1238 2674 1304 2709 pro
1324 2663 1554 2709 περίμεινον,
1578 2673 1714 2706 neque-

193 2712 261 2746 unt
286 2711 486 2746 correctori
510 2711 635 2746 tribui.
674 2711 831 2747 Videtur
856 2691 957 2746 aliu'd
983 2711 1193 2758 exemplum
1219 2710 1448 2753 adhibuisse,
1474 2709 1571 2744 unde
1595 2710 1714 2744 trans-

193 2758 282 2792 tulit
305 2758 444 2803 passim
470 2758 594 2794 varias
614 2758 827 2804 scripturas,
853 2757 946 2794 alias
965 2760 1091 2794 autem
1111 2758 1275 2811 repperit
1293 2757 1425 2810 opinor
1441 2756 1481 2792 in
1499 2757 1714 2802 archetypo,

195 2805 294 2848 quod
305 2771 534 2857 pdescripsit,
566 2805 606 2840 id
637 2806 737 2851 quod
768 2807 930 2852 arguunt
959 2805 1126 2851 duplices
1158 2804 1361 2851 scripturae
1392 2802 1558 2840 eiusdem
1588 2814 1715 2839 versus

195 2850 234 2886 in
260 2851 429 2888 ordinem
461 2833 658 2889 verborum
690 2854 863 2899 receptae
895 2856 1085 2898 4,10.11
1114 2854 1152 2889 et
1177 2855 1404 2898 61,14.15,
1440 2851 1532 2898 item
1569 2850 1715 2897 saepius
