1864 3126
845 133 1047 172 SAPPHO.
1625 133 1711 177 135

746 243 1142 298 141.142.[131]
1722 254 1793 288 920

297 331 466 371 Pausan.
499 329 600 370 VIII
633 331 700 381 18,
733 330 777 370 5:
817 328 957 369 Καίτοι
986 326 1227 383 καθαρεύειν
1261 345 1305 384 γε
1341 326 1410 371 τὸν
1445 325 1593 383 χρυσὸν
1628 324 1708 370 ὑπὸ

176 398 248 439 τοῦ
277 395 342 438 ίοῢ
371 392 399 448 ἥ
428 410 467 436 τε
497 391 679 448 ποιήτρια
711 390 858 447 μάρτυς
889 391 992 434 ἐστὶν
1015 390 1041 447 ἡ
1068 395 1234 449 Λεσβία,
1265 394 1332 436 καὶ
1362 391 1480 444 αὐτὸς
1511 390 1533 436 ὅ
1564 390 1708 448 χρυσὸς

177 460 455 503 ἐπιδείκνυσιν.
516 460 644 501 Schol.
672 460 786 501 Pind.
812 459 929 511 Pyth.
957 459 1015 498 IV
1047 461 1152 500 407:
1185 456 1206 501 ὁ
1238 458 1280 501 δὲ
1305 456 1449 514 χρυσὸς
1479 456 1708 513 ἄφθαρτος·

0 576 2 580 ,
178 526 244 569 ml
272 520 299 580 ἦ
332 522 512 579 Σαπφώ,
548 522 607 567 ’ὅτι
637 521 734 574 Διὸς
764 528 858 573 παῖς
894 520 916 565 ὃ
952 521 1115 578 χρυσός,
1150 528 1284 566 κεῖνον
1321 520 1371 565 οὖ
1408 526 1480 578 σῆς
1516 521 1611 566 οὐδὲ
1647 523 1709 574 κὶς

0 583 10 635 ,ἶ
180 589 333 644 δάπτει,
364 589 528 645 βροτέαν
558 589 702 643 φρένα.
715 587 920 643 κράτιστον
957 592 1127 643 φρενῶν.
1190 590 1375 642 Sapphus
1412 603 1552 631 versus
1588 592 1708 631 inter·

0 666 1 670 ’
178 659 371 708 ciderunt,
383 671 477 698 nam
496 657 602 708 quod
622 656 809 697 continuo
823 655 1045 706 subiicitur,
1058 654 1223 695 Pindari
1242 658 1304 695 est
1322 657 1596 707 fragmentum
1608 658 1706 697 207.

899 771 996 815 143.

304 860 460 901 Gellius
502 860 576 899 XX
622 861 665 900 7:
715 858 845 910 „Nam
893 857 1092 898 Homerus
1140 870 1286 909 pueros
1336 858 1572 910 puellasque
1622 860 1707 900 eius

175 921 368 980 (Niobae)
401 926 463 966 bis
496 938 612 966 senos
644 924 741 964 dicit
773 924 916 973 fuisse,
953 923 1167 975 Euripides
1200 924 1261 963 bis
1301 927 1508 975 septenos,
1546 925 1706 975 Sappho

174 991 238 1031 bis
268 1003 461 1040 novenos,
492 990 755 1042 Bacchylides
795 993 836 1030 et
875 989 1072 1029 Pindarus
1109 989 1172 1029 bis
1209 986 1368 1029 denos.“
1429 989 1549 1029 Haud
1587 990 1706 1030 dubie

174 1057 216 1096 in
247 1069 294 1096 eo
325 1056 512 1108 carmine,
543 1069 591 1097 ex
622 1068 700 1107 quo
732 1057 794 1095 est
824 1055 872 1096 fr.
906 1056 974 1095 31.

808 1170 1074 1225 144.[129]

294 1258 404 1300 Serv.
430 1259 572 1310 Virgil.
598 1258 699 1298 Aen.
725 1258 783 1297 VI
811 1259 883 1297 21:
916 1257 1112 1306 „Quidam
1138 1258 1291 1307 septem
1316 1270 1460 1307 pueros
1486 1261 1527 1297 et
1552 1260 1707 1308 septem

172 1325 329 1376 puellas
359 1325 484 1376 accipi
515 1325 667 1375 volunt,
699 1323 805 1375 quod
830 1324 872 1362 et
897 1323 1014 1362 Plato
1045 1323 1143 1362 dicit
1172 1322 1214 1361 in
1239 1322 1453 1362 Phaedone
1480 1325 1521 1362 et
1546 1323 1705 1374 Sappho

172 1390 215 1429 in
239 1389 397 1441 Lyricis
430 1391 472 1430 et
496 1390 758 1441 Bacchylides
790 1388 833 1427 in
857 1388 1124 1440 dithyrambis
1150 1391 1191 1427 et
1216 1387 1427 1438 Euripides
1452 1389 1494 1428 iu
1520 1389 1706 1438 Hercule,

174 1467 273 1506 quos
304 1455 495 1495 liberavit
527 1467 662 1495 secum
693 1446 909 1493 Theseus.“

808 1567 1073 1622 145.[130]

291 1656 401 1696 Serv.
422 1657 575 1710 virgil.
608 1657 690 1696 Ecl.
723 1655 780 1696 VI
812 1657 886 1694 42:
924 1654 1214 1708 „Prometheus
1246 1655 1375 1706 Iapeti
1412 1662 1454 1696 et
1492 1655 1704 1707 Clymenes

172 1721 278 1762 filius
309 1724 402 1772 post
432 1722 559 1762 factos
590 1735 615 1761 a
646 1734 688 1761 se
718 1721 899 1761 homines
939 1719 1085 1759 dicitnr
1123 1720 1270 1760 auxilio
1307 1721 1511 1761 Minervae
1549 1721 1703 1760 coelum

172 1787 410 1836 ascendisse,
442 1790 484 1827 et
514 1786 696 1826 adhibita
726 1786 860 1826 facula
892 1781 1002 1839 (fort.
1033 1780 1183 1840 ferula)
1214 1785 1265 1825 ad
1291 1789 1421 1826 rotam
1448 1787 1544 1826 solis
1570 1787 1704 1837 ignem

170 1852 350 1902 furatus,
389 1865 507 1904 quem
544 1851 771 1892 hominibus
812 1851 1005 1891 indicavit
1044 1846 1156 1904 (fort.
1187 1864 1305 1902 quem
1346 1864 1434 1891 cum
1473 1851 1702 1892 hominibus

172 1914 497 1971 communicavit).
560 1917 622 1957 Ob
653 1930 774 1968 quam
804 1929 966 1957 eausam
996 1914 1092 1954 irati
1122 1914 1179 1954 dii
1209 1916 1288 1956 duo
1319 1917 1427 1956 mala
1451 1917 1706 1957 immiserunt

172 1982 306 2028 terris,
336 1983 469 2022 febres
501 1985 542 2022 et
572 1982 732 2022 morbos
765 1978 859 2034 (hoc
889 1984 1029 2032 aperte
1060 1984 1313 2032 corruptum,
1351 1984 1423 2022 aut
1459 1984 1627 2031 feminas
1664 1986 1705 2023 et

171 2049 342 2098 morbos,
373 2051 444 2088 aut
475 2048 607 2087 febres
639 2049 682 2087 et
710 2049 891 2088 mulieres
922 2042 1215 2100 scribendum),
1255 2048 1359 2087 sicut
1390 2049 1431 2087 et
1471 2047 1631 2099 Sappho
1663 2051 1705 2087 et

171 2113 369 2154 Hesiodus
401 2110 658 2154 memorant.“

805 2229 900 2272 146.
933 2228 1071 2282 [132]

291 2314 480 2354 Philostr.
514 2314 640 2364 Epist.
675 2316 747 2355 71:
772 2310 829 2354 ‘H
854 2310 1014 2366 Σαπφὼ
1045 2316 1115 2355 τοῦ
1146 2310 1270 2367 ῥόδου
1302 2312 1386 2369 ἐρᾷ,
1417 2311 1483 2352 καὶ
1515 2317 1709 2364 στεφανοῖ

171 2373 268 2419 αὐτὸ
299 2372 365 2418 olet
392 2393 468 2418 τινι
499 2376 699 2434 ἐγκωμίῳ,
730 2372 798 2427 τὰς
828 2375 949 2428 καλὰς
978 2383 1056 2421 τῶν
1086 2377 1302 2432 παρθένων
1333 2377 1468 2434 ἐκείνῳ
1501 2374 1703 2430 ὁμοιοῢσα.

172 2445 230 2484 Cf.
263 2444 313 2483 ad
344 2445 391 2483 fr.
425 2445 493 2484 65.

805 2536 1070 2590 147.[134]

0 2674 1 2679 1
292 2622 442 2662 Himer.
482 2621 550 2663 Or.
587 2621 686 2660 XIII
726 2623 768 2661 7:
810 2618 867 2662 Τὰ
905 2620 947 2662 δὲ
986 2618 1036 2663 σὰ
1074 2624 1151 2662 νῦν
1187 2619 1279 2662 δέον
1318 2620 1384 2661 καὶ
1431 2617 1537 2676 αὐτῷ
1587 2623 1703 2661 Μου-

0 2685 10 2738 '2''
172 2683 315 2740 σηγέτῃ
354 2683 598 2737 εἰκάζεσθαι,
637 2681 724 2726 οἷον
760 2679 881 2727 αὐτὸν
918 2686 983 2727 καὶ
1014 2683 1173 2738 Σαπφώ
1206 2701 1270 2726 και
1304 2686 1507 2738 Πίνδαρος
1537 2684 1581 2726 ἕν
1618 2682 1702 2743 ᾠδῇ

0 2743 6 2762 '
172 2746 276 2805 κόμῃ
306 2766 346 2792 τε
383 2755 507 2806 χρυσῇ
544 2750 610 2792 καὶ
647 2747 783 2803 λύραις
820 2747 1101 2804 κοσμήσαντες,
1138 2747 1299 2798 κύκνοις
1336 2748 1479 2802 ἔποχον
1515 2750 1570 2799 εἰς
1600 2746 1701 2791 Ἑλι-
1715 2763 1782 2796 921

171 2819 281 2857 κῶνοι
311 2814 547 2869 πέμπουσιν,
578 2813 767 2865 Μούσαις
799 2812 946 2869 Χάρισί
972 2832 1010 2857 τε
1047 2812 1148 2869 ὁμοῦ
1186 2811 1515 2870 συγχορεύσαντα,
1552 2811 1578 2868 ἢ
1616 2811 1703 2857 οἷον

173 2875 243 2923 τὸν
275 2878 524 2935 Βακχειῶτην
557 2878 677 2937 (ουτω
709 2877 783 2936 γὰρ
814 2877 935 2924 αὐτὸν
964 2878 990 2935 ἡ
1022 2877 1122 2935 λύρα
1153 2884 1279 2934 καλεῖ,
1311 2875 1380 2923 τὸν
1411 2876 1612 2923 Διόνυσον
1642 2880 1701 2923 λέ-
