1864 3126
190 145 274 189 120
429 123 433 126 ’
523 188 525 193 ,
748 146 940 182 POETAE
965 147 1146 184 Memor

246 252 421 311 ἀέρρετε
453 254 675 305 τέκτοντες
706 252 882 311 ἄνδρες·
1639 269 1707 302 907

608 323 841 381 ’Τμήναον.

246 395 444 454 γάμβρος
475 399 645 454 ἔρχεται
677 393 772 447 ἶσος
792 394 965 454 ’Ἀρευϊ,

613 465 876 526 (Ὑμήναον)

246 537 411 595 ἄνδρος
442 538 617 595 μεγάλω
649 537 764 582 πόλυ
795 542 970 594 μείζων·

611 607 884 667 (Ύμήναον).

846 741 914 783 92.
949 742 1054 795 [69.]

245 823 494 880 Πέρροχος,
527 820 585 874 ὥς
617 820 681 865 ὅτ’
717 820 871 874 ἄοιδος
904 821 927 866 ὀ
962 824 1151 879 Λέσβιος
1181 822 1514 868 ἀλλοδαποισιν.

781 955 858 1001 93..
883 955 970 1008 [35.
1006 956 1118 1009 133]

248 1033 358 1080 Οἷον
388 1034 437 1079 τὸ
471 1035 757 1092 γλυκύμαλον
789 1035 1019 1093 ἐρεύθεται
1051 1035 1171 1097 ἄκρῳ
1205 1035 1272 1080 ἐπ’
1307 1035 1430 1096 ὔσδῳ

186 1189 311 1225 Etiam
337 1189 534 1234 Euripides
559 1190 597 1224 in
623 1190 857 1226 Phaethonte
884 1202 1032 1226 carmen
1057 1190 1236 1236 nuptiale,
1262 1192 1361 1236 quod
1387 1191 1546 1248 dactylis
1572 1194 1611 1227 et
1634 1192 1710 1237 epi

185 1237 284 1273 tritis
311 1238 471 1282 constat,
497 1248 647 1272 exorsus
673 1239 729 1273 est
759 1239 887 1273 eodem
923 1239 992 1274 hoc
1019 1249 1170 1273 numero
1195 1249 1219 1272 ῡ
1243 1268 1265 1272 -
1290 1256 1314 1272 υ
1338 1269 1359 1273 -
1387 1235 1504 1292 Τμὴν
1531 1235 1647 1284 Τμήν
1673 1241 1712 1275 et

186 1280 210 1319 ἃ
238 1282 305 1320 τὸν
331 1283 464 1342 μέγαν,
495 1284 641 1319 videtur
673 1284 772 1320 enim
798 1286 993 1343 Euripides
1013 1282 1150 1341 Ygziyv,
1163 1287 1334 1331 correpta
1365 1286 1487 1331 priore
1519 1286 1709 1322 extulisse.

187 1331 301 1368 —.V
328 1336 362 1388 23
387 1328 539 1376 ἄέρρετε
568 1332 734 1389 Bentley,
760 1329 919 1376 αέρρατε
946 1332 1101 1377 Ahrens,
1127 1329 1271 1377 οἶείρετε
1299 1345 1357 1379 ap.
1379 1333 1497 1378 Heph.
1519 1333 1558 1378 C,
1583 1330 1667 1378 ἄείρ
1647 1347 1709 1391 ρη-

185 1393 247 1414 ται
273 1380 313 1423 Ρ,
339 1375 491 1437 ἄείρετα
517 1380 561 1424 Α,
587 1375 738 1423 ἄείρατε
766 1380 841 1415 EFl
874 1381 985 1415 Turn.
1012 1382 1139 1426 Apost.
1168 1381 1246 1415 Ars.
1280 1381 1383 1417 Dem.
1418 1380 1496 1426 (ubi
1529 1361 1612 1417 A⁷ld.
1646 1394 1710 1416 αν-

187 1426 322 1472 έρατε).
357 1447 400 1452 --
433 1424 621 1472 τέκτονες,
653 1427 795 1462 Ahrens
826 1426 1018 1471 τέκτυνες,
1051 1428 1134 1463 Ald.
1162 1427 1266 1463 Dem.
1292 1427 1461 1463 τέκτονα.
1494 1449 1538 1453 —-
1571 1425 1649 1463 ἅνὸ
1650 1441 1712 1473 ρες

186 1486 257 1510 οιιι.
296 1473 401 1509 Dem.
459 1474 628 1519 Koechly
665 1474 846 1510 disserens
884 1475 929 1510 de
969 1475 1140 1520 Sapphus
1178 1475 1430 1520 epithalamiis
1466 1441 1670 1521 (ΑὴὴειιᾱΙρ
1695 1475 1712 1510 Ι

188 1526 254 1603 19ἑ5
269 1522 360 1604 serg.)
386 1522 506 1556 denuo
532 1522 624 1556 haec
649 1520 687 1556 in
712 1522 946 1558 hexametros
964 1522 1109 1568 redegit
1126 1533 1170 1557 ac
1188 1535 1222 1558 v.
1243 1527 1264 1557 2
1279 1533 1353 1567 seq.
1380 1522 1418 1558 in
1437 1523 1535 1558 huno
1560 1523 1712 1558 modum

184 1581 222 1604 re
251 1581 314 1604 nm

347 1635 611 1695 Ὑμήναιον·
637 1636 656 1674 ὁ
686 1637 851 1688 γάμβρος
878 1638 1069 1698 ἐσέρχεται
1095 1638 1172 1681 ἶσος
1190 1637 1308 1685 Ἄρηϊ·

353 1700 404 1722 ου
430 1683 517 1732 μάν
545 1691 640 1727 ὶσος
657 1684 771 1734 Ἄρῃ,
797 1684 976 1733 μεγάλω
1003 1685 1040 1722 δ’
1068 1685 1236 1732 ἅνὸρος
1261 1685 1353 1723 πόλυ
1379 1688 1526 1734 μείζων,

352 1732 533 1780 πέρροχος
558 1737 632 1769 κτλ.

186 1805 402 1842 existimans
428 1805 729 1863 supplementum
760 1819 793 1842 v.
821 1810 842 1841 3
874 1806 1051 1841 Demetrii
1084 1806 1203 1842 verbis
1235 1806 1494 1842 commendari.
1530 1828 1572 1831 —
1606 1806 1650 1841 V.
1677 1811 1709 1842 3.

188 1852 347 1898 ἔρχεταί,
374 1853 478 1888 Dem.
506 1850 725 1898 εἰσέρχεται,
752 1852 896 1888 Seidlei·
922 1850 1125 1898 ἐσέρχεται.
1153 1874 1195 1879 —
1223 1851 1310 1911 ἴσος,
1337 1865 1396 1898 ap.
1416 1854 1535 1899 Heph.
1557 1854 1599 1888 Fl
1599 1855 1712 1912 ἴσως,

186 1902 225 1936 et
251 1900 303 1936 sio
335 1899 444 1935 Vind.
475 1900 583 1935 Farn.
616 1911 674 1945 ap.
702 1900 819 1944 Dem„
850 1900 995 1936 Abrens
1027 1902 1137 1941 ἴσσος.
1171 1922 1216 1926 -—
1240 1898 1362 1946 ’Ἆρευϊ
1386 1899 1435 1944 A,
1469 1901 1580 1947 vulgo
1599 1899 1711 1959 Ἄρηϊ,

186 1948 215 1982 Ε
242 1948 353 1982 Turn.
372 1943 486 1992 Ἄρει,
512 1947 556 1982 Fl
582 1947 660 1982 Ars.
679 1944 785 2004 Ἄρει.
837 1947 926 1983 Post
956 1948 1054 1983 hunc
1080 1959 1226 1984 versum
1253 1947 1350 1983 sieut
1384 1928 1468 2003 po⁷st
1491 1960 1525 1984 v.
1551 1952 1574 1983 4
1601 1945 1712 1993 ’Τμή-

185 2007 279 2030 ναον
310 1994 442 2030 adieci.
477 2015 520 2019 -—
555 1994 595 2029 V.
625 1998 656 2029 4.
684 1992 832 2039 μεγαλω
858 1991 953 2030 πόλυ
975 1996 1094 2039 Neue,
1121 1995 1315 2039 legebatur
1339 1992 1504 2041 μεγάλου
1529 1996 1662 2043 πολλῷ.

282 2042 340 2077 Fr.
367 2045 423 2077 92.
474 2042 636 2077 Demetr.
663 2042 708 2077 de
734 2042 837 2077 Eloc.
863 2041 1024 2077 CXLVI:
1054 2023 1118 2077 Ἐκ
1145 2041 1187 2078 δὲ
1213 2043 1429 2090 παραβολῆς
1461 2042 1525 2077 καὶ
1557 2032 1636 2078 ἐπὶ
1642 2043 1710 2078 τοῦ

189 2087 382 2148 ἐξέχοντος
419 2085 558 2145 ανὸρὸς
594 2085 617 2133 ἡ
644 2086 819 2145 Σαπφώ
858 2101 988 2146 φησιν·
1029 2088 1260 2148 Πέρροχος
1293 2092 1366 2125 κτλ.
1429 2086 1600 2125 ἐνταῦθα
1637 2088 1709 2148 ’γὰρ

186 2136 295 2183 χάριν
323 2133 497 2193 ἐποίησεν
523 2132 544 2180 ἡ
572 2134 767 2193 παραβολὴ
787 2137 949 2196 μᾶλλονη
955 2132 977 2181 ἢ
1004 2135 1183 2195 μέγεθος·
1209 2137 1334 2172 καίτοι
1348 2133 1441 2194 ἐξῆν
1463 2136 1596 2180 εἰπεῖν,
1620 2135 1708 2195 πέρ-

186 2197 294 2243 ροχος
314 2179 442 2241 ω’σπερ
467 2180 490 2228 ἡ
517 2180 652 2229 σελήνη
678 2185 752 2218 τῶν
778 2181 899 2219 α’λλων
924 2181 1090 2229 ἄστρων,
1116 2181 1139 2229 ἢ
1167 2181 1186 2220 6
1213 2181 1318 2229 ἥλιος
1343 2181 1362 2219 ὁ
1388 2181 1658 2241 λαμπρότερος,
1681 2181 1708 2229 ἢ

187 2230 280 2267 ὅσσα
306 2228 399 2266 ἄλλα
427 2229 502 2268 ἐστὶ
520 2243 803 2276 ποιητικωτερα.
843 2231 1231 2276 Oonf.Eusi-,.ll.⁷41‚
1253 2235 1314 2267 16:
1341 2232 1470 2267 Αἴλιον
1496 2229 1710 2289 Διονύσιον,
1720 2253 1736 2261 -

187 2276 230 2320 ὃς
254 2278 319 2317 καὶ
343 2275 409 2314 τὸν
433 2278 501 2336 τῆς
525 2280 727 2323 παροιμίας
753 2277 948 2336 As'ofitpv
974 2276 1093 2327 ᾠδὸν
1122 2260 1367 2324 Τέρπανδρόν
1399 2290 1516 2324 φησιν
1541 2274 1564 2323 ἢ
1591 2275 1711 2314 Ευαι-

186 2327 337 2371 νετίδην
375 2322 398 2371 ἢ
422 2323 734 2383 Ἆριστοκλείὸην.
791 2326 856 2361 καὶ
889 2315 1133 2383 Ἀριστοτέλης
1169 2325 1211 2362 δὲ
1245 2323 1286 2362 ἕν
1317 2327 1367 2383 τῇ
1399 2327 1711 2372 Λακεδαιμονίων

186 2374 356 2422 πολιτείᾳ
393 2371 434 2408 τὸ
474 2370 602 2408 Μετα
640 2373 836 2429 Λέσβιον
876 2370 998 2430 ᾠδὸν
1033 2371 1100 2409 τὸν
1146 2370 1392 2430 Τέρπανδρόν
1430 2385 1523 2418 φησι
1560 2374 1709 2432 δηλοῦν.

188 2409 393 2457 ἐκαλοῦντο
420 2419 462 2456 δέ
489 2431 583 2472 φασι
609 2419 674 2455 καὶ
698 2433 855 2477 υστερον
881 2410 935 2461 εἰς
959 2418 1028 2466 τὴν
1056 2418 1202 2457 ἐκείνου
1227 2418 1344 2478 τιμὴν
1365 2421 1511 2477 πρῶτον
1530 2433 1600 2466 μεν
1618 2416 1711 2455 ἀπό-

186 2481 292 2513 γονοι
323 2465 455 2513 αὐτοῦ,
489 2465 569 2502 εἶτα
602 2469 721 2508 εἴτις
752 2465 860 2508 αλλος
889 2469 1024 2526 παρείη
1058 2467 1231 2516 Λέσβιος,
1264 2465 1344 2504 εἷθ’
1379 2464 1495 2507 οὕτως
1528 2465 1567 2503 οἴ
1587 2467 1711 2503 λοιποὶ

187 2512 314 2551 Μετὰ
341 2518 382 2550 Λ.
410 2497 546 2561 ᾠδόν,
571 2512 638 2550 τὸν
664 2511 791 2556 ἁπλως
815 2514 958 2560 δηλαδὴ
990 2513 1161 2561 Λέσβιον.
1211 2515 1374 2551 Permire
1405 2514 1510 2550 Kock
1540 2515 1631 2551 haec
1663 2515 1710 2550 ad

186 2563 372 2598 Achillem
396 2563 522 2606 refert,
549 2573 660 2606 quem
688 2562 867 2598 Homerus
891 2563 1044 2598 Lesbius
1070 2562 1324 2599 celebraverit.

282 2610 340 2644 Fr.
367 2613 423 2644 93.
476 2589 688 2645 Sdholiasta
712 2609 886 2655 Hermog.
914 2609 982 2644 VII
1008 2613 1076 2645 983
1103 2610 1162 2645 ed
1173 2609 1298 2645 Walz.
1323 2608 1389 2645 καὶ
1411 2606 1583 2654 Σαπφώ,
1610 2607 1709 2645 οἷον

188 2660 263 2692 κτλ.
291 2678 333 2682 -
360 2656 403 2691 V.
433 2661 463 2693 1.
489 2653 739 2716 γλυκύμαλον,
765 2656 889 2693 Schol.
915 2657 1069 2693 Theoer.
1096 2656 1147 2691 XI
1173 2661 1236 2693 39·
1268 2654 1499 2714 γλυκύμηλον
1527 2686 1533 2692 .
1562 2684 1569 2691 .
1634 2655 1710 2692 ἔστι

186 2717 258 2749 γαρ
283 2717 317 2738 τι
343 2701 460 2761 μήλου
485 2702 606 2749 γένος.
643 2701 813 2763 Σαπφώ·
840 2701 1076 2750 γλυκύμαλον
1096 2701 1292 2760 ἐρεύγεται
1316 2701 1366 2744 ὡς
1382 2700 1492 2760 ἄκρω
1519 2700 1580 2739 ἐπ’
1608 2700 1707 2738 ὅσδω

187 2750 240 2794 (Μ
265 2749 382 2796 γλυκύ
407 2764 442 2786 τι
467 2752 585 2797 μᾶλον
612 2752 650 2787 et
677 2749 859 2794 ε’πόσδων,
885 2751 974 2787 Gen.
1001 2751 1026 2786 b
1057 2748 1287 2808 γλυκύτατον
1313 2752 1351 2786 et
1375 2747 1478 2798 ἄκρῳ
1505 2747 1568 2786 ἐπ’
1595 2747 1706 2798 ὄσδῳ,

188 2798 268 2833 cod.
305 2799 427 2835 Ambr
462 2798 551 2834 satis
582 2798 714 2834 vitiose
739 2797 854 2844 γλυκύ
881 2812 916 2833 τι
948 2798 1065 2844 μᾶλον
1097 2796 1293 2856 ἐρεύγεται
1323 2795 1426 2842 ἅκρω
1453 2786 1591 2841 σποδῶ,
1617 2778 1706 2833 vett.

188 2845 268 2880 edd
302 2841 405 2893 ἄκρῳ
440 2843 501 2881 ἐπ’
535 2842 661 2904 οὐδῷ).
714 2845 835 2881 Schol.
868 2845 994 2880 Herm.
1029 2844 1145 2890 γλυκυ
1176 2847 1315 2891 μᾶλλον
1347 2845 1453 2890 (Ven.
1486 2845 1629 2890 μᾶλον).
1664 2865 1707 2871 —-

188 2881 391 2937 ἐρεύθεται
418 2892 526 2938 Ven.,
561 2882 763 2938 εὑρέθεται
787 2893 868 2929 Par.
896 2897 934 2936 2,
967 2890 1179 2939 εὑρίσκεται
1202 2893 1283 2928 Par.
1311 2896 1342 2928 1.
1375 2913 1419 2918 —-
1449 2888 1553 2940 ὔσδῳ
1585 2890 1708 2927 ΒΙοιιι-
