1864 3126
740 106 1020 145 ANACREON.
1564 107 1652 150 283

727 217 823 261 104.
856 216 952 273 [Ep.
985 217 1044 271 5.]

213 298 335 356 Πρὶν
365 297 448 356 μὲν
479 299 752 356 Καλλιτέλης
781 296 827 356 μ’
864 299 1098 356 ἱδρύσατο·
1129 298 1262 343 τόνδε
1295 296 1337 343 δ’
1373 299 1549 344 ἐκείνου

217 435 228 446 Ι
272 372 450 427 ἔκγονοι
482 373 695 427 ἔστασαν,
727 378 821 423 τοῖς
851 368 986 428 χάριν
1016 368 1264 415 ἀντιδίὸου.

726 490 823 534 105.
856 490 954 547 [Ep.
986 491 1043 545 6.]

213 571 507 630 Πραξαγόρας
537 571 643 617 τάδε
674 574 799 630 δῶρα
829 578 956 626 θεοῖς
986 570 1201 630 ἀνέθηκε,
1236 577 1437 617 Λυκαίου

273 642 388 697 υἱός·
420 645 627 701 ἐποίησεν
659 641 701 688 δ’
737 646 873 701 ἔργον
900 641 1210 702 Ἀναξαγόρας.

727 766 823 809 106.
859 765 956 821 [Ep.
990 765 1046 819 7.]

213 846 354 891 Παιδὶ
385 838 702 907 φιλοστεφάνςο
736 847 935 904 Σεμέλας
966 845 1161 904 ἀνέθηκε
1194 847 1460 901 ΑΜέλανθος,

271 921 422 976 μνᾶμα
454 921 592 977 χοροῦ
625 922 752 971 νίκας
782 916 881 972 υίὸς
908 916 1181 976 Ἀρηϊφίλου.

727 1040 823 1083 107.
857 1039 957 1095 [Ep.
988 1040 1045 1094 8.]

204 1098 451 1179 ’.Ῥυσαμένα
483 1121 692 1188 Πύθωνα
724 1122 941 1179 δυσαχεός
972 1123 1019 1166 ἐκ
1050 1121 1262 1178 πολέμοιο

270 1192 402 1246 ἀσπὶς
428 1192 670 1251 Ἀθηναίης
699 1195 749 1239 ἐν
780 1194 951 1252 τεμένει
982 1193 1206 1252 κρέμαται.

117 1345 415 1394 (Ἀνακρέοντος).
449 1370 492 1374 -
531 1349 574 1386 V.
611 1354 640 1385 1.
676 1346 857 1394 Διόνυσε,
883 1349 964 1385 cod.
996 1348 1024 1383 P
1057 1345 1220 1383 Διόνυσε
1255 1347 1389 1384 δίδου
1422 1349 1486 1384 sed
1521 1351 1654 1394 postea

120 1396 359 1441 adpunctum.
387 1417 430 1422 —
465 1396 734 1433 Echecratidae
766 1397 875 1432 huiu's
906 1395 1005 1432 filius
1037 1399 1079 1431 ut
1111 1395 1259 1432 videtur
1285 1396 1432 1432 Orestes
1459 1395 1656 1433 Thessalo·
1670 1421 1675 1425 -

116 1455 198 1479 rum
223 1444 408 1490 princeps,
435 1444 481 1479 de
507 1456 581 1489 quo
607 1444 682 1480 vid.
710 1444 870 1480 Thuc.1
899 1448 977 1480 119.

212 1502 340 1548 Epigr.
370 1507 448 1540 104.
492 1504 604 1540 Anth.
619 1504 697 1540 Pal.
713 1503 763 1539 VI
781 1508 858 1539 138.
874 1503 906 1538 Α
923 1503 989 1538 τοῦ
1009 1499 1129 1539 αὐτοῦ
1148 1499 1448 1548 (Ἀνακρέοντος),
1469 1500 1530 1538 C‘
1516 1505 1655 1549 ομοίως

121 1550 160 1594 (i.
188 1562 220 1586 e.
246 1553 288 1586 ut
307 1550 423 1606 epigr.
449 1555 516 1587 110
541 1547 728 1608 ἀνάθημα
746 1551 797 1600 τῷ
813 1548 1036 1596 Ἀπόλλωνι).
1063 1571 1107 1577 —
1129 1550 1173 1585 V.
1196 1554 1226 1586 l.
1254 1549 1354 1595 πρὶν,
1380 1550 1514 1586 inscite
1535 1551 1653 1587 Benn-

117 1597 203 1634 dorf
225 1597 283 1633 τὶν
309 1597 480 1634 coniecit.
510 1619 551 1624 -
579 1596 689 1634 τόνδε
716 1589 859 1644 Iacobs,
886 1599 965 1635 cod.
992 1598 1058 1634 τὸν
1084 1597 1138 1634 δέ.
1166 1618 1210 1623 -
1244 1598 1288 1633 V.
1316 1602 1348 1633 ⁶2..
1377 1596 1550 1642 ἔστασαν,
1576 1604 1654 1641 τοῖς

120 1644 281 1689 Hecker,
314 1646 511 1692 legebatur
538 1643 761 1691 ἐστάσανθ’,
786 1645 852 1688 οἷς.
880 1666 923 1673 --
951 1646 1079 1692 Nuper
1103 1646 1141 1681 in
1167 1645 1295 1682 Attica
1319 1647 1488 1691 repertus
1514 1643 1655 1692 Ερμῆς

117 1691 578 1776 ῗέἷὲἒῗῆῗόγέἶέω
615 1693 739 1731 “⁰¹¹oe
769 1694 950 1740 ¹⁰¹²⁰¹¹¹¹a⁶
981 1693 1589 1777 ⁰²¹¹n¹¹305<¹3¹12¹3222⁰2mfifflff
1593 1696 1653 1778 Ψ

511 1768 1020 1778 ...............
1515 1754 1528 1777 ι
1586 1753 1653 1778 οι-

116 1789 257 1824 tescere
282 1788 354 1824 hoc
378 1789 502 1834 ipsum
528 1789 762 1836 epigramma
794 1788 891 1825 vidit
915 1788 1112 1824 Kirchhoff
1141 1790 1223 1824 Act.
1255 1789 1370 1825 Acad.
1403 1789 1525 1824 Bet-ol.
1562 1794 1651 1826 1871

117 1848 152 1881 p.
179 1839 259 1871 393.
310 1835 537 1872 Litterarum
564 1836 705 1874 formae
731 1838 894 1880 arguunt
918 1836 1078 1872 incisum
1103 1847 1182 1872 esse
1216 1846 1365 1871 carmen
1398 1835 1496 1872 inter
1522 1837 1579 1872 Ol.
1607 1841 1653 1873 80

117 1884 156 1919 et
180 1886 238 1927 83,
264 1882 380 1929 igitur
405 1883 632 1920 Anacreonti
657 1884 850 1920 abiudicata
876 1884 1079 1921 Kirchhoff
1130 1883 1376 1919 Anacreontis
1396 1895 1531 1920 nomen
1557 1885 1655 1920 tueri

118 1929 245 1975 liceat,
270 1931 301 1966 si
327 1932 472 1967 statuas
498 1931 755 1976 simulacrum,
789 1932 889 1978 quod
915 1931 1024 1967 huius
1056 1934 1190 1978 poetae
1223 1931 1370 1967 saeculo
1402 1931 1654 1968 instauratum

116 1977 245 2023 sumit,
277 1979 446 2024 proximo
471 1979 618 2015 saeculo
651 1980 787 2016 iterum
819 1991 899 2015 esse
934 1980 1154 2016 renovatum
1186 1980 1300 2024 atque
1339 1978 1540 2025 pristinum
1565 1980 1654 2016 titu-

116 2025 193 2060 lum
221 2027 437 2071 repetitum.
466 2038 509 2062 ac
534 2027 643 2063 video
669 2039 766 2063 nunc
791 2027 929 2063 tuitum
956 2038 1036 2063 esse
1055 2025 1284 2072 Lollingium
1305 2026 1472 2062 Mittheil
1493 2028 1527 2062 d.
1543 2029 1653 2063 Arch.

119 2072 209 2108 Inst.
235 2085 264 2109 z.
291 2074 418 2110 Athen
443 2074 475 2109 V
502 2078 582 2119 253,
604 2079 636 2110 3.
688 2074 762 2111 Sed
793 2074 871 2111 ieri
897 2074 1129 2110 simillimum
1156 2077 1214 2110 est
1238 2085 1319 2118 eos,
1353 2074 1416 2119 qui
1443 2075 1653 2111 Anacreon-

118 2119 167 2155 tis
192 2121 383 2165 poematia.
408 2103 652 2176 collegerim,
678 2123 931 2159 coniecturam
956 2124 1151 2168 captantes
1176 2121 1264 2156 huic
1282 2123 1416 2167 poetae
1437 2122 1654 2158 attiibuisse

121 2167 313 2212 antiquum
341 2169 413 2205 hoc
439 2168 673 2228 epigramma:
698 2170 877 2214 Atticum,
902 2172 1076 2216 recteque
1108 2169 1146 2204 in
1178 2168 1304 2215 lapide
1338 2169 1516 2214 scriptum
1546 2168 1651 2215 ἕστη-

118 2226 207 2258 σαν,
239 2215 366 2260 ibique
391 2217 499 2252 deest
523 2218 814 2264 ν.1μ(1ιιοι1
847 2217 1055 2264 descriptor
1087 2216 1244 2259 adiecIt3
1276 2215 1419 2252 leviora
1450 2219 1537 2252 sunt
1562 2217 1654 2272 τ-ιρὶμ

119 2259 189 2306 μὲν
215 2264 254 2298 et
279 2260 441 2308 ἔγγονοι.
575 2276 620 2300 ue
632 2231 827 2311 μΑΡοῙΙίιιί,
853 2267 894 2300 ut
919 2265 1058 2301 lemma
1082 2264 1339 2310 Anthologiue
1366 2264 1571 2309 significat,
1605 2266 1652 2300 si-

115 2320 231 2354 gnum
257 2263 574 2357 dedicatum,1{e3
599 2311 794 2350 Mercurio.

212 2368 341 2426 Epigr
371 2373 449 2405 105.
500 2370 706 2407 Anth.Pa1.
722 2371 772 2407 VI
789 2376 873 2408 139·
900 2372 932 2407 Α
958 2368 1147 2418 ἀνάθημα
1172 2368 1275 2416 παρὰ
1297 2368 1528 2425 Πραξαγόρα
1555 2371 1652 2417 (eod.
1704 2357 1712 2364 Χ

117 2413 303 2462 πραξόρα)
330 2417 396 2453 τοῦ
423 2414 542 2453 αυτοῦ
570 2414 869 2465 (Ἀνακρέοντος).
919 2419 1151 2465 Praxagoras
1177 2419 1362 2465 Aegineta
1393 2418 1492 2454 circa
1523 2419 1579 2455 01.
1608 2422 1653 2454 75

116 2464 238 2509 (Paus.
266 2464 296 2499 V
323 2469 380 2509 23,
407 2466 444 2511 3)
471 2465 607 2511 floruit,
632 2466 758 2512 potuit
788 2466 905 2513 igitur
931 2468 1126 2503 Anacreon
1156 2465 1405 2502 adolescentis
1432 2478 1525 2511 opus
1551 2478 1651 2502 com-

117 2522 335 2548 memorare.

212 2570 790 2629 Epigr.106.Anth.PalV1
825 2576 911 2608 140:
942 2573 973 2608 A
1005 2570 1194 2618 ἀνάθημα
1225 2569 1328 2629 παρὰ
1362 2570 1576 2609 Μελάνθου
1608 2573 1651 2621 τῇ

118 2616 266 2665 Σεμέλη
294 2619 359 2654 τοῦ
385 2615 504 2656 αὐτοῦ
531 2616 830 2677 (Ἀνακρέοντος)
860 2641 902 2646 -
930 2619 974 2655 V.
1003 2624 1034 2655 1.
1060 2617 1328 2677 φιλοστεφάνῳ
1356 2621 1507 2663 Barnes,
1539 2620 1600 2656 vul
1603 2633 1652 2667 go

118 2663 409 2722 φιλοστεφάνου.
442 2688 486 2693 -
518 2665 642 2713 α’νέθη
647 2680 706 2712 κε,
769 2667 987 2704 robabiliter
1017 2667 1165 2703 Hecker
1201 2664 1241 2713 μ’
1276 2657 1457 2712 ανέθηκε,
1490 2668 1554 2704 sed
1587 2680 1653 2704 cur

118 2711 319 2755 Μελάντας
344 2714 575 2759 restituatur,
601 2715 699 2759 quod
726 2680 825 2751 igem
851 2713 1018 2760 requirit,
1045 2713 1149 2750 nulla
1174 2716 1231 2751 est
1260 2726 1383 2751 causa.

214 2771 793 2830 Epigr.107.Anth.Pal.V1
821 2778 908 2810 141:
934 2775 965 2808 A
990 2769 1178 2818 ἀνάθημα
1203 2774 1247 2820 τῇ
1273 2770 1409 2822 Ἀθηνᾷ
1435 2775 1503 2810 τοῦ
1529 2771 1650 2811 αὐτοῦ

117 2813 413 2876 (Ἀνακρέοντος).
465 2821 583 2857 Affert
613 2820 845 2867 epigramma
877 2835 903 2858 s.
931 2822 1066 2880 poetae
1092 2833 1126 2856 ιι.
1154 2820 1286 2857 Suidas
1314 2834 1345 2857 v.
1372 2809 1552 2880 ὃυσηχής,
1572 2817 1653 2859 ubi

117 2862 308 2913 ῥὐσαμένη
334 2868 374 2903 et
397 2867 577 2914 δυσηχέος
603 2868 751 2916 legitur,
776 2869 841 2906 sed
866 2869 948 2907 cod.
967 2869 996 2905 P
1022 2865 1217 2914 ῥὐσαμένα
1244 2871 1283 2905 et
1301 2868 1496 2915 δυσαχέος,
1521 2882 1653 2916 quam-
