1864 3126
215 134 298 183 188
514 182 516 186 Α
772 125 964 176 ΡΟΕΤΑΕ
989 139 1168 177 MELICI.

842 248 1105 302 132.[117]

333 335 802 384 Ch0e1·obosc.Epimer.
840 334 859 372 Ι
900 335 981 373 106
1028 328 1172 387 (Bekk.
1210 333 1457 373 Anecd.111
1495 327 1648 387 1183);
1682 325 1732 372 Ὦ
1759 318 1769 324 ’

212 394 510 452 Ευρυδαμαν
540 395 647 449 παρὰ
674 393 852 453 Ἀλκαίῳ.
890 394 981 450 μετὰ
1012 400 1082 439 τοῦ
1114 414 1138 437 ν
1168 394 1384 451 ληγόμενον
1414 393 1510 436 κατὰ
1540 393 1612 449 τὴν
1641 399 1731 448 κλη-

210 462 331 517 τικήν.
344 461 570 504 Constant.
602 465 760 504 Lascar.
791 465 840 503 de
871 477 975 503 nom.
1007 466 1048 503 et
1078 463 1188 503 verb.
1225 465 1305 501 116
1339 463 1390 500 Β.
1423 454 1454 501 ὦ
1485 457 1733 518 Πολυδάμαν

210 527 303 583 παρ’
326 524 520 584 Ἀλκαίῳ,
553 524 605 576 ὦς
635 526 854 582 γέγραπται.

772 660 785 668 ἢ
841 643 1106 696 133.[100]

329 733 393 771 Et.
426 731 478 769 Μ.
511 732 608 780 319,
641 732 714 770 30:
748 726 901 780 Ἔθηκε
945 729 1122 780 σημαίνει
1162 725 1253 777 δύο,
1293 724 1334 767 τὸ
1375 726 1668 779 προκατέθηκεν
1705 722 1731 779 ἢ

211 795 393 848 ἐποίησεν
425 828 433 836 .
455 825 463 834 .
485 824 493 835 .
527 791 600 846 ἀφ’
636 788 684 835 οὗ
715 793 779 834 καὶ
808 793 943 842 θέσις
973 790 998 846 ἡ
1029 794 1185 845 ποίησις
1215 788 1322 844 παρὰ
1349 786 1526 845 Ἀλκαίῳ.

876 899 885 908 ’
931 921 1024 964 134.

332 1009 456 1048 Cram.
492 1009 567 1048 An.
600 1008 689 1048 Par.
722 1008 784 1046 III
819 1009 915 1056 278,
948 1009 991 1046 9:
1033 1002 1130 1046 Οἷόν
1167 1004 1244 1045 ἐστι
1274 999 1380 1057 παρα
1417 1007 1469 1059 τῷ
1495 1001 1659 1059 Ἀλκαίῳ
1689 1000 1732 1044 τὸ

211 1070 377 1113 κάλιον
408 1067 495 1112 ἀντὶ
525 1075 594 1113 τοῦ
624 1069 793 1112 κάλλιον.

843 1186 939 1230 135.
973 1187 1106 1239 [108]

333 1289 443 1327 Eusb.
474 1287 516 1325 II
550 1288 652 1336 603,
687 1288 758 1325 39:
798 1283 917 1337 Λέγει
954 1280 975 1323 ὃ
1013 1277 1130 1331 αὐτὸς
1168 1277 1524 1335 (Ἀριστοφάνης”
1507 1298 1528 1322 ο
1559 1298 1732 1335 γραμμα-

209 1349 351 1404 τικός)
383 1351 450 1391 καὶ
474 1347 515 1391 τὸ
542 1348 879 1402 συνεστραμμένον
909 1350 1063 1400 πνεῦμα
1088 1346 1154 1387 καὶ
1178 1344 1420 1399 καταρᾶσσον
1451 1344 1626 1398 ἄνεμον
1656 1362 1732 1386 κα-

211 1432 324 1469 παρη
357 1415 536 1469 λέγουσιν
568 1410 589 1455 ὅ
616 1410 794 1465 Ἀλκαῖος
832 1412 897 1452 καὶ
926 1408 951 1464 ἡ
984 1408 1142 1463 Σαπφὼ
1181 1409 1246 1451 δια
1286 1409 1328 1452 τὸ
1365 1414 1572 1464 κατωφερῆ
1609 1407 1735 1463 ὁρμὴν

212 1481 323 1534 ἔχειν.
355 1482 404 1521 cf.
436 1481 621 1531 Sapphus
652 1481 701 1519 fr.
736 1482 829 1519 160.

931 1594 1025 1637 136.
1746 1599 1815 1631 962
1856 1630 1859 1633 .

333 1683 461 1722 Schol.
500 1682 616 1721 Hom.
656 1680 727 1721 Od.
765 1684 786 1720 λ
823 1682 927 1720 521:
971 1675 1146 1731 Κήτειοι·
1189 1675 1290 1725 τινὲς
1333 1673 1533 1717 ἀπέδοσαν
1575 1674 1735 1730 μεγάλοι

212 1743 318 1799 παρὰ
348 1743 391 1786 τὸ
428 1748 553 1797 κῆτος.
598 1748 776 1797 κρεῖσσον
814 1743 856 1784 δὲ
893 1740 1131 1785 ἀποδιδόναι
1169 1743 1329 1781 Μυσῶν
1365 1740 1484 1789 ἔθνος
1521 1738 1612 1789 τοὺς
1648 1744 1734 1793 Κη-

212 1812 354 1859 τείους·
385 1804 437 1862 ἧν
467 1807 540 1863 γὰρ
573 1806 593 1850 ὃ
629 1805 807 1861 Τήλεφος
837 1809 1003 1857 Μυσίας
1034 1803 1230 1861 βασιλεύς,
1261 1805 1326 1846 καὶ
1353 1801 1531 1854 Ἀλκαῖος
1563 1805 1605 1846 δέ
1637 1818 1735 1858 φησι

212 1873 280 1916 τὸν
310 1872 516 1927 Κήτειον
547 1871 634 1914 ἀντὶ
664 1876 734 1914 τοῦ
764 1870 925 1914 Μυσόν.

932 1988 1026 2030 137.

331 2088 396 2127 Et.
427 2087 528 2128 Gud.
563 2089 665 2137 322,
699 2089 723 2127 5
756 2090 797 2126 eb
828 2086 956 2126 Cr.am
989 2087 1064 2126 An.
1096 2086 1184 2125 Par.
1222 2085 1279 2122 IV
1313 2086 1384 2133 36,
1419 2087 1461 2123 1:
1492 2078 1535 2122 Ο
1573 2080 1616 2122 δὲ
1647 2079 1733 2122 Ἀλ-

213 2157 325 2210 καῖος
356 2148 501 2204 ὁμοίως
526 2147 682 2206 Ομήρῳ
713 2148 782 2191 τὸν
812 2147 973 2203 ἰσχυρὸν
1003 2150 1140 2189 κίκυν
1171 2152 1289 2188 καλεῖ.
1333 2152 1376 2188 ab
1406 2149 1560 2196 ib.35,
1596 2150 1646 2187 16
1679 2149 1733 2187 le-

214 2220 340 2269 gitur:
372 2220 500 2265 Κῐκυς
532 2217 711 2268 σημαίνει
741 2213 810 2256 τὸν
846 2211 1022 2266 ἀδελφὸν
1058 2216 1127 2254 τοῦ
1163 2207 1365 2264 Ἀλκαίου,
1408 2208 1515 2265 παρὰ
1552 2208 1593 2252 τὸ
1634 2213 1733 2260 κίκις

214 2282 386 2336 γέγονεν,
417 2279 438 2322 ὁ
471 2282 649 2333 σημαίνει
679 2277 751 2333 τὴν
781 2277 905 2333 ἰσχύν,
936 2279 1001 2319 καὶ
1026 2281 1148 2332 τροπῇ
1172 2280 1242 2318 τοῦ
1267 2281 1291 2318 ὗ
1318 2278 1372 2326 εἰς
1397 2290 1421 2317 ῖ.
1453 2280 1494 2317 et
1517 2278 1570 2317 ib.
1596 2277 1734 2328 Cyrill.

217 2351 318 2398 185,
359 2351 402 2388 3.
441 2348 556 2395 Κίκις
592 2342 613 2387 ὃ
651 2341 821 2396 ἀδελφὸς
852 2342 1044 2385 Ἀλκαίου.
1106 2344 1256 2383 Eadem
1296 2344 1447 2382 Suidas.
1508 2343 1556 2382 In
1586 2343 1649 2381 Ek.
1681 2343 1734 2382 M.

216 2417 318 2464 513,
360 2415 413 2453 25
456 2426 480 2452 a
523 2411 749 2451 Gaisfordio
793 2424 839 2450 ex
883 2411 990 2451 codd.
1022 2410 1272 2449 restitutum:
1316 2409 1453 2455 Κίκις
1491 2403 1546 2460 (V
1584 2402 1733 2459 κικϋς)·

216 2479 393 2531 σημαίνει
433 2473 502 2517 τὸν
538 2472 713 2527 ἀδελφὸν
755 2478 824 2516 τοῦ
861 2472 1061 2516 Ἀλκαίου·
1104 2474 1249 2527 γίνεται
1284 2468 1390 2525 παρὰ
1426 2467 1468 2512 τὸ
1504 2471 1615 2518 κῖκυς
1657 2473 1732 2510 κτλ.

216 2545 475 2584 Scribendum
506 2545 665 2591 Κῖκις,
698 2542 767 2581 sed
799 2543 934 2580 utrum
965 2541 1169 2591 p10prium
1199 2539 1322 2577 fuerit
1351 2550 1494 2576 nomen
1523 2549 1574 2575 an
1598 2537 1732 2586 appel·
1788 2533 1794 2537 ’

215 2610 383 2650 lativum
415 2608 565 2658 ambigi
595 2607 700 2646 licet.

933 2720 1027 2763 138.

335 2809 526 2848 Choerob.
558 2807 730 2857 Epimer.
755 2806 776 2844 I
802 2807 885 2845 282
914 2802 1055 2857 (Bekk.
1082 2805 1158 2843 An.
1182 2804 1244 2842 III
1273 2796 1423 2854 1389):
1456 2801 1624 2850 Κίνὸυν,
1654 2799 1732 2838 κίν-

218 2872 356 2919 δυνος·
397 2869 497 2912 οὕτω
537 2870 579 2911 δὲ
610 2870 687 2922 ἔφη
719 2866 878 2921 Σαπφὼ
915 2866 983 2909 τὸν
1019 2868 1224 2908 κίνδυνον·
1261 2862 1283 2907 ὃ
1319 2868 1419 2919 γοῦν
1450 2861 1628 2916 Ἀλκαῖος
1661 2860 1734 2916 τὴν
