1864 3126
644 155 949 193 FRAGMENTA
975 155 1239 194 ADESPOTA.
1630 153 1720 196 745

468 264 653 321 φρονεῖθ’
688 264 1022 322 ὑπερβαλλόμενοι

468 330 606 375 πόνων
636 330 802 385 πόνους,
833 330 1045 389 ἆφροσύνᾳ

421 408 442 438 5
467 395 602 452 πρόσω
634 395 772 452 βιοτὰν
802 396 1107 452 τεκμαιρόμενοι.

469 459 490 505 ὁ
523 460 563 504 δ’
598 461 836 518 ἀμφιβάλλει
866 461 1066 518 ταχύπους

471 527 666 571 κέλευθον
697 528 798 583 ἕρκει
829 530 1006 580 σκοτίαν,

469 591 588 647 ἄφνω
621 591 658 635 δ’
693 592 871 647 ἄφαντος
901 594 1076 648 προσέβα

471 657 623 714 μακρὰς
653 657 950 714 ἀφαιρούμενος
981 660 1141 709 ἐλπίδας

404 734 447 766 10
471 728 635 767 θνατῶν
665 723 920 780 πολύμοχθος
939 720 1092 775 ’Ἅιδας

185 822 254 861 ubi
291 836 327 863 v.
359 823 385 862 4
423 818 561 861 πόνων
601 818 752 870 πόνους
789 822 949 874 scripsi,
986 822 1199 873 legebatur
1236 818 1372 874 δόμων
1410 818 1578 873 δόμους,
1618 835 1654 863 v.
1695 824 1718 861 7

183 885 298 939 ἕρκει,
329 887 399 926 ubi
430 885 529 942 ἔργῳ
561 890 664 939 erat3
695 901 733 927 v.
769 889 822 928 10
861 890 968 927 recte
1008 888 1235 927 emendavit
1272 888 1434 936 Reiske,
1472 888 1563 927 vide
1601 887 1721 926 Arse-

183 953 293 992 nium
324 966 361 1003 p.
391 954 488 993 371.
538 953 615 992 Sed
646 955 857 1003 praeterea
886 953 1020 993 nescio
1051 965 1103 993 an
1133 954 1298 1003 gravius
1330 954 1475 992 vitium
1507 953 1722 993 delitescat

183 1032 220 1059 v.
248 1020 286 1067 6,
319 1018 388 1058 ubi
417 1019 459 1058 in
489 1019 603 1058 libris
635 1021 698 1059 est
727 1014 944 1070 ταχύπουν,
974 1031 1055 1058 non
1085 1012 1296 1070 ταχύπους.
1346 1018 1432 1057 Iam
1463 1031 1554 1057 cum
1586 1019 1720 1057 Philo-

183 1083 324 1124 demus
363 1082 451 1135 περὶ
488 1080 670 1125 θανᾶτου
707 1084 796 1124 Vol.
827 1083 990 1122 Hercul.
1022 1082 1078 1121 IX
1117 1083 1190 1122 col.
1230 1084 1285 1122 20
1324 1084 1503 1121 extrema.
1538 1083 1643 1122 hunc
1679 1083 1722 1122 in

184 1148 348 1188 modum
379 1148 584 1189 exhibeat:
615 1145 733 1200 ἄφνω
766 1145 803 1189 δ’
832 1145 1013 1199 ἄφαντον
1042 1145 1218 1199 προσέβα
1244 1142 1394 1199 μακρὰς
1419 1143 1720 1199 ἀφαιρούμενον

167 1202 342 1260 Λέλπίδας
378 1208 426 1252 τὸ
464 1207 631 1265 χρεών,
668 1214 834 1254 liberius
874 1215 920 1252 ut
950 1213 1037 1252 fieri
1067 1212 1171 1253 solet
1207 1212 1474 1263 conformata,
1512 1215 1648 1252 tamen
1678 1207 1720 1252 τὸ

182 1273 307 1330 χρεών
344 1278 486 1334 opinor
521 1291 601 1318 non
634 1279 929 1331 substituisset,
961 1279 1038 1318 nisi
1068 1278 1155 1329 ipse
1186 1280 1306 1328 poeta
1336 1278 1416 1318 alio
1453 1278 1540 1317 loco
1572 1291 1716 1329 suppe-

184 1342 413 1383 ditavisset:
443 1343 582 1395 itaque
613 1344 778 1384 conieci:
855 1385 862 1390 ,
905 1373 909 1377 -

754 1434 966 1493 ἆφροσύνα

469 1499 604 1554 πρόσω
635 1499 683 1544 τὸ
717 1519 739 1556 χ
747 1518 769 1555 ρ
777 1518 795 1544 ε
803 1499 834 1544 ὦ
842 1519 866 1543 ν
895 1500 1201 1557 τεκμαιρόμενοι.

470 1564 512 1608 τὸ
545 1565 582 1608 δ’
616 1564 854 1622 ἀμφιβάλλει
883 1566 998 1622 ταχύ
1006 1583 1036 1609 π
1044 1585 1064 1610 ο
1073 1585 1098 1609 υ
1107 1585 1131 1609 ν

469 1631 662 1674 κέλευθον
693 1632 716 1674 ἕ
719 1649 741 1687 ρ
748 1649 772 1674 κ
780 1648 798 1674 ε
805 1650 819 1674 ι
851 1634 1021 1675 σκοτίαν.
