1864 3126
819 149 1019 188 SAPPHO.
1600 148 1682 192 131

147 258 197 305 ’τὸ
229 258 388 317 ἥδιστον
418 260 592 317 φθέγμα.
642 262 826 303 Difficilis
858 263 984 313 optio:
1017 274 1108 302 nam
1140 264 1301 313 poterat
1331 265 1547 314 utrumque
1578 265 1685 303 recte

155 327 245 370 diei.
305 328 538 379 Adrastum,
568 328 681 368 euius
711 330 890 382 γλῶσσαν
921 328 1120 379 Tyrtaeus
1153 328 1230 367 XII
1256 330 1281 367 8
1314 324 1589 382 μειλιχόγηρυν
1619 341 1686 379 ap-

154 394 339 445 pellavit,
383 394 500 434 Plato
544 394 584 433 in
627 393 811 433 Phaedro
855 392 1068 447 μελίγηρυν
1109 397 1323 444 nuncupat..
1386 395 1516 434 Maior
1553 397 1687 434 tamen

158 458 392 500 Philostrati
424 459 655 510 auctoritas,
687 472 806 510 quam
838 461 961 500 etiam
992 460 1207 510 Antipater
1238 459 1425 499 Sidonius
1452 460 1574 499 Anth.
1600 459 1684 499 Pal.

155 523 213 563 IX
246 526 301 565 66
333 525 494 565 videtur
523 524 701 564 firmare:
743 521 1026 577 Μναμοσύναν
1062 523 1122 565 ἕλε
1158 521 1335 577 θάμβος,
1372 521 1428 565 ὅτ’
1469 523 1581 565 ἔκλυε
1619 526 1686 573 τᾶς

154 587 380 644 μελιφῶνου
411 592 619 642 Σαπφοῦς.
665 591 766 631 adde
797 591 946 631 Mosch.
976 590 997 629 I
1029 592 1073 630 9:
1111 585 1164 638 ὡς
1201 588 1285 642 μέλι
1322 586 1441 642 φωνᾶ
1479 593 1521 630 et
1557 590 1685 630 Theo-

155 656 242 697 erit.
274 656 312 695 V
343 658 411 697 82.

877 748 973 792 130.

274 835 412 875 Liban.
439 834 506 876 Or.
533 835 578 875 Τ.
604 835 623 874 Ι
650 837 734 875 402
763 835 823 875 ed.
850 835 1013 875 Reiske:
1045 833 1080 874 εἰ
1110 826 1184 874 οὖν
1215 830 1375 885 Σαπφὼ
1405 829 1478 886 τὴν
1509 834 1688 887 Λεσβίαν

155 896 275 941 οὐδὲν
318 897 512 941 ἐκώλυσεν
555 897 747 949 εὔξασθαι
788 896 934 940 νύκτα
977 895 1095 952 αὐτῇ
1137 897 1365 952 γενέσθαι
1409 900 1687 950 διπλασίαν,

155 963 291 1014 ἐξέστω
322 963 445 1019 κάμοί
470 982 507 1006 τι
536 962 810 1019 παραπλήσιον
841 965 1005 1018 αἰτῆσαι.
1069 960 1219 1017 Χρόνε,
1257 961 1378 1017 πάτερ
1410 963 1593 1005 ἐνιαυτοῦ
1623 963 1689 1004 καὶ

155 1034 313 1084 μηνῶν;
338 1031 509 1073 ἔκτεινον
538 1027 636 1084 ἡμῖν
665 1030 772 1072 τουτὶ
801 1027 844 1072 τὸ
875 1029 960 1080 ἔτος
989 1026 1058 1082 ἐφ’
1093 1026 1189 1070 ὅσον
1215 1025 1302 1070 οἷόν
1327 1045 1366 1070 τε
1391 1034 1585 1082 πλεῖστον,
1617 1024 1694 1070 ὦσέ

154 1111 228 1150 περ
257 1093 319 1138 ὅτε
343 1093 541 1151 εΗρακλῆς
571 1095 784 1150 ἕσπείρετο,
821 1093 899 1149 τὴν,
924 1092 1047 1136 νύκτα
1078 1093 1278 1144 ἐξέτεινας.
1340 1097 1441 1137 Tres
1479 1098 1688 1136 continuas

155 1165 291 1203 noctes
322 1176 412 1203 eum
443 1163 626 1214 Iuppiter
656 1163 870 1202 Alcmenae
902 1162 1098 1203 connubio
1138 1174 1235 1201 usus
1274 1174 1360 1201 esse
1392 1163 1548 1203 feratur
1578 1159 1689 1216 (hinc

156 1227 350 1269 Hercules
379 1227 602 1283 τριέσπερος
633 1226 732 1269 λέων
756 1229 886 1268 dietus
912 1228 1165 1279 Lycophroni
1190 1242 1226 1268 v.
1253 1223 1342 1282 33),
1373 1229 1560 1268 coniicias
1587 1228 1686 1279 Sap-

156 1293 327 1343 phonem
358 1290 483 1334 νύκτα
511 1294 792 1348 τριπλασίαν
822 1294 980 1334 dixisse.

791 1423 886 1466 131.
920 1422 1056 1476 [123]

277 1509 423 1550 Strabo
461 1509 562 1548 XIII
599 1523 636 1560 p.
671 1511 773 1549 615:
812 1505 900 1548 Εἶτ’
941 1506 986 1548 ἐν
1022 1504 1161 1548 ἑκατὸν
1198 1508 1368 1556 σταδίοις
1407 1501 1495 1562 (ἄπ’
1533 1502 1691 1556 Ἐλαίας

157 1570 308 1623 πόλεως
339 1571 545 1628 Αἰολικῆς)
577 1570 603 1627 ἡ
635 1571 773 1627 Κᾶνη,
805 1570 847 1615 τὸ
879 1570 1067 1625 ἀνταῖρον
1097 1569 1341 1627 ἀκρωτήριον
1370 1575 1424 1629 τῷ
1455 1571 1593 1629 Λέκτῳ
1625 1572 1691 1613 καὶ

158 1642 303 1680 ποιοῦν
333 1636 403 1680 τὸν
435 1633 752 1692 Ἀδραμυττηνὸν
782 1636 950 1690 κόλπον,
987 1631 1036 1679 οὗ
1067 1637 1183 1691 μέρος
1212 1638 1278 1680 καὶ
1310 1635 1331 1680 ὃ
1358 1635 1573 1687 Ἐλαϊτικός
1603 1637 1692 1680 ἔστι.

160 1701 292 1746 Κάναι
329 1703 373 1745 δὲ
410 1706 614 1759 πολίχνιον
652 1708 824 1759 Λοκρῶν
862 1707 940 1745 τῶν
980 1703 1022 1744 ἐκ
1063 1701 1223 1756 Κύνου,
1260 1701 1359 1745 κατὰ
1395 1701 1442 1744 τὰ
1482 1701 1583 1758 ἄκρα
1623 1706 1692 1757 τῆς

159 1769 321 1824 Λέσβου
351 1766 398 1810 τὰ
430 1767 653 1822 νοτιώτατα,
683 1771 864 1823 κείμενον
895 1769 939 1811 έν
970 1771 1015 1824 τῇ
1047 1770 1223 1826 Καναίᾳ’
1262 1764 1361 1822 αὕτη
1399 1768 1443 1810 δὲ
1474 1768 1582 1823 μέχρι
1612 1772 1691 1809 τῶν

155 1832 446 1890 Ἀργινουσσῶν
477 1833 604 1890 διήκει
639 1835 707 1876 καὶ
744 1839 814 1889 τῆς
851 1832 1133 1889 ὑπερκειμένης
1173 1833 1315 1887 ἅκρας,
1353 1832 1406 1888 ἣν
1446 1831 1553 1890 Αἶγα
1592 1850 1692 1884 τινες

160 1901 284 1955 (Αίγᾶ
315 1903 363 1952 D,
395 1898 512 1956 ahma
542 1898 634 1957 hoz)
666 1897 932 1955 ὀνομάζουσιν
963 1897 1182 1954 ὁμωνύμως
1217 1904 1271 1957 τῷ
1301 1898 1405 1956 ζώῳ·
1444 1901 1509 1941 δεῖ
1543 1899 1587 1941 δὲ
1624 1917 1692 1954 μα-

159 1969 262 2019 κρῶς
300 1962 375 2020 τὴν
412 1966 597 2021 δευτέραν
635 1964 836 2020 συλλαβὴν
873 1966 1054 2020 ἐκφέρειν
1093 1971 1129 2010 A
1137 1968 1153 2008 ι’
1161 1964 1250 2022 γὰν
1287 1963 1424 2022 (αἰγὰν
1460 1969 1532 2017 Ez,
1569 1969 1692 2019 vulgo

161 2027 311 2087 Αίγᾶν)
343 2028 396 2082 ὥς
426 2029 551 2073 ἆκτὰν
586 2032 653 2073 καὶ
689 2027 816 2087 ἀρχάν
853 2029 931 2087 (ita
960 2034 1045 2083 EF,
1083 2035 1208 2085 vulgo
1241 2029 1382 2073 Ἀκτᾶν
1418 2031 1484 2073 καὶ
1498 2036 1501 2037 ’
1515 2028 1692 2086 Ἀρχᾶν),

162 2093 263 2137 οὕτω
294 2094 370 2152 γὰρ
399 2097 467 2138 καὶ
491 2094 532 2139 τὸ
565 2095 657 2151 ὅρος
687 2094 782 2138 ὅλον
819 2094 1058 2151 ὠνομάζετο,
1094 2094 1117 2138 ὃ
1155 2102 1232 2139 νῦν
1269 2095 1413 2151 Κάνην
1449 2097 1516 2138 καὶ
1553 2094 1692 2145 Κάνας

160 2161 356 2215 λέγουσιν·
390 2193 399 2203 .
418 2194 428 2205 .
449 2194 457 2203 .
488 2160 651 2216 ὕστερον
682 2161 726 2203 δὲ
757 2159 853 2204 αὐτὸ
884 2159 927 2204 τὸ
958 2160 1204 2217 ἀκρωτήριον
1236 2161 1343 2219 Azy&
1376 2162 1452 2217 (ita
1478 2164 1625 2203 Coraes
1652 2167 1693 2204 et

164 2229 363 2280 Meineke,
393 2231 516 2281 vulgo
547 2229 671 2283 Αἰγᾶ,
701 2229 781 2269 nisi
810 2230 889 2270 fuit
927 2229 1067 2284 Αἴγα,
1105 2226 1196 2284 αἶγα
1233 2227 1324 2284 DE)
1362 2234 1579 2283 κεκλῆσθαι
1615 2228 1693 2283 (ita

163 2294 269 2345 libri,
295 2295 503 2351 corrigunss.
526 2292 716 2346 κέκληται,
742 2295 991 2346 probabilius
1012 2297 1194 2336 Meineke
1214 2298 1332 2347 puta:
1351 2296 1466 2336 δοκεῖ
1480 2292 1690 2349 excidisse)
1705 2306 1774 2340 917

164 2354 219 2408 ὦς
249 2354 411 2410 Σαπφώ
448 2370 547 2411 φησι
583 2354 702 2412 (φησι
739 2361 827 2400 add.
858 2373 958 2412 moz,
992 2374 1069 2402 om.
1100 2362 1238 2410 ceteri,
1276 2361 1445 2401 Kramer
1480 2364 1604 2402 verba
1641 2356 1693 2409 ὦς

162 2420 323 2476 Σαπφώ
353 2435 452 2476 φησι
483 2425 534 2463 ab
565 2424 697 2463 aliena
727 2438 847 2464 manu
877 2426 1014 2466 addita
1043 2439 1131 2466 esse
1163 2429 1314 2476 censet,
1352 2429 1394 2466 et
1432 2428 1569 2467 omisit
1597 2427 1693 2466 Mei·

163 2485 296 2543 neke),
327 2485 369 2529 τὸ
396 2486 439 2528 δὲ
469 2484 609 2529 λοιπὸν
641 2485 757 2541 Κᾶνη
788 2488 854 2530 καὶ
884 2487 1029 2532 Κάναι.
1060 2492 1109 2531 cf.
1142 2492 1278 2543 Steph.
1309 2492 1403 2542 Byz.
1435 2506 1471 2532 v.
1504 2488 1620 2545 Αἰγᾶ.

797 2617 893 2675 132,
925 2618 1062 2672 [124]

284 2702 413 2742 Schol.
444 2703 575 2754 Apoll.
607 2703 731 2742 Rhod.
764 2702 826 2741 III
858 2705 933 2743 26:
966 2699 1227 2752 Ἀπολλώνιος
1265 2702 1336 2756 μὲν
1361 2701 1596 2758 Ἀφροδίτης
1626 2702 1694 2746 τὸν

155 2764 309 2819 Ἔρωτα
338 2771 571 2822 γενεαλογεῖ,
602 2761 762 2818 Σαπφώ
796 2764 840 2807 δὲ
870 2769 952 2819 Γῆς
981 2767 1048 2808 καὶ
1081 2765 1279 2821 Οὐρανοῦ.
1330 2770 1390 2810 Cf.
1421 2771 1568 2811 Endon.
1598 2772 1694 2811 158.

167 2833 226 2872 At
255 2834 354 2884 Arg.
386 2834 550 2874 Theocr.
576 2834 690 2872 XIII:
722 2829 882 2884 Σαπφὼ
914 2829 1104 2886 (Ἔρωτα)
1130 2830 1366 2886 Ἀφροδίτης
1394 2833 1462 2874 καὶ
1495 2831 1695 2888 Ούρανοῦ,

169 2899 236 2938 ubi
267 2899 534 2940 wustemann
563 2902 645 2952 Γῆς
676 2899 854 2949 coniecit,
886 2899 956 2938 sed
988 2899 1036 2939 cf*
1067 2899 1238 2940 Pausan.
1268 2900 1325 2938 IX
1358 2902 1427 2951 27,
1460 2902 1503 2940 3:
1535 2897 1695 2952 Σαπφὼ

1362 2965 1412 3003 9*
