1832 3074
670 617 884 670 PRAE
893 618 1049 670 ΕΔΤ
1058 619 1085 669 Ι
1095 619 1157 670 Ο.

273 808 528 854 Theodorus
578 810 724 866 Bergk
776 811 1030 867 priusquam
1077 826 1113 854 a.
1163 812 1271 854 1881
1319 811 1523 854 ultimum
1568 813 1680 855 diem

149 882 293 926 obiret
323 882 432 925 mihi
463 882 686 925 mandavit
717 885 767 925 ut
798 882 1000 926 editionis
1033 885 1259 938 poetarum
1291 883 1526 939 lyricorum
1552 883 1682 927 Grac-

148 967 296 998 corum
322 954 526 997 volumen
558 953 746 997 alterum
778 956 822 996 et
846 954 1037 1009 tertium,
1069 968 1178 1010 quae
1211 954 1376 1010 quartis
1409 955 1522 998 curis
1555 959 1682 998 aucta

147 1027 278 1082 atque
310 1025 539 1068 emendata
569 1025 818 1082 reliquerat,
849 1026 1013 1082 publici
1045 1026 1150 1068 iuris
1183 1025 1383 1069 facerem.

266 1095 361 1147 Quo
392 1097 598 1140 mandato
630 1097 782 1154 quanti
814 1112 882 1140 me
914 1097 1065 1150 fecerit
1097 1097 1163 1140 vir
1202 1098 1521 1141 illustrissimus
1555 1102 1680 1155 grato

147 1167 292 1211 animo
323 1168 501 1225 agnovi:
538 1169 749 1225 imposuit
787 1172 934 1212 autem
971 1169 1080 1212 mihi
1117 1184 1294 1225 munus,
1332 1170 1400 1212 cui
1433 1185 1500 1212 me
1532 1186 1678 1226 parem

144 1253 233 1282 non
264 1254 358 1284 esse
389 1255 477 1284 non
508 1240 763 1284 dubitabam
804 1241 890 1284 nisi
928 1242 1152 1285 accederet
1189 1241 1418 1284 consilium
1458 1242 1679 1284 auxilium-

145 1311 228 1366 que
253 1311 335 1354 viri
360 1311 406 1354 in
424 1312 566 1368 poetis
588 1311 764 1356 Graecis
786 1313 991 1356 continuo
1019 1313 1194 1356 versati.
1249 1312 1404 1368 Neque
1425 1327 1523 1368 spes
1550 1328 1679 1368 quam

144 1395 421 1438 conceperam
453 1398 522 1426 me
553 1383 721 1427 fefellit.
771 1383 1000 1427 Eduardus
1033 1385 1149 1427 enim
1181 1384 1394 1439 Hillerus,
1426 1383 1503 1439 qui
1535 1384 1579 1426 in
1611 1384 1680 1426 his

145 1452 301 1496 studiis
333 1453 507 1515 habitat
539 1469 751 1511 quemque
782 1469 986 1498 noveram
1020 1458 1063 1498 et
1088 1455 1325 1511 Bergkium
1359 1455 1506 1511 magni
1537 1455 1678 1498 facere

144 1525 190 1566 et
227 1523 283 1567 ab
321 1523 514 1580 Bergkio
554 1525 703 1581 magni
741 1517 1092 1582 essebabitum,
1129 1526 1242 1569 hanc
1279 1541 1425 1570 curam
1457 1540 1545 1569 non
1575 1542 1679 1570 sane

143 1595 301 1651 ubique
339 1596 513 1639 facilem
545 1596 747 1652 expeditu
789 1612 878 1639 non
916 1597 1193 1653 detrectavit,
1237 1612 1421 1653 cumque
1459 1598 1502 1640 id
1540 1599 1678 1641 solum

142 1669 372 1724 spectaret,
402 1670 453 1711 ut
483 1667 590 1711 haec
617 1667 748 1710 editio
776 1668 840 1711 ita
864 1669 1059 1724 prodiret
1085 1670 1443 1726 quemadmodum
1464 1669 1677 1726 Bergkius

142 1752 239 1781 eam
270 1739 523 1782 adornatam
555 1739 708 1799 Voluit,
739 1740 915 1795 pietatis
946 1740 1116 1798 insigne
1148 1741 1454 1784 documentum
1486 1742 1602 1784 dedit
1633 1745 1677 1784 et

143 1810 194 1853 de
225 1812 453 1866 poetarum
492 1810 756 1854 Graecorum
795 1811 1052 1868 fragmentis
1091 1813 1255 1869 optime
1295 1814 1463 1857 meruit.
1520 1813 1675 1855 Hilleri

142 1881 280 1938 igitur
310 1896 466 1939 operae
498 1883 775 1926 tribuendum
813 1886 881 1926 est
920 1883 1034 1940 quod
1073 1886 1228 1940 quarta
1267 1884 1374 1927 haec
1414 1885 1544 1927 editio
1584 1887 1673 1927 tam

141 1953 278 1996 nitide
309 1953 500 2009 adeoque
532 1968 583 1996 ex
615 1954 795 1997 editoris
827 1958 972 1998 mente
1004 1955 1174 1999 absolvi
1205 1957 1364 2011 potuit.

259 2046 348 2091 Scr.
378 2048 591 2092 Bonnae
623 2049 718 2093 Kal.
738 2049 875 2093 -Iuliis
911 2051 1034 2094 1882.

1074 2222 1298 2270 Arnoldus
1338 2222 1562 2270 Schacfcr.
