1864 3126
688 74 1069 116 ANACREONTEA.
1563 74 1652 117 305

179 187 261 242 θὲς
291 185 526 247 ὁρμαθοὺς
557 186 755 245 ἐρώτων·
898 198 943 229 20
970 182 1094 229 οὔπω
1125 183 1303 236 πόθους
1334 181 1574 239 Κανώβου,

178 257 355 319 Ἀχαΐης
384 259 473 317 γάρ
504 260 640 314 ἐστιν,
970 254 1026 306 οὐ
1056 257 1134 313 τῆς
1165 253 1326 300 ἅπαντ’
1363 253 1552 313 ἐχούσης

182 329 298 377 ὅπου
327 330 458 376 καλαὶ
489 339 707 389 γυναῖκες.
971 326 1165 384 Κρήτης,
1198 325 1314 372 ὅπου
1345 326 1558 371 πόλεσσιν

182 405 300 448 τίθει
333 402 382 448 δὲ
415 405 636 460 Λεσβίους
666 419 742 460 μοι
958 397 1102 456 Ἔρως
1135 398 1396 457 ἐποργιάζει.

112 486 156 519 15
181 473 256 519 καὶ
287 474 415 532 μέχρι
445 475 537 519 τῶν
566 472 732 519 Ἰώνων
970 474 1016 514 τί
1043 483 1116 515 σοι
1147 470 1296 523 θέλεις
1327 468 1508 528 ἀριθμῶ

182 545 257 590 καὶ
289 549 462 603 Καρίης
486 543 648 590 Ῥόδου
678 563 725 590 τε
900 554 943 586 25
968 541 1043 586 καὶ
1074 539 1180 594 τοὺς
1206 544 1439 599 Γαδείρων
1472 540 1610 595 ἐκτός,

185 619 432 675 δισχιλίους
463 619 639 673 ἔρωτας.
971 615 1063 665 τῶν
1094 616 1330 670 Βακτρίων
1360 630 1406 657 τε
1438 615 1611 658 κίνδῶν

184 692 231 733 τί
258 687 366 748 φύς;
398 687 671 746 ἐκηοιώθης;
971 687 1116 743 ψυχῆς
1147 685 1255 742 ἐμῆς
1286 687 1472 742 ἔρωτας;

185 757 310 804 οὔπω
341 758 527 818 Σύρους
557 761 696 815 ἔλεξα,

798 893 862 935 14.
897 891 973 945 [9.]

499 975 602 1010 TOY
625 975 797 1010 AYTO'I‘
821 975 914 1008 ΕΙΣ
936 971 1277 1008 ΠΕΡῙΣΤΕΡΛΝ.

182 1056 393 1115 Ἐρασμίη
426 1058 590 1114 πέλεια,
974 1054 1054 1100 τὸν
1088 1054 1188 1113 ἄρτι
1219 1056 1310 1099 τῶν
1342 1051 1557 1098 ἁπάντων

184 1128 329 1174 πόθεν
354 1128 500 1174 πόθεν
531 1130 765 1182 πέτασσαι;
906 1141 949 1172 10
975 1129 1226 1186 κρατοῦντα
1257 1125 1331 1170 καὶ
1362 1125 1602 1183 τύραννον.

168 1196 330 1245 ’πόθεν
361 1200 519 1259 μύρων
549 1199 778 1246 τοσούτων
975 1198 1172 1257 πέπρακέ
1195 1196 1244 1255 μ’
1279 1195 1306 1255 ἡ
1341 1196 1539 1255 Κυθήρη

186 1270 252 1317 ἐπ’
286 1270 418 1331 ἠέρος
448 1273 621 1318 θέουσα
975 1272 1179 1326 λαβοῦσα
1210 1267 1372 1327 μικρὸν
1398 1266 1566 1325 ὕμνον·

139 1356 160 1388 5
185 1344 333 1396 πνέεις
363 1361 410 1388 τε
440 1344 514 1388 καὶ
546 1342 764 1400 ψεκάζεις;
850 1395 858 1401 .
976 1340 1061 1398 ἐγὼ
1097 1340 1138 1385 δ’
1171 1339 1453 1399 Ἀνακρέοντι

185 1418 253 1484 τίς
283 1416 380 1460 ἐστί
406 1428 478 1460 σοι
510 1414 738 1473 μεληδαὶν;
976 1415 1173 1457 διακονῶ
1205 1414 1419 1457 τοσαῦτα·

188 1485 463 1545 ,,Ἀνακρε’ων
494 1485 539 1544 μ’
576 1490 768 1543 ἔπεμψεν
907 1497 949 1528 15
975 1484 1049 1528 καὶ
1075 1486 1178 1540 νῦν,
1205 1482 1329 1543 ὁρᾷς,
1355 1485 1532 1529 ἐκείνου
1565 1495 1657 1527 1054

187 1557 299 1616 πρὸς
314 1561 468 1615 παῖδα,
482 1557 595 1617 πρὸς
609 1556 868 1614 Βάθυλλον,
978 1554 1211 1608 ἐπιστολὰς
1240 1559 1418 1613 κομίζω.

117 1712 197 1750 cod.
225 1709 433 1759 ὁρμαθοὺς.
460 1733 506 1739 -
537 1711 582 1750 V.
607 1716 660 1748 13.
680 1711 793 1748 καλαὶ
812 1715 991 1757 ’γυναῖκες
1011 1711 1235 1757 Stephanae,
1256 1710 1336 1746 cod.
1360 1712 1658 1755 καλλιγυναῖκες.

118 1782 162 1788 --
178 1761 220 1796 V.
238 1765 292 1797 16.
308 1762 450 1806 Καρίης
464 1757 595 1796 Ῥόδου
617 1773 656 1796 τε
678 1759 899 1806 Stephanus,
919 1759 1000 1796 cod.
1015 1760 1151 1804 καρίην
1171 1755 1286 1804 ῥ’ὁδον
1313 1770 1364 1793 τε.
1380 1779 1424 1783 -
1441 1757 1484 1793 V.
1501 1760 1556 1792 18.
1573 1753 1658 1802 ἔκη-

117 1806 262 1854 ριώθης
287 1808 437 1854 scripsi,
468 1808 549 1844 cod.
581 1805 643 1843 ἀεὶ
671 1807 860 1854 πηρωθεὶς
891 1806 1023 1843 addita
1054 1807 1144 1842 nota
1170 1806 1201 1854 γ.
1229 1817 1324 1851 quae
1351 1804 1593 1842 correctionis
1619 1804 1657 1839 in

119 1857 287 1903 margine
321 1856 535 1902 adscriptae
564 1855 676 1891 index
701 1856 773 1900 est,
807 1855 871 1892 sed
896 1855 950 1891 ibi
975 1856 1066 1891 nota
1089 1854 1285 1901 repetitur,
1312 1852 1494 1889 correctio
1514 1851 1659 1888 deside-

118 1905 232 1941 ratur.
281 1902 407 1940 Meam
433 1903 733 1939 emendationem
760 1902 853 1940 satis
880 1902 1080 1939 stabiliunt
1104 1903 1254 1948 glossae
1281 1900 1477 1947 Hesychii:
1504 1900 1659 1946 κηριοῦ-

118 1954 228 1996 σθαι,
255 1947 543 1997 ἐκπλήττεσθαι.
594 1951 683 1987 item
710 1951 971 1997 κηριωθῆναι·
1005 1948 1083 1986 ὑπὸ
1111 1950 1332 1986 σκοτοδίνου
1358 1948 1569 1994 ληφθῆναι.
1621 1949 1660 1982 et

119 1996 330 2045 ἐκηριῶθη·
357 1997 566 2045 ἐσκοτώθη,
592 1996 839 2044 ἐθανατώθη.
877 1997 972 2034 item
998 1995 1322 2044 ἐκκεκηριωμένη·
1358 1993 1658 2041 ἐκπεπληγμένη,

121 2045 192 2090 ἔξω
224 2047 290 2092 τῆς
323 2047 447 2102 ψυχῆς
478 2051 675 2092 γεγονυῖα·
708 2048 747 2082 et
778 2043 1040 2091 ἑξεκηρίωσας,
1079 2042 1290 2091 ἕξέστησας.
1335 2040 1597 2090 Scaliger'oisl
1619 2040 1657 2088 γ’

111 2091 272 2150 Ἔρωτες
297 2094 457 2140 scripsit,
477 2094 614 2130 Baxter
633 2092 694 2130 ἀεὶ
714 2094 816 2153 κηρῷ
842 2093 925 2138 θές,
946 2094 1136 2129 Hermann
1157 2089 1440 2137 ἀνεπτερώθης.
1462 2112 1506 2118 -—-
1533 2090 1575 2126 V.
1601 2094 1658 2127 21.

120 2139 274 2186 απαντ’,
301 2141 382 2179 cod.
407 2138 564 2178 ἅπαντ’.
614 2141 708 2177 Mihi
733 2155 785 2177 τα
812 2138 949 2187 πρῶτ’
979 2138 1137 2188 ἐχούσης
1163 2140 1400 2176 scribendum
1427 2139 1585 2174 videtur.
1615 2158 1658 2162 —

121 2188 165 2224 V.
191 2192 248 2224 22.
276 2186 436 2235 Κρήτης,
462 2189 542 2226 cod.
568 2190 607 2225 in
628 2200 676 2224 m.
698 2189 765 2225 sed
785 2192 872 2225 ante
891 2201 924 2226 v.
945 2193 990 2224 21
1012 2188 1294 2224 memorabilem
1314 2187 1521 2232 scripturae
1540 2184 1659 2220 varie-

121 2237 238 2272 tatem
263 2233 390 2283 ᾆώμης
414 2236 575 2272 exhibet.
599 2258 638 2263 —-
667 2235 856 2281 πόλεσσιν,
882 2237 963 2273 cod.
989 2249 1046 2284 pr.
1066 2235 1254 2272 πολέσσιν.
1283 2256 1326 2261 -
1354 2234 1398 2271 V.
1420 2239 1477 2269 24.
1505 2231 1658 2278 α’ριθμῶ

122 2283 304 2342 Scaliger,
326 2283 420 2341 2⁰⁰⁶·
445 2280 638 2330 ἀριθμεῖν.
668 2284 715 2310 ’-
747 2284 791 2321 V.
819 2287 875 2320 25.
902 2283 1008 2330 τοὺς,
1040 2284 1121 2320 cod.
1149 2295 1262 2330 supra
1287 2280 1345 2318 τά.
1396 2282 1569 2316 Fortasse
1595 2279 1660 2315 καὶ

119 2328 258 2372 τᾶκτος
291 2343 341 2366 αυ
382 2332 578 2377 Γαδείρων
609 2332 889 2378 corrigendum,
929 2343 1156 2377 quamquam
1194 2329 1323 2367 etiam‘
1341 2329 1405 2365 καὶ
1443 2326 1532 2369 τοὺς
1562 2325 1660 2372 πέρα

125 2380 319 2423 Γαδείρων
345 2377 533 2415 coniicias.
579 2378 779 2425 Corrigunt
803 2377 892 2420 τοὺς
918 2376 1028 2420 ἐκτὸς
1052 2374 1102 2415 αὖ
1128 2379 1337 2423 Γαδείρων.
1365 2398 1406 2402 —-
1436 2377 1479 2413 V.
1500 2380 1557 2411 26.
1585 2375 1660 2410 τῶν

123 2427 218 2472 cod.,
243 2426 393 2462 Brunck
418 2423 518 2467 τούς.

220 2513 274 2546 14.
324 2509 475 2545 Partem
490 2508 666 2544 carminis
681 2519 797 2552 usqne
818 2509 865 2544 ad
885 2521 919 2544 v.
938 2512 986 2544 24
1011 2508 1208 2544 Mehlhorn
1235 2508 1271 2542 in
1293 2507 1467 2552 strophas
1488 2517 1659 2541 senorum

125 2569 299 2594 versuum
324 2556 482 2603 redegit.
510 2577 553 2582 —
580 2556 624 2591 V.
647 2561 677 2591 1.
703 2554 847 2600 πέλεια,
874 2557 954 2592 cod.
975 2560 997 2591 2
1022 2554 1145 2591 πέλια.
1167 2575 1212 2581 -
1238 2555 1282 2589 V.
1303 2559 1336 2589 2.
1362 2553 1546 2589 πέτασσαι
1572 2552 1660 2589 Bar-

123 2616 189 2641 nes
215 2607 253 2641 et
279 2606 487 2641 Buttmann
507 2604 588 2640 cod.
615 2603 788 2649 πέτασαι,
813 2602 962 2639 Brunck
988 2603 1159 2639 πετᾶσαι.
1188 2623 1230 2628 -
1258 2602 1302 2638 V.
1329 2605 1362 2637 4.
1391 2599 1552 2645 θέουσα,
1578 2600 1658 2648 (ξοδ.

126 2665 149 2689 a
173 2665 221 2688 m.
247 2665 302 2699 pr.
328 2651 467 2688 θέασα.
494 2673 540 2678 -
567 2651 609 2689 V.
636 2655 669 2687 5.
696 2649 836 2695 πνέεις,
863 2651 944 2687 cod.
971 2651 1103 2691 πνίεις.
1143 2650 1240 2685 Rose
1274 2660 1347 2684 non
1373 2650 1475 2684 recte
1505 2649 1659 2689 πνείεις.

126 2721 170 2727 —-
204 2699 247 2737 V.
281 2704 314 2736 6.
345 2700 400 2741 τίς
432 2697 514 2735 ἐστί
540 2711 599 2735 σοι
633 2695 805 2745 μεληδών
841 2697 991 2744 scripsi,
1023 2697 1123 2743 quod
1154 2696 1385 2742 Valpergam
1417 2696 1660 2742 occupavisse

125 2748 245 2793 video,
272 2747 351 2783 cod.
379 2748 434 2788 τίς
460 2746 537 2783 ἔστι
563 2760 620 2782 σοι
646 2745 749 2792 μέλει
775 2745 830 2791 δέ,
858 2745 1006 2781 Brunck
1032 2746 1087 2786 τίς
1112 2741 1163 2786 εἷς
1188 2745 1228 2779 τί
1250 2756 1308 2780 σοι
1333 2742 1437 2790 μέλει
1462 2742 1528 2788 δέ,
1561 2743 1660 2779 Rose

126 2795 181 2836 τίς
205 2792 244 2836 ἐς
268 2795 307 2830 τί
328 2807 386 2831 σοι
412 2793 517 2841 μέλει
542 2793 586 2830 δέ
606 2793 777 2841 permire.
807 2815 848 2819 —
870 2793 913 2830 V.
938 2797 991 2829 11.
1021 2789 1061 2838 μ’
1090 2789 1113 2837 ἡ
1135 2791 1266 2836 Faber,
1292 2792 1373 2827 cod.
1394 2804 1450 2838 με.
1471 2812 1517 2818 -
1537 2791 1580 2828 V.
1603 2795 1659 2829 14.

126 2842 302 2887 τοσαῦτα,
327 2842 411 2879 fort.
437 2842 594 2878 τοιαῦτα
621 2842 804 2888 (τοαῦτα).
839 2862 880 2867 -
915 2840 957 2877 V.
987 2844 1041 2875 15.
1077 2836 1169 2888 ὁρᾷς
1195 2839 1424 2885 Stephanus,
1456 2839 1538 2875 cod.
1564 2840 1659 2879 οΐας.

198 2908 326 2934 Ponn
344 2909 421 2935 Insa.
448 2909 506 2934 111.
1329 2903 1375 2936 20
