1864 3126
235 161 319 222 158
545 195 547 198 ·
801 180 992 216 POETAE
1018 180 1195 217 MELIGI.

890 288 958 331 25.
991 290 1096 342 [14.]

318 367 461 426 ’Ώνηρ
494 386 623 421 ουτος
654 366 677 413 ὁ
710 368 950 427 μαιόμενος
981 369 1030 414 τὸ
1063 371 1174 426 μέγα
1203 370 1355 428 κρέτος

327 438 534 497 ἆντρέψει
563 439 675 497 τάχα
705 439 788 485 τὰν
819 440 967 485 πόλιν·
1001 439 1029 484 ἀ
1061 439 1102 484 δ’
1138 443 1277 498 ἔχεται
1309 441 1459 499 ῥόπας.

867 560 937 604 26.
969 559 1117 614 [9410]

732 639 855 685 Οὐδέ
882 656 948 685 πω
981 643 1210 686 Ποσείὸαν

391 710 593 769 ἄλμυρον
626 713 876 769 ἐστυφέλιξε
907 711 1092 756 πόντον·

329 781 427 827 οἷον
459 783 636 842 (πέδον)
666 785 747 839 γᾶς
778 781 863 840 γὰρ
894 783 1068 826 πέλεται
1101 783 1228 828 σέων.

940 891 964 917 ‘³‘
978 892 1047 934 27.
1687 905 1756 937 939

316 970 533 1024 ’Ἑπταζον
565 970 668 1016 ὤστ’
706 971 889 1030 ὄρνιθες
920 967 1041 1016 ὦκυν

389 1048 538 1087 αἰέτον
571 1044 777 1095 ἐξαπίνας
808 1043 1018 1100 φάνεντα.

941 1152 964 1176 ²¹²
980 1152 1049 1193 28.

317 1230 452 1287 ’Ἀρευ
484 1209 707 1290 δαΐφοβος.
735 1235 933 1290 δαΐκτηρ.

943 1338 966 1363 *
979 1341 1048 1383 29.

315 1419 501 1479 ’Ἁρευος
535 1422 878 1479 στρατιωτέροις.

331 1551 390 1598 Fr.
416 1554 472 1586 25.
522 1552 637 1587 Arist.
662 1551 772 1597 Vesp.
802 1556 910 1587 1234:
941 1548 1181 1608 Ὤνθρωφ’,
1209 1546 1342 1593 οὗτος
1367 1549 1386 1587 ὁ
1413 1548 1666 1609 μαιόμενος
1692 1552 1759 1609 (sic

235 1599 339 1643 ΚΒΜ,
364 1599 484 1656 vulgo
511 1596 751 1660 μαινόμενος)
776 1597 823 1634 τὸ
857 1598 970 1645 μέγα
1003 1613 1171 1645 κρατος
1193 1596 1444 1657 Ἀντρέψεις
1476 1598 1542 1634 ἔτι
1573 1597 1654 1635 τὰν
1679 1597 1758 1635 πό-

195 1667 200 1672 «
233 1649 321 1703 λιν,
354 1643 378 1680 ἆ
412 1645 450 1680 δ’
487 1645 654 1703 ἔχεται
673 1644 830 1692 ροπᾶς·
862 1647 927 1682 ubi
960 1647 1081 1683 Schol.
1099 1645 1211 1704 παρὰ
1245 1647 1309 1704 τιῗιιν
1326 1643 1542 1682 Ἀλκαίου
1561 1644 1759 1703 Ὥνησεν

235 1673 369 1733 οὗτος
405 1693 480 1728 καὶ
519 1691 800 1751 μαινόμενος
835 1691 1230 1752 (cod.Ven.wvr16oe1.
1267 1688 1375 1735 οὗτος
1406 1691 1426 1729 ὁ
1441 1691 1698 1754 μαινόμενος
1723 1697 1761 1731 et

233 1739 385 1785 τρέψεις
408 1738 520 1798 ταχα)
550 1739 597 1777 τὸ
632 1755 676 1797 μ’.ν
704 1739 869 1787 κράτος
901 1738 1015 1786 τάχα
1045 1740 1233 1786 τρέψεις
1263 1738 1343 1787 τὴν
1367 1755 1405 1777 π.
1432 1738 1457 1776 ἁ
1484 1739 1522 1776 δ’
1550 1739 1626 1787 ἕ.ρ
1605 1755 1650 1787 ρ.,
1675 1738 1761 1776 ἀντὶ

233 1788 301 1822 τοῦ
328 1786 424 1832 μέγα
449 1786 602 1833 κράτος·
630 1784 749 1829 ου’τως
766 1788 920 1829 Αἰολεῖς.
947 1790 1044 1824 unde
1071 1790 1273 1824 Buttmann
1298 1789 1394 1825 vidit
1411 1787 1607 1824 Aeolicum
1631 1786 1761 1834 κρέτος

233 1834 504 1870 restituendum
536 1847 632 1879 esse,
665 1837 795 1872 contra
826 1836 969 1872 Seidler
995 1837 1116 1882 ζητῶν
1147 1836 1171 1872 i.
1198 1847 1229 1871 e.
1254 1837 1628 1895 interpretamentum
1658 1836 1761 1871 vocis

234 1879 440 1940 μαιόμενος
462 1883 672 1918 addendum
700 1883 850 1919 censuit.
877 1884 916 1919 et
939 1883 1088 1918 deinde·
1119 1881 1161 1919 ἐκ
1181 1884 1254 1918 τῶν
1270 1880 1435 1919 Ἀλκαίου
1456 1882 1498 1918 δὲ
1518 1884 1694 1940 παρῳδεῖ
1706 1882 1761 1923 εἰς

234 1927 391 1964 Κλέωνα
418 1926 467 1970 ὡς
492 1929 734 1987 μαινόμενον.
777 1931 928 1966 Rectius
955 1930 1075 1965 Schol.
1102 1930 1141 1965 in
1166 1926 1585 1987 Thesmoph.162:'Ev
1604 1920 1760 1974 Σφηξὶν

236 1974 470 2033 (παρῴὸηται
495 1974 565 2022 τό)·
596 1974 729 2022 ,Ωινὴρ
763 1971 893 2018 οὗτος
925 1974 944 2012 ὁ
972 1975 1222 2034 μαιόμενος
1246 1975 1293 2012 τὸ
1321 1991 1357 2023 μ.
1383 1976 1558 2036 κράτος.
1586 1998 1629 2003 -
1654 1978 1699 2012 V.
1728 1982 1758 2013 1.

234 2022 365 2080 κρὲτος
383 2023 586 2059 Buttmann
606 2025 645 2059 et
665 2024 816 2068 Seiffler,
837 2024 1034 2070 legebatur
1052 2021 1198 2069 κράτος.
1220 2045 1262 2050 -—-
1284 2024 1328 2060 V.
1348 2028 1381 2059 2.
1402 2022 1583 2069 αντρέψει
1602 2024 1756 2068 Seidler‚

237 2068 414 2116 ὀντρεψει
439 2072 595 2106 Ahrens.

329 2118 387 2154 Fr.
409 2122 465 2154 26.
507 2117 686 2154 Coniunxi
712 2119 784 2154 duo
804 2119 860 2163 fr.‚
886 2130 1041 2177 quorum
1067 2118 1170 2163 prius
1194 2120 1242 2164 (v.
1265 2122 1295 2154 1.
1315 2119 1352 2176 2)
1379 2118 1542 2154 servavit
1559 2118 1759 2154 Herodian.

235 2164 322 2210 περὶ
341 2178 427 2215 μον.
453 2164 527 2208 λε’ξ.
555 2170 618 2211 10,
645 2169 707 2201 25:
746 2167 915 2223 Εἴρηται
935 2164 978 2201 δε
1011 2163 1030 2200 ὁ
1065 2167 1210 2212 δαίμων
1241 2163 1331 2211 παρ’
1362 2162 1511 2213 Ἀλκαίῳ
1544 2163 1608 2200 δια
1640 2167 1707 2201 τοῦ
1732 2170 1757 2200 ἅ

236 2211 414 2258 μένοντος
450 2213 517 2248 τοῦ
556 2225 577 2248 σ
609 2214 816 2248 Ποσειδᾶν·
856 2209 1047 2248 Ονδέπω
1080 2216 1154 2248 κτλ.
1206 2202 1657 2258 Choerobosc.l⁴]pi1n.l
1689 2217 1758 2249 277

237 2261 427 2295 Ποτείὸαν
452 2260 647 2296 Aeolicum
673 2260 781 2304 dicit,
808 2260 872 2295 sed
898 2264 966 2295 299
987 2261 1156 2295 Ποτίδαν
1182 2261 1220 2295 et
1241 2261 1433 2296 Ποσείδαν
1457 2260 1588 2296 iisdem
1613 2260 1756 2295 tribuilz.

239 2328 278 2332 —-
308 2307 351 2343 V.
379 2312 411 2343 3.
436 2307 494 2343 Et.
521 2307 617 2344 Flor.
644 2307 769 2343 Miller
792 2307 896 2343 Misc
923 2311 1008 2343 264.
1045 2308 1149 2342 σείω·
1183 2306 1260 2342 ἔστι
1284 2305 1356 2362 γὰρ
1382 2306 1470 2352 σὲω,
1498 2305 1548 2348 ὡς
1571 2303 1662 2353 παρ’
1687 2305 1756 2342 Ἀλ-

236 2355 350 2410 καίῳ·
378 2354 460 2390 οἷον
485 2355 555 2400 γᾶς
579 2353 650 2400 γὰρ
676 2353 829 2391 πέλεται
854 2355 947 2396 σέως
978 2366 1072 2400 quae
1099 2355 1254 2390 correxi:
1286 2355 1359 2390 nisi
1383 2355 1478 2390 forte
1504 2353 1586 2390 οἷον
1612 2352 1758 2399 (πέδον)

235 2399 308 2446 γὰρ
334 2402 404 2447 γᾶς
428 2403 547 2438 malis.
598 2402 769 2438 Meineke
797 2400 877 2438 οἷον
903 2402 1069 2447 seclusit,
1097 2403 1135 2438 et-
1158 2403 1229 2447 γᾶς
1251 2401 1435 2447 pluralem
1460 2413 1654 2438 numerum
1678 2411 1758 2437 esse

237 2449 475 2486 existimaviiz.

330 2497 390 2532 Fr.
416 2500 473 2532 27.
522 2497 657 2532 Herod.
683 2496 767 2553 περὶ
794 2509 874 2542 μον.
899 2496 972 2540 λέξ.
999 2501 1057 2542 23,
1083 2501 1121 2532 9·
1157 2494 1483 2556 Παρῃτησάμεθα
1500 2494 1542 2531 δε
1568 2494 1758 2531 Αἰολίδα

238 2541 434 2579 διάλεκτον
460 2542 523 2579 διὰ
549 2541 591 2580 τὸ
619 2541 770 2589 Πτάζω,
798 2543 1010 2587 ε’·πταζον
1047 2540 1103 2584 ὥς
1127 2542 1195 2579 τό·
1219 2542 1431 2598 Ὄρνιθες
1456 2539 1574 2597 ᾥκύν
1600 2541 1758 2578 αἰετὸν

238 2588 497 2636 ἔξαπτήνας
528 2591 749 2636 φανέντα.
798 2591 934 2627 Poetae
966 2602 1101 2627 nomen
1133 2591 1302 2637 quamvis
1327 2590 1376 2626 sit
1401 2589 1596 2636 omissum,
1627 2591 1758 2636 proba-

235 2638 365 2673 biliter
389 2638 526 2673 Alcaeo
550 2639 707 2674 tribuas.
756 2638 906 2674 Correxi
930 2638 1069 2674 codicis
1095 2639 1327 2684 scripturam.

331 2684 388 2721 Fr.
415 2689 471 2722 28.
515 2685 717 2721 Herodian.
744 2685 861 2723 Cram.
883 2687 950 2722 Α11.
973 2686 1037 2721 Ox.
1058 2685 1109 2719 III
1129 2685 1485 2730 237,1;Ζητοῦμεν
1510 2685 1575 2719 καὶ
1598 2681 1666 2742 τὴν
1691 2683 1758 2720 τοῦ

228 2728 355 2789 Ἄρης,
385 2729 508 2790 ’Ἄρεος
543 2730 697 2790 γενικὴν
734 2733 813 2774 πῶς
849 2746 1005 2791 ευρηται
1042 2731 1105 2768 διὰ
1144 2730 1377 2790 ὃιφθόγγου·
1414 2730 1571 2777 λέγομεν
1600 2728 1758 2777 Αρευος,

228 2776 367 2824 ”Αρευί·
395 2808 403 2815 .
454 2778 506 2825 .ἡ
525 2778 693 2825 κλητική·
712 2778 836 2825 ’Άρευ
863 2777 922 2815 δι’
950 2777 969 2815 ὁ
997 2777 1141 2827 φόβος
1152 2777 1366 2837 διακτήρ.
1375 2779 1543 2835 Scripsi
1563 2778 1759 2826 ὃαΐφοβος,

238 2825 388 2862 Crame1
407 2827 540 2872 δαΐκτη
518 2841 575 2873 ηρ,
615 2827 786 2873 Hartung
812 2827 985 2873 δαΐφρον.
1028 2828 1134 2862 Blass
1152 2823 1273 2873 Ἅρευ,
1299 2823 1352 2861 δι’
1373 2838 1419 2860 ον
1445 2827 1566 2873 φοβος
1591 2827 1758 2872 δαίκτηρ.

239 2873 368 2909 Alcaei
392 2874 491 2910 haud
517 2874 628 2910 dubie
654 2885 780 2910 versus
805 2876 871 2910 est.

332 2921 390 2956 Fr.
411 2925 466 2957 29.
487 2925 544 2957 30.
565 2925 620 2956 31.
665 2921 752 2957 Tria
776 2922 867 2957 haec
893 2922 1104 2967 fragmenta
1128 2921 1266 2957 Alcaeo
1290 2919 1424 2955 tribuit
1449 2919 1606 2964 Seidler,
1629 2920 1758 2965 legun—
