1864 3126
0 394 13 535 ξ

0 622 11 699 ἓ

0 705 13 741 Γ

0 811 3 826 ι

0 835 3 853 ι

153 323 220 404 (δᾶ
260 325 348 383 τὸν)
391 322 566 384 οὐρανὸν
610 326 692 383 Kal
731 326 828 385 τῶν)
861 345 981 383 ωμων
1021 328 1231 384 (φέροντα,
1272 328 1365 383 παρ’
1405 327 1600 388 ρΗσιό)δῳ
1641 328 1680 372 δ’

153 385 366 447 [οὖρανὸν]
399 390 520 449 εὐρὺν
549 394 626 449 ἔχει
655 398 845 449 κρατερῆς
874 392 943 436 ὑπ’
983 392 1160 476 σἰνοὶγκης
1190 391 1337 449 ἑστηὼς
1366 399 1521 452 κεφαλῇ
1549 411 1589 438 τε
1618 395 1686 438 καὶ

152 453 375 515 ἇσιαματῃσι
405 458 588 514 χέρεσσιν.

799 591 1038 645 203.[80]

272 675 404 717 Schol.
442 676 604 717 Hesiod.
642 677 792 729 Theog.
831 692 867 718 v.
900 679 1005 718 313:
1042 650 1126 730 Τῆν
1155 677 1284 730 υδραν
1311 671 1490 730 Ἀλκαῖος
1522 675 1594 731 μὲν
1623 676 1684 719 ἒν-

150 737 398 793 νεακέφαλόν
428 754 540 795 φησι,
570 742 800 795 Σιμωνίδης
830 740 875 783 δὲ
904 741 1429 796 πεντηκοντακέφαλον.
1479 744 1539 784 Cf.
1572 744 1683 785 Serv.

150 806 249 847 Aen.
283 807 338 846 VI
371 810 455 848 576
488 810 530 848 et
559 807 639 847 VII
672 810 769 849 658.

800 937 1038 991 204.[82]

269 1022 439 1073 Argum.
470 1023 607 1075 Eurip.
639 1024 822 1064 Medeae:
856 1019 1082 1077 Φερεκύδης
1114 1021 1156 1063 δὲ
1187 1022 1254 1063 καὶ
1285 1023 1515 1076 Σιμωνίδης
1545 1024 1682 1075 φασίν,

148 1081 202 1162 ὦις
230 1082 256 1139 ἡ
289 1083 456 1139 Μήδεια
485 1083 722 1142 ἆνεψήσασα
753 1085 957 1144 (ἕψήσασα
976 1090 1055 1128 duo
1080 1089 1187 1135 libri,
1213 1085 1456 1141 ἆφεψήσασα
1481 1086 1681 1145 Elmsley)

147 1147 218 1191 τὸν
243 1147 401 1193 Ἰάσονα
431 1150 525 1193 νέον
555 1150 741 1207 ποιήσειε.
804 1154 861 1196 Cf.
894 1155 1024 1195 Schol.
1057 1155 1183 1196 Arist.
1214 1155 1287 1206 Eq.
1323 1157 1449 1195 1321.

795 1284 893 1328 205
927 1285 1015 1338 [84.
1018 1286 1034 1338 ]

266 1367 395 1408 Schol.
427 1369 542 1410 Pind.
573 1371 693 1422 Pyth.
730 1371 788 1410 IV
829 1372 933 1411 450·
977 1369 1090 1409 Και
1100 1366 1174 1423 γὰρ
1215 1368 1282 1410 καὶ
1320 1366 1428 1422 παρὰ
1471 1371 1679 1426 Σιμωνίδῃ

146 1429 301 1472 ἐστὶν(
279 1449 305 1486 η
337 1433 498 1508 ἱστορία,
529 1450 587 1475 οτι
617 1433 705 1488 περὶ
735 1434 903 1488 ἐσθῆτος
932 1431 1179 1489 ἠγωνίσαντο
1211 1431 1272 1488 (οἱ
1295 1431 1583 1490 Ἀργοναῦται).

794 1564 894 1608 206.
928 1565 1034 1618 [86]

266 1647 395 1689 Schol.
421 1649 554 1700 Apoll.
579 1650 705 1691 Rhod.
729 1650 789 1690 IV
818 1653 949 1690 1212:
977 1646 1134 1702 Ἐφύρα
1163 1645 1189 1702 ἡ
1215 1646 1421 1703 Κόρινθος
1450 1646 1530 1691 ἆπὸ
1558 1646 1678 1703 Ἐφύ-

146 1727 218 1766 ρας
246 1714 316 1766 τῆς
342 1710 595 1767 Ἐπιμηθέως
625 1712 841 1769 θυγατρός·
882 1713 1071 1768 Εὔμηλος
1110 1713 1154 1756 δὲ
1193 1713 1355 1771 (φησὶν)
1392 1712 1472 1756 ἀπὸ
1500 1711 1678 1768 Ἐφύρας

143 1780 214 1831 τῆς
238 1774 433 1820 Ὠκεανοῦ
463 1779 531 1820 καὶ
565 1778 740 1833 Τηθύος,
770 1777 959 1835 γυναικὸς
989 1779 1033 1821 δὲ
1063 1780 1277 1834 γενομένης
1303 1778 1569 1834 Ἐπιμηθέως.
1607 1784 1676 1822 sed

143 1858 217 1895 pro
254 1841 444 1897 Εὔμηλος
479 1847 563 1887 οοᾶ.
594 1848 626 1886 P
659 1847 905 1900 Σιμωνίδης,
942 1848 1079 1898 itaque
1113 1847 1370 1902 ¹§cribendum
1409 1848 1515 1886 haud
1556 1849 1676 1887 dubie

144 1906 334 1962 Εὔμηλος
377 1907 420 1950 δὲ
458 1909 526 1951 καὶ
567 1913 796 1965 Σιμωνίδης
838 1907 918 1952 ἀπὸ
956 1908 1066 1964 Ἐφ.,
1106 1916 1153 1952 ut
1201 1913 1475 1953 Schneidewin
1518 1926 1675 1964 quoque

144 1975 281 2016 edidit.
313 1975 376 2015 cf..
391 1975 441 2014 fr.
474 1978 542 2016 48.
595 1977 706 2018 Hanc
737 1979 960 2029 scripturae
991 1979 1230 2018 varietatem
1260 1979 1502 2018 novissimus
1534 1979 1674 2027 editor,

144 2042 213 2093 qui
243 2042 402 2082 omnino
433 2042 577 2082 falsam
614 2043 663 2082 de
695 2043 895 2083 codicibus
933 2044 1174 2084 scholiorum
1204 2044 1411 2095 Apollonii
1448 2044 1674 2095 opinionem

143 2108 334 2159 concepit,
359 2110 406 2148 ut
430 2109 512 2148 alia
535 2109 737 2149 mentione
757 2109 855 2149 satis
875 2110 1008 2162 digna,
1026 2122 1191 2161 prorsus
1211 2110 1371 2149 silentio
1390 2107 1673 2160 praetermisit.

789 2237 889 2281 207.
921 2238 1009 2292 [87.
1011 2239 1027 2292 ]

263 2320 1006 2376 Sch01.1‹3urip.Orest.46:‘'om290‹;
1036 2322 1079 2364 δὲ
1111 2323 1155 2364 ἐν
1180 2320 1399 2376 Μυκήναις
1424 2322 1547 2376 φησὶν
1571 2320 1672 2364 εἶναι

141 2383 190 2427 τὰ
225 2387 402 2440 βασίλεια
438 2389 509 2428 τοῦ
543 2383 852 2442 Ἀγαμέμνονος,
894 2390 1134 2443 Στησίχορος
1174 2387 1218 2429 δὲ
1259 2388 1327 2430 καὶ
1362 2389 1591 2442 Σιμωνίδης
1628 2388 1673 2429 ἐν

143 2453 454 2508 Λακεδαιμονίᾳ.

789 2558 1028 2616 208.[89J

261 2644 390 2687 Schol.
428 2645 476 2685 11.
512 2661 537 2685 ν
570 2647 653 2686 517
695 2646 766 2685 ubi
803 2646 852 2686 de
887 2646 1101 2687 Idomeneo
1138 2649 1180 2685 et
1215 2645 1423 2697 Deiphobo
1463 2647 1576 2687 dicit:
1618 2641 1671 2696 ὥς

142 2704 379 2764 ἀντεραστὴς
403 2707 581 2763 Ἑλένης·
614 2706 668 2759 ὥς
698 2714 889 2763 μαρτυρεῖ
901 2707 1061 2763 Ἴβυκος
1091 2709 1157 2750 καὶ
1182 2711 1422 2764 Σιμωνίδης.
1472 2713 1532 2752 Cf.
1557 2713 1669 2753 Eunt.

142 2775 190 2817 11.
222 2778 320 2825 944,
352 2777 427 2816 43:
453 2772 609 2828 Ἔτεροι
648 2772 691 2815 δὲ
722 2771 1037 2824 ἀκολουθοῦντες
1067 2777 1113 2831 τῇ
1145 2777 1375 2827 Σιμωνίδου
1412 2775 1479 2816 καὶ
1511 2773 1670 2830 Ἰβύκου

142 2839 290 2895 ἱστορίᾳ
320 2839 444 2892 φασὶν
475 2836 527 2888 ὧς
565 2834 727 2892 ἀληθῶς
764 2836 824 2880 ἀεὶ
861 2836 1027 2881 ἕνεκότει
1062 2842 1115 2896 τῷ
1147 2836 1337 2892 Ἰδομενεῖ
1371 2843 1580 2895 Δηΐφοβος
1617 2838 1670 2892 ὥς

4 2886 57 2956 {v
142 2899 370 2961 ἆντεραστῇ*
397 2901 481 2959 ἤρα
510 2902 586 2960 γάρ
617 2918 715 2957 φασι
744 2903 811 2946 καὶ
841 2901 958 2954 αὐτὸς
987 2908 1056 2958 τῆς
1079 2900 1252 2959 Ἑλένης.

785 151 1060 191 SlMONlDES.
1598 153 1686 197 525

152 260 257 313 κόοις
299 258 513 319 (οὐρανὸν)
555 279 695 313 νωτοις
731 295 739 304 .
761 296 769 305 .
818 260 950 318 ,(ἒν)
982 262 1092 306 Ἴωνι
1135 261 1389 321 πεποί(ηκεν,
1433 261 1685 321 Σ)ιμωνίδης

1701 2249 1792 2283 1194
