1864 3126
190 158 274 201 186
525 183 527 188 ,
749 155 941 193 ΡΟΕΤΑΕ
965 156 1146 194 MELICI.

190 269 243 319 G,
270 265 446 320 Ἀρχαῖος
476 263 640 321 reliqui)
678 279 801 320 φησιν
838 266 882 308 ἐν
914 262 1007 320 (hoo
1037 268 1144 308 delet
1174 268 1380 319 Wolcker,
1418 269 1487 309 sed
1519 269 1611 308 fort.
1642 282 1707 309 ex-

188 334 284 373 cidit
313 334 407 372 libri
437 334 550 382 nota,
587 334 699 372 velut
735 329 895 386 πρώτῳ,
932 345 1025 371 nam
1061 332 1226 382 repudio
1267 333 1372 383 quod
1409 335 1527 372 anizea
1563 334 1710 374 conieci

188 396 232 437 ἐν
261 400 342 445 τοῖς
372 393 508 448 πρὸς)
541 399 620 444 τοῖς
650 395 738 449 περὶ
766 391 1092 449 Ἀρχεανακτίδην
1117 392 1195 451 (ita
1218 398 1264 447 A,
1297 394 1629 449 ἆρχομενακτίδην
1658 398 1710 447 V,

188 456 514 514 ἆριομενακτίδην
544 458 598 514 Κ)
629 460 692 501 καὶ
727 458 929 516 (Welcker
959 458 1096 516 κατὰ)
1127 457 1196 502 τὸν
1225 458 1324 514 πρὸς
1349 458 1614 514 Ἐρυθραίους
1642 459 1711 503 πό-

189 531 305 579 λεμον
336 528 515 578 φανῆναι
540 522 768 567 Ἀπόλλωνα
803 520 901 566 καθ’
943 522 1096 574 ὕπνους
1135 521 1208 580 (G,
1245 522 1341 565 καθ’
1385 523 1515 566 ῧπνον
1546 522 1710 581 reliqui)

189 591 325 644 ἔχοντα
355 591 522 644 μυρίκης
552 593 696 631 κλῶνα.

820 707 1086 760 120.[106]

306 793 419 833 Eust.
450 793 496 833 Il.
530 794 625 842 314,
658 794 732 832 43:
761 786 939 839 Ἀλκαῖος
971 790 1027 842 δέ,
1059 792 1169 843 φασί,
1200 789 1266 830 καὶ
1293 785 1511 844 Ἀρχίλοχος
1541 787 1712 845 ἀγέρω-

188 874 270 910 χον
300 854 369 898 τὸν
399 854 576 910 ἄκοσμον
607 856 672 897 καὶ
702 852 876 905 ἀλαζόνα
907 853 1000 897 οἶδε.

821 973 1086 1026 121.[103]

308 1060 423 1098 Phot.
464 1061 507 1108 7,
548 1061 619 1099 15:
662 1056 871 1111 ’Ἀγωνος
910 1053 1006 1097 κατὰ
1047 1054 1309 1111 σχηματισμὸν
1347 1053 1434 1098 ἀντὶ
1474 1061 1543 1098 τοῦ
1585 1054 1710 1112 ἆγών·

188 1121 268 1165 ἀπὸ
311 1122 354 1163 δὲ
390 1126 547 1177 γενικῆς
585 1122 870 1176 ἐσχηματίσθη·
909 1119 1031 1171 οὕτως
1064 1117 1242 1171 Ἀλκαῖος
1278 1118 1299 1162 ὃ
1336 1119 1495 1176 λυρικὸς
1530 1119 1715 1171 πολλάκις

192 1186 389 1243 ἐχρήσατο.

912 1279 1007 1321 122.

309 1367 498 1417 Hesyeh.:
523 1361 569 1405 ‘A
577 1366 806 1418 λίβαπτον
831 1360 931 1418 (eod.
958 1357 1200 1416 ἆλιβοὶπτοις,
1231 1365 1322 1403 fort.
1347 1360 1588 1416 ἆλιβοίπτοις·
1619 1378 1715 1416 πορ-

192 1434 351 1483 φυροῖς·
400 1429 466 1470 καὶ
510 1424 782 1483 ἆλίβαπτονγ.
815 1431 1028 1482 πορφυρᾶν
1071 1426 1193 1481 ὄρνιν.
1233 1422 1387 1481 Ἀχαιὸς
1429 1427 1496 1468 καὶ
1535 1422 1715 1480 Ἀλκμάν.

192 1497 316 1536 Sorib.
343 1492 561 1543 Ἀλκαῑος
591 1493 657 1534 καὶ
683 1490 866 1546 Ἀλκμάν,
899 1494 1003 1544 quod
1035 1495 1157 1533 etiam
1188 1493 1387 1533 Urlichsio
1418 1494 1580 1544 placuit.

842 1609 1076 1662 123.[97]

312 1698 375 1738 En.
402 1698 453 1737 M.
484 1698 549 1746 76,
577 1698 653 1736 51:
682 1691 977 1747 Ἀμοὲνδαλον
1007 1690 1048 1733 τὸ
1083 1690 1237 1745 ἀφανὲς
1260 1690 1366 1746 παρὰ
1387 1690 1567 1748 Ἀλκαίῳ·
1599 1689 1716 1744 ἄμαλ-

194 1760 328 1812 δύνω,
371 1756 603 1814 ἆμᾶλὸανον
651 1757 692 1800 τὸ
743 1753 896 1811 ἆφανὲς
943 1757 1007 1798 καὶ
1053 1754 1362 1810 ἀφανιζόμενον·
1405 1756 1470 1797 καὶ
1511 1753 1718 1810 ὑπερθέσει

193 1824 435 1880 ἆμᾶνδαλον.
497 1827 555 1867 Cf.
589 1826 718 1866 Cram.
755 1827 826 1866 An.
858 1826 948 1864 Par.
979 1825 1038 1864 IV
1071 1827 1108 1874 8,
1143 1827 1208 1864 16.

828 1941 1092 1993 124.[107]

314 2028 442 2067 Uram.
475 2028 548 2066 An.
583 2026 652 2065 Ox.
685 2027 742 2064 IV
778 2028 884 2076 336,
918 2027 961 2064 6:
991 2022 1136 2077 ’Ἀρεως
1172 2018 1251 2063 ἀπὸ
1281 2021 1458 2075 Ἄρευς·
1495 2018 1639 2074 εὑρέθη
1677 2019 1719 2061 δὲ
1783 2045 1791 2051 -
1821 2064 1827 2073 „

195 2089 302 2144 παρὰ
323 2086 502 2146 Ἀλκαίῳ.
554 2091 613 2130 Cf.
640 2092 752 2130 Eust.
779 2104 815 2140 p.
845 2093 943 2141 518,
971 2092 1043 2130 35:
1075 2088 1179 2128 ἔσται
1209 2084 1259 2139 δὴ
1291 2086 1357 2126 καὶ
1376 2084 1541 2138 ’Ἀρευς
1571 2082 1720 2137 εὐθεῖα,

195 2154 279 2209 ἥτις
309 2152 416 2208 παρὰ
442 2149 602 2209 Ὁμήρῳ
634 2152 708 2206 μὲν
744 2150 818 2194 οὐκ
848 2153 938 2205 ἔστι,
969 2150 1074 2205 παρὰ
1105 2152 1148 2193 ’δὲ
1175 2147 1339 2208 Ἀλκαίῳ
1369 2148 1528 2205 εὑρέθη.

917 2279 1012 2324 125.

316 2370 507 2419 Hesyoh.:
539 2364 751 2407 Αὔελλαι
783 2362 885 2417 (cod.
918 2361 1161 2418 αὐεοῢλλαι)·
1191 2361 1339 2404 ἆέλλαι·
1370 2360 1477 2416 παρὰ
1507 2360 1549 2403 τὸ
1574 2359 1720 2402 ἄελλαι·

199 2436 257 2474 sio
288 2435 381 2474 olim
421 2434 591 2472 edissum:
636 2434 824 2471 Musurus
868 2434 1092 2471 correxerat
1133 2426 1239 2482 παρὰ
1275 2426 1317 2469 τὸ
1355 2426 1439 2469 αὔω
1474 2427 1542 2467 καὶ
1577 2424 1721 2477 ἄελλαι,

199 2501 270 2540 sed
300 2500 385 2539 cod.
416 2496 464 2538 πὲ
495 2496 612 2539 ἅκλω.
663 2501 783 2538 Recte
810 2499 968 2538 Ahrens
1000 2493 1208 2536 αῧελλαι·
1241 2491 1386 2534 ἄελλαι·
1418 2489 1524 2545 παρὰ
1545 2486 1721 2546 Ἀλκαίῳ,

201 2565 379 2605 Schmidt
410 2560 516 2615 παρὰ
547 2560 691 2619 Εὔκλῳ
726 2565 891 2604 mavult.

921 2677 1015 2719 126.

323 2766 454 2805 Cram.
485 2765 561 2805 An.
594 2764 663 2806 Ox.
694 2766 713 2803 Ι
747 2766 851 2815 253,
890 2765 962 2802 20:
1006 2761 1208 2812 Ζητοῦμεν
1245 2752 1319 2799 οὖν
1353 2756 1419 2797 καὶ
1454 2753 1496 2796 τὸ
1533 2755 1722 2795 τοῖσδεσσι

203 2831 287 2876 πῶς
319 2830 486 2881 εἴρηται·
517 2828 584 2868 καὶ
614 2826 777 2881 ἄμεινον
807 2826 931 2880 λέγειν
967 2826 1184 2867 ἕπέκτασιν’
1223 2825 1334 2864 τοῦτο
1373 2818 1609 2874 μιμούμενος
1641 2816 1721 2860 ’Λλ-

204 2897 314 2941 καῖος
347 2894 463 2945 φησί’
504 2894 720 2933 τῶνδεων
755 2888 986 2947 (legebatur
1020 2893 1099 2932 τῶν
1136 2884 1276 2942 δεῶν),
1313 2884 1407 2939 ’ὅπερ
1446 2883 1545 2935 τινὲς
1581 2879 1723 2940 ἀγνοίᾳ
1736 2900 1802 2932 961
