1864 3126
190 168 277 211 252
525 183 527 187 ’
756 167 948 205 ΡΟΕΤΑΕ
974 168 1148 205 MELIGI.

847 276 1053 331 59.[55]

306 364 434 403 Schol.
461 363 592 414 Apoll.
618 363 692 402 Rh.
718 363 775 402 IV
805 365 934 403 1348:
966 361 1182 415 Στέρφεσιν
1205 362 1380 415 αἰγείοις·
1405 366 1486 411 τοῖς
1510 361 1708 415 δέρμασιν,

189 428 309 469 ἔνθεν
348 427 414 468 καὶ
450 430 683 480 στερφῶσαι·
716 425 875 480 Ἴβυκος
918 425 960 467 δὲ
1003 430 1305 480 στερφωτῆρα
1347 423 1544 480 στρατὸν
1582 426 1709 479 εἴρηκε
1736 429 1826 462 1010

188 490 257 534 τὸν
288 492 424 546 ἔχοντα
455 491 632 545 δέρματα.
695 494 882 544 Hartung
913 490 1187 545 στερφωθέντα
1218 492 1398 543 requirit.

848 608 1054 662 60.[40]

308 696 372 734 Et.
404 696 455 733 M.
488 709 525 746 p.
560 697 663 746 763,
684 697 769 734 >412
810 693 1064 746 Τραπεζίτης,
1102 690 1167 733 διὰ
1203 695 1272 734 τοῦ
1303 704 1318 731 ῖ
1348 693 1526 745 σημαίνει
1561 689 1630 734 τὸν
1667 691 1711 733 ἓν

189 763 234 815 τῇ
265 760 459 816 συνηθείᾳ
490 756 699 813 λεγόμενον
738 759 983 812 τραπεζίτην,
1019 754 1097 799 ἀπὸ
1133 761 1203 799 τοῦ
1238 754 1421 811 τράπεζα·
1461 754 1527 798 διὰ
1565 755 1608 798 δὲ
1642 760 1711 810 τῆς

189 824 224 862 ἐἶ
256 821 482 879 διφθόγγου
514 821 581 865 τὸν
612 823 655 864 ἐν
691 826 737 878 τῇ
773 822 939 878 τραπέζῃ
977 820 1283 876 παριστάμενον,
1321 818 1373 871 ὦς
1408 819 1502 875 παρ’
1535 818 1706 878 Ὁμήρῳ·

189 891 395 942 τραπεζῆες
425 886 561 938 κύνες·
598 886 676 930 ἀπὸ
713 892 783 930 τοῦ
819 885 1024 942 τραπεζεύς
1061 887 1156 929 ἐστι·
1191 884 1233 929 τὸ
1271 886 1313 928 δὲ
1343 884 1436 940 παρ’
1472 883 1612 942 Ἰβύκῳ
1645 884 1711 928 διὰ

190 957 259 996 τοῦ
301 958 327 1007 ἧ
371 952 580 1009 λεγόμενον
626 955 927 1007 Τραπεζητᾶν
966 956 1117 994 κυνᾶν
1161 949 1253 1008 (scr.
1296 948 1471 1007 κυνῶν)
1514 951 1616 993 ἔστιν
1658 948 1711 1002 ὡς

188 1021 333 1061 πλείων
363 1016 512 1072 πλήων.
574 1020 631 1060 Of.
665 1020 794 1061 Grani.
826 1020 902 1061 An.
934 1020 1004 1060 Ox.
1030 1021 1071 1059 ΙΙ
1096 1021 1165 1070 45,
1191 1021 1260 1058 22.
1309 1019 1421 1058 Ense.
1446 1018 1495 1058 Il.
1519 1033 1555 1069 p.
1585 1019 1710 1068 1257,

192 1087 259 1126 25.
290 1086 356 1124 Et.
389 1085 491 1127 Gud.
524 1087 621 1134 533,
654 1088 709 1125 43
743 1088 784 1125 et
812 1099 849 1136 p.
878 1087 975 1138 534,
1009 1089 1075 1129 14.
1136 1084 1277 1124 Suidas
1308 1097 1348 1123 v.
1375 1079 1554 1136 τράπεζα.
1584 1083 1709 1123 Bekk.

191 1150 266 1191 An.
298 1151 360 1190 ῙῙῙ
395 1153 520 1193 1424.
551 1151 651 1191 Poll.
682 1151 743 1190 ΠῙ
777 1152 844 1191 84.

848 1266 1054 1328 61.[49]

307 1353 413 1394 Plut.
447 1353 580 1403 Comp.
606 1351 698 1403 Lyo.
732 1354 772 1392 et
802 1352 921 1391 Num.
954 1354 997 1391 3:
1016 1348 1104 1391 ”En
1135 1349 1178 1392 δὲ
1209 1353 1354 1404 μᾶλλον
1384 1347 1482 1403 ὑπὲρ
1512 1345 1581 1399 τὰς
1611 1365 1711 1403 παρ-

188 1417 337 1466 θένους
368 1414 525 1470 φυλακὴ
556 1416 800 1468 κατέσταλται
835 1419 888 1473 τῷ
919 1418 1040 1472 Νομᾷ
1076 1412 1174 1469 πρὸς
1211 1413 1254 1456 τὸ
1291 1418 1398 1468 θῆλυ
1434 1415 1500 1456 καὶ
1529 1412 1710 1468 κόσμιον·

188 1479 213 1535 ἡ
246 1481 289 1524 δὲ
320 1486 389 1524 τοῦ
420 1480 660 1536 Λυκούργου
699 1479 947 1522 παντάπασιν
983 1477 1283 1533 ἀναπεπταμένη
1319 1480 1386 1521 καὶ
1421 1478 1576 1534 ἄθηλυς
1612 1474 1712 1522 οὖσα

188 1553 270 1597 τοῖς
300 1553 480 1602 ποιηταῖς
510 1545 628 1602 λόγον
652 1546 886 1601 παρέσχηκε·
918 1547 1282 1599 φαινομηρίδας
1311 1561 1349 1586 τε
1373 1542 1448 1599 γὰρ
1473 1543 1593 1594 αὐτὰς
1617 1542 1710 1588 ἆποτ

187 1616 387 1666 καλοῦσιν,
419 1610 472 1662 ὡς
492 1611 669 1666 Ἴβυκος,
700 1612 767 1653 καὶ
796 1609 1055 1665 ἀνδρομανεῖς
1085 1612 1344 1663 λοιδοροῦσιν.
1394 1611 1464 1651 sed
1487 1612 1635 1652 rectius
1666 1614 1712 1652 ut

188 1679 346 1719 videtur
378 1678 718 1731 φανομηρίδες.
780 1678 878 1718 Poll.
909 1679 949 1717 II
984 1680 1088 1718 187:
1126 1675 1190 1716 καὶ
1222 1672 1247 1728 ἡ
1278 1672 1464 1716 Λάκαινα
1495 1673 1710 1729 φανόμη-

189 1759 279 1795 ρις,
320 1747 361 1783 et
391 1745 470 1783 VII
504 1745 577 1784 55:
620 1744 664 1783 αἱ
699 1739 999 1795 Σπαρτιατιδες,
1039 1738 1087 1791 ἃς
1127 1738 1193 1782 διὰ
1228 1743 1341 1781 τοῦτο
1379 1738 1710 1794 φανομήριδας

190 1805 404 1861 ὠνόμαζον.
463 1810 561 1849 item
593 1809 722 1849 Sehol.
754 1808 874 1848 Olem.
906 1809 1018 1848 Alex.
1051 1808 1096 1848 Τ.
1126 1808 1184 1846 IV
1217 1809 1300 1846 128
1334 1807 1392 1847 ed.
1423 1806 1549 1847 Klotz.

850 1924 918 1966 62.
950 1923 1054 1977 [53.]

309 2010 437 2049 Schol.
470 2010 581 2049 Pind.
614 2008 674 2048 Ol.
705 2009 762 2048 IX
797 2011 897 2049 128:
930 2005 1101 2061 Χάρμαι,
1132 2009 1207 2047 νῦν
1237 1985 1324 2047 ἀντὶ
1353 2010 1422 2048 τοῦ
1452 2004 1570 2060 χαρά·
1589 2003 1710 2058 Ὅμη-

191 2090 260 2126 ρος
291 2072 334 2114 δὲ
365 2073 429 2114 ἐπὶ
458 2076 526 2126 τῆς
556 2070 698 2126 μάχης·
731 2073 773 2114 οἵ
800 2071 843 2114 δὲ
874 2072 962 2125 περὶ
981 2071 1143 2126 Ἴβυκον
1167 2070 1232 2112 καὶ
1257 2072 1500 2125 Στησίχορνν
1529 2069 1710 2124 χάρμην

188 2136 262 2192 τὴν
292 2139 543 2192 έπιδορατίδα
573 2139 707 2191 φασίν.

306 2306 421 2355 Ibyci
460 2307 638 2357 reliquiis
682 2303 931 2345 eximendum
975 2305 1037 2343 est
1079 2303 1186 2354 quod
1229 2303 1323 2343 olim
1365 2303 1442 2342 huc
1483 2302 1605 2342 retuli
1646 2315 1709 2352 ap.

190 2371 320 2410 Cram.
353 2372 428 2410 An.
459 2370 528 2410 Ox.
559 2371 617 2410 IV
660 2372 762 2422 243,
801 2372 873 2410 19:
917 2363 1020 2420 Παρ’
1068 2367 1299 2422 Αἰγυπτίοις
1339 2365 1603 2418 κυνοκέφαλοι
1644 2365 1710 2406 καὶ

187 2432 444 2487 ὀνοκέφαλοι,
475 2434 538 2475 καὶ
571 2431 592 2476 ὃ
623 2432 730 2488 παρὰ
756 2432 845 2488 Ἴβυ
875 2431 1151 2487 κριοκέφαλος,
1189 2433 1257 2473 ubi
1293 2435 1401 2473 recte
1437 2431 1710 2472 Schneidewin

189 2496 211 2541 ὁ
242 2496 348 2553 παρὰ
373 2497 524 2553 Λιβύσι
553 2498 810 2552 κριοκέφαλος
835 2495 1034 2554 (Ἄμμων)
1059 2499 1241 2539 correxit.
1264 2519 1313 2525 ·—
1336 2499 1384 2536 In
1407 2497 1572 2537 Anthol.
1596 2497 1709 2536 Plan.

189 2567 209 2604 I
243 2569 295 2606 17
335 2569 446 2605 extat
487 2566 734 2617 epigramma
775 2560 1011 2615 ἀδέσποτον,
1054 2564 1159 2615 quod
1202 2563 1358 2603 Natalis
1398 2562 1538 2602 Comes
1581 2562 1707 2615 Myth,

189 2629 225 2667 V
253 2631 276 2669 6
309 2631 340 2668 Ι
340 2632 429 2679 byco
460 2631 614 2681 tribuit,
646 2630 716 2670 sed
745 2630 862 2669 nimis
893 2630 994 2670 levis
1019 2630 1116 2669 haee
1140 2631 1203 2669 est
1226 2628 1459 2678 auctoritas3
1490 2628 1596 2666 certe
1627 2626 1707 2676 epi-

189 2707 371 2744 gramma.
399 2695 511 2746 illud,
543 2695 724 2746 quamvis
755 2707 834 2734 non
864 2694 1081 2744 inelegans,
1113 2693 1342 2733 recentioris
1373 2694 1436 2731 est
1465 2693 1617 2742 poetae.
