1864 3126
618 122 923 161 FRAGMENTA
948 122 1218 163 ADESPOTA.
1593 123 1678 170 73¹1

149 232 221 283 δος
252 228 350 289 (nisi
380 248 469 276 cum
500 236 699 277 Meinekio
729 237 780 278 ad
806 238 1066 278 Parthenium
1097 239 1187 290 quis
1219 239 1370 279 referre
1401 234 1551 291 malit);
1583 239 1682 278 item

145 299 252 350 quod
297 302 360 340 est
396 302 436 341 in
475 300 605 341 Cram.
644 303 718 343 An.
758 303 849 343 Par.
887 303 946 342 IV
985 306 1028 354 6,
1070 305 1143 343 10:
1186 296 1212 343 ἆ
1255 300 1404 356 πάντη
1449 299 1682 357 (legebatur

145 359 322 419 ἆπᾶντη)
363 363 515 407 πάντα
551 365 795 421 θαλυκρὸς
832 365 938 423 ἐγώ,
977 372 1018 409 et
1054 370 1200 409 ibidem
1238 368 1373 423 γέντο
1411 365 1449 409 δ’
1489 365 1681 421 ἇλυκρᾶ.

146 451 202 459 ·-
235 431 351 472 Aliae
381 433 575 483 reliquiae
607 436 743 473 utrum
776 447 823 473 ex
856 435 1098 473 hexametris
1138 447 1190 474 an
1227 436 1489 486 pentametris
1528 437 1680 486 petit-ae

146 495 239 549 sint,
269 509 350 537 non
380 499 479 537 satis
511 502 619 538 certo
652 499 884 550 dignoscere
916 500 1027 551 licet,
1066 501 1178 540 velut
1207 496 1321 540 τοῦτό
1351 515 1395 554 γε
1426 516 1492 553 μοι
1522 497 1679 554 χάρισαι

144 574 208 613 ap.
238 563 425 614 Apollon.
458 563 507 602 de
539 563 651 615 synt.
686 567 784 614 266,
819 566 873 603 25
907 568 948 604 et
978 566 1028 605 de
1060 567 1158 606 coni.
1186 580 1248 617 ap.
1273 566 1400 606 Bekk.
1426 567 1500 607 An.
1527 567 1567 606 II
1593 568 1678 608 517

145 629 188 668 et
219 629 318 668 518.
352 650 403 656 —
439 625 517 680 Μή
548 644 616 681 μιν
647 628 809 669 ἔδουσιν
840 626 934 669 ὅσαι
966 645 1029 682 ap.
1060 632 1193 684 Etym.
1227 632 1278 671 M.
1306 634 1402 686 270,
1432 635 1498 682 16,
1531 633 1611 673 alia
1641 634 1682 672 id

144 706 284 745 genus.

263 760 427 812 Integra
458 761 629 800 disticha
668 775 771 813 quae
810 763 887 801 huc
924 775 1110 802 revocare
1148 763 1269 803 liceat
1307 775 1508 814 perpauca
1545 777 1682 815 super-

145 829 252 868 sunt.
313 826 424 873 Quod
465 827 570 867 Plut.
603 827 739 878 Symp.
772 827 933 874 Quaest-
967 827 1022 866 IX
1058 830 1129 879 15,
1162 831 1186 867 2
1226 832 1416 880 tanquam
1457 830 1682 880 exemplum

145 892 343 943 pedestris
375 895 416 932 et
446 893 659 932 cacometri
690 893 877 932 carminis
908 894 1043 933 affert:

267 978 346 1028 Τῆς
378 973 422 1015 δὲ
452 972 580 1028 πατὴρ
611 974 677 1015 καὶ
707 971 811 1028 ἀνὴρ
841 975 908 1026 καὶ
938 980 1032 1024 παῖς
1063 977 1245 1028 βασιλεῖς,
1278 976 1345 1017 καὶ
1375 974 1548 1030 ἀδελφοί

322 1040 389 1081 καὶ
419 1038 627 1095 πρόγονοι·
659 1038 787 1095 κλῄζει
819 1035 858 1080 δ’
890 1037 1026 1089 Ἑλλὰς
1053 1037 1309 1094 Ὀλυμπιάδα.

145 1139 193 1165 ex
223 1125 510 1177 epigrammate
543 1126 689 1176 aliquo,
709 1127 750 1164 in
781 1125 1000 1165 Alexandri
1031 1126 1168 1176 Magni
1202 1129 1374 1166 matrem
1407 1129 1581 1178 petitum
1613 1132 1677 1168 est

145 1187 201 1245 (ἢ.
237 1194 258 1230 1
294 1192 387 1250 fort:
412 1187 586 1242 ἀδελφὸς
610 1187 856 1245 legendum),
883 1192 953 1230 sed
979 1193 1112 1242 potest
1136 1192 1237 1231 illud
1264 1205 1288 1231 a
1312 1195 1535 1234 recentiore
1560 1198 1681 1245 poeta

145 1258 407 1307 compositum
446 1270 546 1297 esse.
587 1279 639 1285 —
679 1258 727 1296 In
766 1257 1015 1307 Anthologia
1053 1257 1191 1296 insunt
1230 1258 1273 1296 in
1313 1272 1478 1299 numero
1519 1254 1682 1312 ἀδήλων

145 1322 300 1373 aliquot
330 1322 496 1373 antiqua
526 1323 786 1373 simplicitate
818 1322 992 1373 insignia
1023 1324 1333 1374 epigrammata,
1365 1338 1468 1375 quae
1500 1326 1577 1364 huc
1609 1326 1680 1364 ali-

145 1388 234 1438 quis
269 1389 397 1438 possit
428 1399 626 1439 revocare,
660 1388 772 1428 velut
802 1382 924 1427 Anth.
957 1388 1068 1428 Plan.
1100 1389 1119 1427 Ι
1154 1391 1228 1428 16:

266 1472 359 1510 Πᾶν
389 1466 432 1511 τὸ
463 1466 649 1524 περισσὸν
679 1467 862 1522 ἄκαιρον·
894 1469 977 1511 ἐπεὶ
1008 1467 1125 1524 λόγος
1155 1470 1232 1511 ἐστὶ
1262 1469 1443 1521 παλαιός,

326 1532 379 1584 ὧς
409 1535 475 1576 καὶ
507 1539 576 1577 τοῦ
609 1535 757 1589 μέλιτος
787 1533 829 1577 τὸ
861 1535 982 1577 πλέον
1012 1534 1088 1576 ἐστὶ
1121 1533 1227 1589 χολή.

145 1621 251 1671 quod
276 1621 416 1660 Eueno
442 1634 521 1660 non
548 1597 766 1672 indignum.
818 1621 895 1661 Sed
921 1621 1027 1671 quod
1053 1621 1216 1661 Anthol.
1236 1620 1321 1660 Pal.
1342 1621 1378 1659 X
1402 1623 1483 1661 109
1510 1622 1683 1673 legitur:

265 1718 354 1764 Πᾶς
384 1712 501 1769 λόγος
531 1714 608 1756 ἐστὶ
639 1712 814 1768 μάταιος,
846 1711 868 1756 ὁ
900 1712 952 1768 μὴ
984 1714 1245 1768 τετελεσμένος
1261 1714 1396 1771 ἔργῳ,

324 1780 390 1821 καὶ
421 1783 529 1822 πᾶσα
558 1781 700 1834 πρᾶξις
729 1777 798 1822 τὸν
829 1778 948 1834 λόγον
979 1780 1096 1835 ἔργον
1125 1780 1216 1834 ἔχει.

144 1877 343 1918 novicium
373 1878 545 1917 videtur.
605 1878 866 1928 Epigramma
896 1878 1002 1928 apud
1033 1877 1199 1932 Suidam
1229 1892 1263 1918 v.
1297 1875 1560 1940 Παλαμήδης;

266 1973 346 2026 Εἴη
379 1989 446 2026 μοι
476 1968 647 2026 βί(οτ)ος
677 1970 958 2026 πανεπᾶρκιος,
990 1970 1096 2025 ὄμμα
1127 1970 1243 2026 βάλοι
1274 1973 1318 2014 δέ

324 2035 466 2091 μήποτ’
500 2035 566 2090 ἐφ’
599 2034 802 2091 ἡμετέραις
833 2037 959 2078 ἐλπίσι
989 2039 1195 2091 βασκανίη.

148 2135 330 2187 quamvis
361 2135 463 2187 φησί
490 2151 546 2183 τις
575 2137 654 2175 τῶν
683 2137 863 2175 παλαιῶν
894 2135 1119 2174 subiectum
1152 2136 1223 2186 sit,
1261 2137 1460 2176 novicium
1491 2150 1579 2177 esse
1610 2151 1679 2189 ap-

147 2204 278 2252 paret3
313 2202 382 2239 sed
413 2204 551 2240 utrum
582 2203 657 2240 iste
689 2204 808 2252 poeta
839 2200 981 2239 Rufino
1013 2202 1176 2250 accepta
1216 2201 1366 2240 referat
1397 2198 1503 2253 ὄμμα
1544 2234 1552 2242 .
1583 2234 1590 2243 .
1627 2233 1637 2244 .
1671 2235 1679 2243 .

148 2266 343 2319 βασκανίη
377 2260 475 2319 (vid.
506 2266 630 2306 Anth.
660 2267 745 2305 Pal.
776 2266 813 2304 V
847 2261 921 2317 22)
953 2278 1004 2303 an
1036 2266 1202 2304 Rufinus
1235 2279 1444 2317 anonymo,
1476 2268 1517 2306 in
1549 2269 1679 2308 medio

147 2333 340 2383 relinquo.
402 2331 448 2371 V.
485 2334 506 2370 1
540 2332 669 2382 possis
701 2333 822 2371 etiam
853 2325 937 2371 ἄλλ’
979 2329 1039 2382 εἴη
1070 2325 1241 2385 βί(οτ)ο’ς
1271 2347 1337 2383 μοι
1368 2328 1555 2384 ἕποὶρκιος
1586 2335 1679 2373 scri-

148 2397 254 2436 bere.
315 2397 364 2435 In
394 2396 540 2435 'ritulis
571 2398 708 2435 autem
738 2409 840 2447 qnae
872 2397 1080 2447 leguntur,
1119 2409 1361 2448 quamquam
1399 2399 1565 2449 antiqua
1601 2400 1681 2450 epi-

149 2464 378 2513 grammata
409 2462 545 2500 insunt
575 2462 715 2514 multa,
746 2463 928 2501 consulto
959 2463 1097 2513 procul
1129 2463 1262 2502 habui.

267 2528 447 2566 Iambica
486 2527 714 2577 fragmenta
750 2539 951 2579 anonyma
986 2529 1199 2568 maximam
1242 2530 1399 2579 partem
1438 2543 1484 2568 ex
1521 2529 1681 2570 Atticae

149 2593 375 2633 comoediae
405 2591 585 2643 reliquiis
617 2592 804 2632 videntur
834 2593 961 2643 petita
990 2606 1091 2642 esse,
1120 2593 1233 2633 velut
1262 2607 1324 2643 ap.
1351 2593 1502 2634 Polluc.
1533 2595 1573 2633 II
1606 2596 1681 2635 35:

150 2656 228 2697 καὶ
258 2652 342 2710 τὴν
372 2651 525 2709 κόμην
556 2651 776 2709 ἡψήσατο
809 2660 850 2697 et
880 2653 1038 2709 ἑφθὴν
1075 2653 1162 2710 τὴν
1199 2654 1351 2710 κόμην
1388 2659 1682 2707 ξανθίζεται;

151 2723 250 2763 conf.
283 2723 408 2762 Bekk.
440 2723 517 2762 An.
548 2722 567 2761 I
599 2737 636 2773 p.
669 2724 772 2762 284:
810 2722 1066 2770 ξανθίζεσθαι
1099 2754 1107 2763 .
1129 2753 1136 2761 .
1158 2754 1167 2763 .
1194 2718 1358 2763 Ἀττικοὶ
1387 2719 1428 2763 τὸ
1460 2719 1680 2776 βάπτεσθαι

150 2782 220 2836 τὰς
247 2787 388 2841 τρίχας.
450 2787 544 2827 Alia
574 2788 737 2839 tragicis
767 2788 1006 2829 vindicanda
1036 2788 1234 2840 videntur,
1265 2789 1395 2828 velut:

365 2878 565 2935 Σκληρᾶν,
596 2879 778 2935 ἄκαρπον
807 2882 874 2923 καὶ
905 2880 1148 2934 φυτεύεσθαι
1177 2879 1316 2935 κακήν.

223 2955 354 2982 Pon-n
373 2956 450 2982 Lra.
477 2956 536 2984 111.
1350 2953 1394 2986 47
