1864 3126
201 131 288 173 282
527 158 528 162 =
762 133 956 170 POETAE
980 135 1157 171 MELICI.

814 243 907 285 102.
942 243 1040 298 [Ep.
1073 245 1117 297 2]

297 315 439 373 Οὗτος
472 322 668 366 Φειδόλα
699 324 829 375 ἵππος
860 321 935 367 ἀπ’
971 322 1238 381 εὐρυχόροιο
1272 329 1509 382 Κορίνθου

346 390 542 448 ἄγκειται
574 396 799 453 Κρονίδᾳ,
832 396 985 451 μνᾶμα
1016 397 1170 440 ποδῶν
1202 393 1369 453 ἀρετᾶς.
1631 410 1721 442 1035

810 491 903 534 103.
937 490 1035 546 [Ep.
1067 491 1124 545 9.]

294 569 395 614 Σάν
425 588 471 615 τε
502 570 654 628 χάριν,
689 571 910 627 Διόνυσε,
941 572 1015 634 καὶ
1047 570 1217 629 ἀγλαὸν
1249 571 1374 617 ἄστει·
1403 572 1571 630 κόσμον

352 645 596 694 Θεσσαλίας
627 641 671 699 μ’
706 641 895 700 ἀνέθηκ’
931 641 1066 701 ἀρχὸς
1094 642 1408 700 Ἐχεκρατίδας.

294 749 421 802 Epigr.
449 753 526 785 102.
577 749 689 785 Anth.
715 749 792 784 Pal.
820 749 871 784 VI
893 753 970 784 135.
986 748 1012 784 C
1028 746 1224 807 ἀνάθημα
1249 749 1298 796 τῷ
1325 749 1391 784 Διῒ
1414 748 1516 794 παρὰ
1545 748 1720 796 Φειδόλα,

197 796 331 832 deinde
355 795 394 831 in
427 808 542 842 marg.
568 798 600 832 A
630 798 697 832 τοῦ
724 793 842 832 αὐτοῦ
875 793 1175 842 (Ἀνακρέοντος),
1207 797 1347 832 Holder
1378 797 1586 843 suspicatur
1607 795 1719 855 Ἀρχι-

197 840 322 888 λόχου,
348 844 451 879 cuius
477 844 708 890 epigramma
738 844 875 889 legitur
903 843 951 879 VI
978 847 1056 879 133.
1091 864 1134 869 —
1165 825 1207 879 V.
1235 848 1268 880 2.
1294 841 1441 888 ἀρετᾶς,
1472 845 1551 880 cod.
1577 844 1606 879 P
1631 842 1718 889 ἄρε-

196 889 277 931 vnis.
302 912 348 917 —
374 892 551 927 Phidolas
578 891 788 927 Corinthius
814 902 909 936 equo
936 891 1055 927 celete
1078 891 1199 926 victor
1226 891 1421 937 Olympiae
1441 892 1587 938 signum
1619 893 1717 938 equi,

197 940 345 984 praeter
371 950 474 984 spem
498 939 663 984 palmam
690 938 858 984 adeptus,
880 939 1029 982 dicavit,
1050 938 1123 975 vid.
1144 939 1254 974 Paus.
1276 939 1325 974 VI
1347 943 1401 983 13,
1423 944 1454 975 9.
1490 940 1587 984 Equi
1612 940 1719 986 signo

197 987 296 1020 hunc
327 986 477 1021 titulum
511 986 761 1032 subscriptum
791 985 904 1021 fuisse
940 985 1157 1021 verisimile.
1195 986 1266 1021 hoc
1306 967 1585 1022 monumentum
1615 986 1718 1022 haud

196 1033 306 1068 dubie
333 1032 540 1069 Pausaniae
566 1035 690 1069 aetate
714 1033 911 1079 integrum,
938 1044 1164 1078 quamquam
1188 1044 1263 1068 non
1289 1032 1450 1069 dilucide
1475 1035 1636 1070 testatur
1654 1046 1722 1070 ne:

195 1092 266 1125 que
292 1080 572 1126 epigrammatis
598 1080 690 1116 facit
711 1080 953 1123 mentionem,
980 1080 1292 1126 quemadmodum
1318 1080 1394 1116 alia
1420 1081 1582 1127 plurima
1607 1081 1719 1117 silen-

194 1127 248 1163 tio
279 1128 577 1186 praetermittere
609 1129 714 1164 solet
765 1128 968 1163 Pausanias
1000 1138 1134 1172 equam
1164 1127 1276 1163 fuisse
1302 1127 1410 1184 dicit,
1420 1094 1558 1186 patque
1583 1139 1719 1164 nomen

195 1186 343 1220 quoque
375 1175 511 1211 addim·
529 1172 650 1221 όνομα
681 1173 768 1221 μέν,
801 1173 849 1215 ὡς
881 1173 921 1210 οἷ
948 1176 1149 1231 Κορίνθιοι
1175 1157 1486 1220 μνημονεύουσιν,
1513 1174 1591 1221 ἔχει
1603 1172 1718 1221 Αὔρα.

194 1223 323 1267 ltaque
353 1223 452 1267 Jung
454 1223 573 1267 hahn,
606 1233 689 1257 cum
721 1233 924 1268 pronomen
956 1217 1063 1262 οὗτος
1101 1223 1139 1257 in
1171 1223 1325 1267 antiquo
1351 1223 1620 1268 epigrammate
1644 1234 1719 1259 non

195 1270 387 1305 ferendum
413 1270 582 1305 crederet
617 1280 661 1305 ac
693 1270 899 1305 Pausaniae
936 1269 1187 1305 narrationem
1219 1281 1301 1304 cum
1333 1271 1494 1306 carmine
1521 1269 1719 1308 conciliare

194 1317 369 1361 studeret,
395 1317 555 1353 coniecit
579 1314 718 1362 Αὔρα,
745 1315 908 1352 Φειδόλα
933 1317 1055 1357 ἵππος.
1106 1318 1156 1352 At
1179 1317 1384 1352 Pausanias
1415 1318 1552 1353 famam
1589 1317 1717 1353 Corin-

193 1365 379 1400 thiensem
427 1367 571 1408 narrat,
621 1375 732 1409 quam
783 1364 865 1400 Elei
914 1364 1138 1410 ignorabant
1191 1375 1312 1409 neque
1359 1365 1493 1400 titulus
1551 1365 1716 1400 stabilie-

196 1412 271 1448 bat.
321 1411 363 1447 In
393 1412 464 1447 hoc
497 1412 698 1447 certamine
736 1412 850 1447 etiam
885 1422 1004 1447 mares
1036 1422 1150 1456 equos
1182 1412 1350 1457 praemia
1381 1413 1597 1447 consecutos
1635 1423 1717 1448 esse

194 1461 353 1494 c·:e1tum
395 1459 508 1495 Hiero
542 1459 744 1495 Pherenico
777 1459 895 1494 celete
927 1458 1034 1500 vicit,
1069 1458 1158 1494 item
1195 1458 1374 1494 Phidolae
1410 1459 1494 1503 filii,
1531 1462 1574 1494 ut
1604 1459 1719 1494 testa·

193 1508 253 1541 tur
279 1506 509 1566 epigramma
539 1507 639 1552 apud
665 1507 822 1542 Pausan.
845 1503 1078 1550 Ὠκυδρόμας
1108 1503 1232 1547 Λύκος
1255 1503 1395 1562 Ἴσθμι’
1428 1487 1547 1549 ἅπαξ,
1580 1504 1649 1541 δύο
1676 1503 1714 1541 δ’

194 1549 333 1588 ἐνθάδ’
363 1551 494 1599 ἑνίκη
539 1552 702 1589 Φειδόλα
729 1552 800 1594 αἷς
819 1555 966 1588 παίδων
996 1551 1234 1597 ἐστεφάνωσε
1263 1551 1414 1598 δόμους,
1439 1554 1493 1589 ita
1513 1553 1612 1589 enim
1631 1553 1720 1589 scri-

194 1600 368 1645 bendum,
393 1602 505 1646 vulgo
532 1602 669 1646 legitur
704 1599 848 1636 ἐνθάδε
875 1602 1029 1641 νίκαις
1057 1599 1263 1636 Φειδώλα
1288 1601 1455 1645 παίδων,
1482 1603 1522 1636 at
1549 1597 1718 1636 Φειδώλα

194 1648 393 1684 manifesto
419 1649 646 1693 mendosum,
672 1648 917 1709 brachylogia
943 1645 1048 1693 ενίκη
1068 1649 1204 1693 (νίκας)
1225 1646 1285 1688 αἷς
1303 1659 1377 1683 non
1396 1629 1562 1692 off'endit,
1587 1659 1716 1693 quam-

196 1707 305 1740 quam
326 1695 441 1731 etiam
465 1697 575 1737 νίκας
599 1677 735 1741 (ἐνίκη)
762 1694 822 1736 αἷς
847 1695 921 1730 dici
945 1697 1104 1740 poterat.
1150 1696 1278 1741 ltaque
1304 1689 1414 1736 οὗτος
1438 1697 1563 1739 ἵππος,
1589 1707 1719 1740 quam-

194 1742 251 1778 vis
283 1754 379 1788 equa
409 1743 537 1787 fuerit,
569 1755 643 1779 non
675 1743 847 1787 offendit,
879 1742 953 1778 nisi
983 1743 1079 1778 forte
1110 1742 1315 1778 Pausanias
1350 1754 1434 1778 cum
1466 1742 1510 1778 de
1535 1742 1716 1778 Phidolae

194 1801 292 1834 equa
322 1790 430 1834 dicit,
468 1790 506 1825 in
545 1801 704 1826 errorem
736 1790 910 1825 inductus
940 1792 996 1826 est
1026 1789 1275 1826 Corinthiensi
1307 1790 1536 1826 narratione·
1576 1789 1719 1825 nomini

195 1835 319 1881 Αὔρας
350 1818 508 1873 coniisus
541 1848 579 1873 se
612 1838 808 1891 Olympiae
840 1837 998 1872 credidit
1029 1848 1146 1882 equae
1178 1837 1415 1872 simulacrum
1446 1837 1602 1882 vidisse,
1634 1848 1717 1872 cum

195 1886 296 1919 esset
330 1896 457 1929 equus.
507 1885 590 1930 Ipse
622 1885 720 1920 enim
752 1884 955 1919 Pausanias
986 1884 1250 1919 animadvertit
1287 1885 1534 1929 epigramma,
1574 1884 1613 1919 in
1644 1895 1717 1929 quo

194 1931 304 1967 binae
330 1931 511 1968 Phidolae
537 1932 697 1967 filiorum
719 1931 958 1987 Olympicae
961 1931 1138 1966 victoriae
1156 1933 1420 1974 memorantur,
1446 1942 1613 1977 pugnare
1634 1943 1718 1966 cum

195 1978 355 2023 publicis
393 1979 567 2014 ludorum
604 1979 869 2014 monumentis.
915 1975 959 2013 οὐ
998 1975 1070 2024 μὴν
1108 1978 1158 2034 τῷ
1193 1991 1234 2023 γε
1280 1975 1531 2035 ἐπιγράμματι
1568 1977 1632 2013 καὶ
1668 1975 1714 2012 τὰ

183 2023 347 2061 Ἠλείων
373 2023 412 2066 ἒς
435 2024 522 2066 τοὺς
543 2023 832 2070 Ὀλυμπιονίκας
857 2022 1037 2083 ὁμολογεῖ
1054 2015 1263 2078 γράμματα.
1297 2022 1413 2079 ὀγδόῃ
1427 2023 1499 2070 ’γὰρ
1513 2022 1717 2070 ὀλυμπιάδι

195 2072 259 2108 καὶ
286 2069 463 2120 ἑξηκοστῇ
497 2073 561 2108 καὶ
592 2071 636 2108 οὔ
673 2073 759 2130 περὶ
785 2074 884 2119 (lego
910 2071 1042 2116 πέρα,
1075 2072 1265 2129 corrigunt
1295 2069 1386 2116 πρὸ,
1412 2072 1512 2129 quod
1534 2072 1716 2117 ineptum)

195 2117 331 2166 ταύτης
363 2110 463 2156 ἐστὶν
495 2118 536 2156 ἐν
568 2126 646 2161 τοῖς
676 2117 830 2156 Ἠλείων
861 2131 1074 2165 ’γραμμασιν
1100 2117 1123 2164 ἡ
1149 2121 1210 2154 νίκ
1261 2119 1335 2154 τῶν
1368 2117 1531 2155 Φειδόλα
1555 2120 1713 2154 παίδων.

197 2167 268 2210 Qui
293 2168 481 2203 dissensus
508 2168 641 2214 quanti
666 2168 846 2203 momenti
872 2167 935 2211 sit,
968 2171 1142 2212 apparet:
1181 2178 1202 2202 o
1242 2167 1298 2201 nis
1330 2166 1532 2202 difficultas
1557 2166 1719 2210 sublata,

195 2216 225 2250 si
250 2216 429 2250 sumimus
450 2216 612 2251 eundem
639 2227 776 2260 equum
803 2213 958 2259 (Λύκον)
985 2216 1023 2250 et
1047 2213 1120 2259 ipsi
1149 2213 1324 2249 Phidolae
1351 2216 1389 2249 et
1412 2217 1500 2259 post
1527 2213 1604 2249 eius
1623 2225 1717 2249 mor-

194 2265 269 2298 tem
302 2262 388 2297 filiis
422 2262 656 2308 Olympicam
690 2262 877 2319 peperisse
915 2272 1099 2297 coronam.
1159 2261 1317 2296 Familia
1351 2261 1536 2296 victorum
1572 2263 1720 2306 poterat

195 2309 409 2345 summatim
441 2309 678 2356 breviterque
716 2307 879 2345 Φειδόλα
910 2310 1057 2343 παίδων
1089 2305 1200 2354 δόμοι
1237 2307 1329 2352 dici,
1368 2309 1432 2344 sed
1464 2307 1610 2354 planius
1636 2309 1717 2343 erat

197 2355 359 2392 Φειδόλα
385 2356 445 2398 αἷς
470 2358 647 2392 παίδων
673 2354 711 2392 τ’
740 2354 976 2401 ἐστεφάνωσε
1004 2354 1155 2401 δόμους,
1181 2357 1292 2400 atque
1317 2335 1373 2390 ita
1390 2367 1519 2391 revera
1537 2355 1716 2400 scriptum

195 2404 310 2439 fuisse
337 2404 478 2449 opinor.
528 2405 631 2440 Tunc
656 2403 771 2450 igitur
795 2403 974 2439 Phidolas
1000 2402 1220 2448 Olympiade
1245 2403 1414 2448 proxima
1443 2403 1565 2448 priore
1595 2402 1718 2437 velut

195 2450 396 2504 plurimum
422 2451 561 2496 largiar
589 2451 643 2487 Ol.
671 2456 714 2487 66
741 2451 842 2494 vicit,
868 2462 941 2496 quo
965 2452 1135 2495 tempore
1159 2450 1353 2486 Anacreon
1373 2450 1529 2485 Athenis
1547 2449 1717 2484 Pisistra-

194 2497 358 2534 tidarum
382 2499 546 2544 hospitio
571 2511 657 2534 usus
684 2500 768 2535 est.
790 2498 895 2533 Nihil
919 2498 1035 2543 igitur
1061 2508 1195 2532 causae
1221 2498 1286 2542 est,
1312 2509 1375 2532 cur
1399 2495 1625 2531 Anacreonti
1645 2496 1716 2530 eri-

191 2545 341 2591 piamus
361 2547 432 2581 hoc
451 2546 683 2591 epigramma
710 2550 775 2581 102
803 2545 960 2590 antiqua
984 2545 1224 2590 simplicitate
1257 2525 1552 2580 commendabile
1578 2545 1616 2578 et
1643 2542 1716 2578 fide

193 2594 392 2638 propterea
416 2593 576 2628 maxime
602 2593 766 2639 dignum,
792 2592 892 2638 quod
924 2603 1060 2637 equum
1095 2603 1246 2627 excusso
1278 2591 1403 2636 equite
1434 2591 1482 2626 ad
1513 2589 1715 2626 terminum

194 2639 406 2684 pervenisse
431 2640 621 2685 reticetur,
646 2652 733 2675 nam
758 2641 850 2675 haec
875 2640 976 2693 fama
1001 2640 1132 2684 postea
1157 2639 1308 2674 demum
1327 2639 1532 2684 pervagata
1557 2637 1716 2673 videtur.

195 2687 347 2723 Prorsus
372 2699 396 2723 a
419 2698 506 2723 vero
532 2688 678 2723 aberret
702 2687 846 2731 Kaibel,
871 2686 935 2731 qui
960 2686 1145 2722 distichon
1171 2697 1298 2721 recens
1323 2688 1362 2721 et
1380 2683 1715 2720 demonstrativum

196 2745 274 2769 esse
300 2735 451 2770 asserit:
485 2736 744 2780 argumentum
771 2745 871 2778 sane,
897 2733 1209 2778 quemadmodum
1229 2732 1430 2768 Pausanias
1454 2734 1613 2775 enarrat,
1638 2732 1716 2776 epi

195 2781 394 2824 grammati
419 2781 712 2817 demonstrativo
739 2781 828 2817 satis
864 2780 1096 2823 conveniens,
1122 2781 1163 2816 at
1192 2780 1254 2816 hic
1289 2778 1487 2825 singularis
1517 2779 1582 2814 ille
1607 2790 1715 2814 casus

195 2828 304 2872 plane
330 2829 476 2864 silentio
501 2829 733 2874 praeteritur.

289 2875 414 2921 Epigr.
443 2880 520 2911 103.
571 2877 682 2912 Anth.
702 2876 778 2911 Pal.
795 2875 845 2910 VI
861 2879 936 2910 14⁴2.
952 2874 984 2909 A
1001 2871 1192 2919 Ἀναθημα
1211 2874 1261 2920 τῷ
1283 2870 1473 2922 Διονύσον
1499 2873 1567 2908 τοῦ
1594 2871 1712 2908 αὐτοῦ
