1864 3126
722 149 1047 189 PHILOXENUS.
1244 148 1247 150 ’
1567 149 1656 194 613

119 258 221 320 ἦχον
250 262 489 318 μιμούμενος
519 263 563 305 έν
593 266 645 321 τῷ
685 260 973 318 συγγράμματι,
1008 258 1125 304 τοῦτό
1162 275 1262 316 φησι
1300 259 1343 304 τὸ
1380 263 1486 317 ῥῆμα
1522 266 1656 316 θρετ-

120 326 306 375 τανελό·
337 329 422 371 ἐκεῖ
444 326 520 384 γὰρ
550 326 693 383 εἰσάγει
723 325 793 370 τὸν
818 325 1019 369 Κύκλωπα
1048 329 1303 381 κιθαρίζοντα
1333 327 1400 369 καὶ
1431 327 1656 381 ἐρεθίζοντα

121 392 235 453 (fort.
264 394 332 437 καὶ
366 396 599 449 τερετίζοντα
636 395 691 444 είς
728 397 820 436 Γαλ.
857 396 906 435 cf.
938 396 1084 435 Athen.
1116 395 1136 434 I
1170 397 1226 435 20
1237 391 1292 449 A)
1323 390 1396 448 τὴν
1426 388 1656 436 Γαλάτειαν.

122 462 194 504 nod
224 464 360 503 temen
391 463 463 503 hoc
494 475 574 502 non
605 462 703 502 satis
734 463 825 501 tuto
856 461 1042 513 colligas:
1073 474 1167 500 nem
1198 462 1359 501 videtur
1382 461 1541 501 ridiculi
1566 473 1657 513 gra-

121 528 181 570 tia
210 528 286 568 hoo
315 528 402 579 ipse
433 527 594 567 finxisse
626 526 937 578 Aristophanes,
969 527 1017 566 cf.
1050 526 1130 566 sch.
1163 526 1258 567 ibid.
1289 522 1480 580 Διασύρει
1511 523 1554 567 δὲ
1587 527 1656 566 Φμ

121 589 283 643 λόξενον
312 588 382 634 τὸν
410 588 609 647 τραγικόν,
639 587 687 641 ὃς
718 587 898 646 εἰσήγαγε
928 590 1183 644 κιθαρίζοντα
1213 587 1283 632 τὸν
1315 588 1582 645 Πολύφημον,
1611 586 1656 632 τὸ

122 656 167 699 δὲ
194 653 426 711 θρεττανελὸ
456 654 575 699 ποιὸν
605 655 720 710 μέλος
749 656 817 698 καὶ
857 650 1099 709 κρουμᾶτιόν
1135 655 1258 708 ἐστιν,
1295 653 1336 698 τὸ
1377 655 1419 697 δὲ
1455 653 1539 697 ἀλλ’
1583 651 1657 703 εἶα

122 740 154 766 τ.
183 727 227 765 θ.
265 723 331 765 ἐπ.
369 722 412 765 ἐκ
447 726 518 765 τοῦ
558 720 781 772 Κύκλωπος
820 719 1037 771 Φιλοξένου
1075 721 1188 763 ἐστίν.
1250 723 1409 774 Itaque*
1428 723 1492 763 hic
1529 723 1656 774 ipsius

123 793 186 831 eet
214 790 424 830 Philoxeni
454 802 613 830 versus:

452 928 555 973 Ἀλλ’
590 929 650 973 εἷα
681 931 808 984 τέκεα,
838 928 979 985 θαμίν’
1014 930 1322 984 ἐπαναβοῶντες.

123 1027 190 1067 ubi
223 1040 303 1067 non
333 1041 432 1079 opus
465 1032 538 1080 est,
571 1031 617 1068 ut
647 1024 894 1080 ἕπαναβοᾶτε
925 1027 1136 1079 scribatur,
1168 1027 1275 1078 quod
1306 1027 1358 1067 M.
1392 1026 1572 1066 Schmidt
1595 1040 1656 1066 re-

122 1092 257 1144 quirit.
319 1093 536 1133 Praeterea
566 1094 692 1134 verba.
722 1088 968 1145 λάχανᾶ’τ’
1003 1088 1144 1146 ἄγρια
1183 1087 1386 1145 δροσερά
1418 1094 1459 1132 et
1488 1093 1578 1143 ipsa
1609 1106 1657 1132 ex

123 1158 341 1200 Philoxeno
372 1161 498 1210 petita.
528 1160 727 1215 videntur,

748 1302 1025 1348 ΣΥΡΟΣ.

859 1414 924 1456 12.

246 1515 418 1566 Hcsych.
451 1511 727 1567 Μεσαύχενες”
755 1507 1043 1565 Ἀριστοφάνης
1068 1512 1182 1564 φησί·
1215 1510 1479 1565 Μεσαυχένας
1502 1509 1659 1563 νέκυας,

125 1575 303 1629 ἀσώτους
335 1577 514 1635 (Dobree
546 1581 644 1620 coni.
676 1575 768 1627 τοὺς
799 1573 984 1632 ἆσκούς)·
1024 1573 1091 1618 διὰ
1127 1579 1196 1618 τοῦ
1228 1593 1255 1629 μ
1284 1576 1479 1631 γραπτέον
1516 1574 1659 1630 μεσαύ-

125 1659 252 1698 χενες,
299 1641 358 1686 ὅτι
395 1643 514 1698 μέσον
551 1641 699 1697 αὐχένα
736 1640 859 1684 αὐτοῦ
897 1640 968 1696 (Μ.
1001 1643 1181 1683 Schmidt
1217 1639 1361 1697 ἀσκοῦ)
1397 1641 1517 1691 πιέζει
1555 1640 1657 1697 (cod.

123 1706 250 1764 πεζεῐ)
280 1707 571 1763 παρεβάλλοντο
602 1706 644 1750 τὸ
677 1709 863 1762 σχοινίον.
893 1708 1088 1765 τραγῳδεῖ
1123 1706 1165 1749 δὲ
1205 1705 1316 1763 (fort.
1347 1723 1658 1763 παρατραγῳ-

126 1776 206 1815 δεῖ
236 1772 303 1826 δὲ,
342 1776 530 1827 Berglein
568 1775 750 1831 παρῳδεῖ
782 1770 845 1823 δὲ)
882 1770 929 1813 τὰ
970 1772 1013 1814 ἐν
1051 1776 1105 1831 τῷ
1146 1774 1361 1825 Φιλοξένου
1403 1771 1508 1830 (cod.
1542 1776 1659 1814 Φιλο-

124 1850 242 1904 ξένω)
279 1847 438 1908 Σύρῳ·
482 1851 580 1893 ἔνιοι
624 1849 668 1892 δὲ
705 1847 772 1891 διὰ
808 1853 878 1892 τοῦ
919 1851 944 1891 δ
979 1848 1179 1906 γράφουσι
1223 1850 1471 1907 δεσαύχενες,
1507 1850 1574 1892 καὶ
1611 1847 1660 1892 οὗ

124 1920 252 1975 καλῶς
272 1915 473 1970 (Schmidt
491 1919 634 1968 κακῶς,
659 1920 799 1969 postea
824 1913 873 1957 οὗ
897 1919 1025 1966 καλῶς
1051 1918 1182 1958 deleto
1207 1917 1272 1959 καὶ
1299 1915 1488 1973 scripsit).
1530 1918 1659 1958 Locus

124 1984 248 2025 variis
279 1984 516 2024 coniecturis
540 1986 733 2041 tentatus,
759 1983 1094 2034 quemadmodum
1120 1985 1394 2025 Schneidewin
1419 1978 1661 2038 μεσαύχενας

124 2046 270 2099 κυνὸς
306 2045 455 2098 ἀσκούς
492 2050 676 2101 coniecit,
715 2050 905 2102 Hartung
942 2045 1179 2104 μεταύχενας
1218 2045 1343 2099 νάκας
1378 2046 1470 2099 τοὺς
1501 2045 1660 2098 ἀσκούς,

124 2115 202 2156 Sed
227 2116 495 2156 scribendum:
523 2110 812 2167 Ἀριστοφάνης
843 2115 962 2174 φησί·

675 2247 684 2255 .
716 2246 726 2255 .
759 2248 767 2256 .
802 2246 810 2255 .
842 2211 1106 2269 Μεσαύχενας
1137 2267 1143 2274 .

673 2277 830 2330 νέκυας,
860 2275 1016 2330 ἀσκούς.
1050 2314 1060 2323 .
1092 2313 1102 2323 .
1133 2313 1142 2323 .

126 2386 168 2423 et
199 2381 340 2421 deinde
371 2377 429 2422 ὅτι
460 2379 580 2434 μέσον
610 2377 758 2434 αὐχένα
782 2377 908 2422 ἆσκοῢ
933 2381 1051 2431 πιέζει
1076 2378 1098 2423 ὃ
1124 2379 1424 2436 περιεβάλλοντο
1451 2377 1662 2435 (Hartung

126 2443 460 2500 περιβαλλόμενον
501 2443 564 2501 τὸ)
609 2445 795 2499 σχοινίον.
856 2447 998 2497 Utres,
1036 2449 1224 2499 quoniam
1262 2461 1309 2488 ex
1345 2448 1518 2500 pellibus
1555 2459 1661 2486 mor-

126 2515 289 2555 tuorum
316 2512 548 2551 animalium
573 2510 847 2560 conficiuntur,
872 2514 992 2563 poeta
1017 2513 1189 2552 comicus
1222 2510 1398 2561 νέκυας
1429 2511 1661 2562 appellavit,

127 2591 200 2619 nec
231 2581 367 2619 tamen
391 2578 433 2616 id
459 2590 531 2617 suo
557 2577 718 2628 ingenio
744 2575 908 2627 invenit,
937 2577 1005 2616 sed
1030 2577 1072 2616 id
1096 2578 1229 2628 ipsum
1254 2577 1395 2628 opinor
1420 2577 1662 2617 Philoxenus

129 2644 514 2696 dithyrambicorum
538 2655 649 2682 more
673 2654 822 2682 novare
847 2654 970 2681 ausus
996 2645 1084 2681 erat
1108 2643 1150 2682 in
1174 2643 1360 2694 carmine,
1380 2642 1492 2682 cuius
1516 2654 1662 2682 nomen

129 2709 237 2749 haud
268 2707 392 2748 dubie
423 2710 673 2758 corruptum,
703 2717 832 2756 neque
863 2708 1001 2747 tamen
1030 2706 1237 2758 Bergleini
1267 2708 1518 2748 coniecturae
1542 2701 1664 2747 Σισύ-

129 2791 194 2832 φῳ
226 2776 291 2816 vel
322 2773 455 2829 Σκίρῳ
486 2774 668 2824 placent,
699 2771 864 2812 coniicio
895 2767 1112 2826 Σατύρῳ,
1143 2772 1183 2811 in
1215 2786 1292 2823 quo
1323 2773 1528 2813 commode
1559 2772 1663 2812 eius-

130 2841 239 2881 modi
270 2839 367 2892 quid
398 2837 699 2879 commemorari
729 2837 872 2888 potuit.
923 2836 1105 2877 Comicus
1138 2839 1185 2877 ut
1214 2838 1424 2879 Philoxeni
1455 2838 1664 2879 audaciam

133 2906 376 2957 exagitaret,
422 2905 630 2956 epitheton
666 2902 716 2943 de
758 2915 830 2943 suo
864 2903 1026 2943 adiecit:
1070 2903 1142 2944 sed
1177 2905 1295 2946 lectio
1332 2905 1502 2946 incerta:
1546 2918 1664 2957 quor-

1687 1649 1779 1682 1264
