1864 3126
142 152 154 164 ²
181 143 268 188 222
534 186 536 190 ,
743 144 936 182 POETAE
962 146 1142 185 MEmcl.

838 257 1046 310 41.[42]

302 341 429 380 Schol.
462 341 605 380 Aesch.
638 341 813 392 Choeph.
849 344 951 381 733:
997 342 1186 382 Κίλισσαν
1218 341 1262 382 δέ
1298 354 1396 394 φησι
1432 339 1505 395 τὴν
1531 339 1711 395 Ὀρέστου

181 401 349 456 τροφόν,
380 405 583 457 Πίνδαρος
614 403 657 445 δὲ
682 402 909 459 Ἀρσινόην,
941 408 1180 460 Στησίχορος
1209 403 1480 459 Λαοδάμειαν.

840 512 911 554 42.
944 512 1049 565 [43.]

278 596 1160 627 ,Δυυ-υυ..-”υ-υ-ὐυ-υυ-ΚΑ

278 679 300 683 .-.
325 667 731 685 υυυυυυυυυ
754 668 920 686 -υυ-

285 711 348 767 Τᾷ
376 708 425 753 δὲ
452 709 631 766 δράκων
658 710 871 767 ἐδόκησεν
891 716 1045 767 μολεῖν
1063 710 1179 768 κάρα
1204 712 1534 769 βεβροτωμένος
1553 709 1709 768 ἄκρον·

279 781 325 823 ἐκ
358 779 402 824 δ’
438 778 525 838 ἄρα
555 783 636 825 τοῦ
669 780 878 837 βασιλεὺς
909 784 1238 834 Πλεισθενίδας
1270 782 1426 839 ἐφάνη.

681 913 799 957 XIII.
850 913 1206 956 KAATKA.
1641 925 1710 957 987

840 1008 1049 1062 43.[54]

299 1094 445 1132 Athen.
465 1094 561 1133 XIV
582 1096 664 1134 619
681 1095 735 1133 D:
763 1091 1026 1147 Ἀριστόξενος
1058 1091 1100 1133 δὲ
1126 1093 1169 1134 ἐν
1193 1091 1356 1148 τετάρτῳ
1389 1093 1476 1148 περὶ
1507 1097 1711 1147 μουσικῆς,

180 1150 301 1211 ᾐδον,
333 1158 475 1210 φησίν,
508 1159 551 1198 αἱ
578 1155 736 1238 άρχαῖαι
766 1163 949 1212 γυναῖκες
974 1155 1166 1211 Καλύκην
1189 1156 1275 1199 τινὰ
1302 1156 1421 1214 ᾠδήν.
1467 1157 1711 1213 Στησιχόρου

182 1219 220 1261 δ’
248 1239 302 1274 ην
326 1224 496 1275 ποίημα,
528 1223 571 1264 ἐν
597 1225 628 1281 ᾡ
654 1222 819 1276 Καλύκη
850 1240 906 1272 τις
937 1221 1082 1276 ὄνομα,
1115 1223 1242 1276 ε’ρῶσα
1267 1221 1464 1265 Εὐάθλου
1489 1225 1711 1275 νεανίσκου,

182 1285 401 1340 σωφρόνως
432 1286 582 1342 εὔχεται
611 1292 657 1343 τῇ
678 1286 891 1344 Ἀφροδίτῃ
921 1290 1152 1342 γαμηθηναι
1177 1286 1299 1346 αὐτῷ
1332 1288 1415 1329 ἐπεὶ
1440 1288 1483 1329 δὲ
1508 1286 1711 1342 ὑπερεῖδεν

183 1348 204 1391 ὁ
231 1353 454 1405 νεανίσκος,
486 1351 789 1407 κατεκρήμνισεν
815 1351 974 1406 ἓαυτην’
1008 1353 1156 1408 ἐγένετο
1189 1353 1232 1394 δὲ
1263 1351 1303 1395 τὸ
1335 1352 1468 1403 πάθος
1492 1354 1580 1408 περὶ
1605 1358 1711 1395 Λευ·

182 1415 297 1458 κάδα.
347 1415 614 1472 Σωφρονικὸν
645 1417 688 1458 δὲ
719 1416 827 1474 πάνυ
858 1417 1137 1460 κατεσκεύασεν
1168 1415 1189 1460 ὃ
1214 1416 1378 1472 ποιητὴς
1401 1416 1443 1460 τὸ
1469 1423 1537 1472 τῆς
1561 1418 1712 1473 παρθέ-

181 1499 256 1524 νου
283 1478 405 1537 ἧθος,
432 1481 505 1525 οὐκ
531 1484 574 1524 ἐκ
592 1481 737 1532 παντὸς
761 1481 910 1536 τρόπου
934 1483 1130 1537 θελούσης
1156 1483 1414 1539 συγγενέσθαι
1432 1488 1484 1541 τῷ
1503 1485 1711 1540 νεανίσκῳ,

181 1546 266 1589 ἄλλ’
289 1546 516 1603 εὐχομένης,
541 1551 576 1590 εἰ
601 1547 775 1602 δύναιτο,
801 1547 901 1603 γυνὴ
929 1554 999 1591 τοῦ
1018 1546 1217 1591 Εὐάθλου
1241 1549 1426 1603 γενέσθαι
1451 1551 1645 1603 κουριδία,
1670 1547 1711 1603 ἤ,

181 1615 217 1654 εἰ
241 1617 351 1655 τοῦτο
377 1612 429 1668 μή
457 1612 643 1666 δυνατόν,
673 1611 945 1669 ἀπαλλαγῆναι
975 1619 1044 1657 τοῦ
1064 1617 1172 1669 βίου.
1215 1616 1272 1656 Of.
1293 1617 1406 1656 Eust.
1426 1617 1472 1657 Il.
1497 1619 1621 1668 1236,
1643 1619 1710 1657 62.

696 1737 1189 1781 ΧπιεΑΔΙΝΑ.

840 1833 1050 1885 44.[55]

263 2031 368 2088 ’Ἀγε
400 2035 567 2076 Μοῦσα
599 2030 746 2088 λίγει’,
778 2030 918 2088 α’ρξον
950 2030 1109 2082 ἀοιδᾶς
1140 2032 1426 2088 ε’ρατωνύμου

275 2106 462 2160 Σαμίων
494 2103 593 2160 περὶ
624 2105 797 2147 παίδων
830 2105 963 2160 ε’ρατᾷ
996 2103 1285 2159 φθεγγομένα
1315 2101 1442 2161 λύρα.

273 2233 332 2269 Fr
357 2237 414 2269 42.
454 2233 562 2268 ’.ΡΙῑιῒι
589 2233 635 2269 de
661 2244 743 2269 sera
766 2232 906 2268 numin.
932 2231 1033 2268 vind.
1061 2243 1091 2268 c.
1120 2236 1184 2268 10:
1211 2244 1304 2268 ωστε
1331 2230 1426 2290 πρὸς
1449 2231 1495 2268 τὰ
1521 2230 1708 2290 γενόμενα

182 2281 245 2317 καὶ
270 2278 362 2325 πρὸς
387 2277 456 2325 τὴν
483 2278 671 2338 ἀλήθειαν
697 2278 1007 2316 ἀποπλάττεσθαι
1032 2277 1073 2315 τὸ
1094 2281 1160 2337 τῆς
1178 2278 1508 2326 Κλυταιμνήστρας
1528 2277 1707 2316 ἐνύπνιον

179 2326 246 2364 τὸν
272 2330 575 2373 Στησιχορον,
609 2325 748 2363 οὑτωσί
769 2341 846 2368 πως
870 2326 1028 2372 λέγοντα
1058 2325 1166 2363 τάδε
1194 2328 1253 2376 (τᾷ
1280 2327 1323 2363 δὲ
1348 2329 1449 2363 recte
1473 2327 1626 2372 Reiske,
1659 2328 1708 2363 ad

179 2377 316 2421 poetae
344 2375 459 2410 verba
483 2376 677 2422 refer-ens)
706 2372 895 2421 Δράκων
921 2377 994 2410 κτλ.
1017 2395 1061 2401 -
1088 2375 1131 2411 V.
1154 2379 1172 2410 1
1201 2363 1383 2419 ἐδόκησεν
1408 2377 1537 2421 μολειν
1563 2356 1706 2434 scripsi,

181 2424 379 2469 legebatur
411 2420 567 2467 ἐδόκησε
600 2425 736 2469 μολεῖν.
787 2422 1020 2458 Valckenaer
1051 2423 1144 2459 coni.
1182 2423 1273 2471 τᾷδε
1306 2420 1455 2466 δράκων
1487 2420 1556 2468 μὲν
1589 2420 1705 2465 §.coge

179 2470 336 2506 Numeri
362 2470 516 2506 alterius
542 2481 669 2506 versus
694 2470 954 2506 insolentiores
981 2471 1083 2514 sunt,
1109 2469 1175 2505 sed
1199 2459 1294 2505 nihil
1319 2481 1430 2505 ausus
1450 2481 1531 2505 sum
1550 2470 1706 2512 mutare,

179 2529 407 2563 quamquam
432 2517 535 2553 facili
559 2518 711 2563 negotio
738 2514 912 2563 βασιλεύς
937 2515 982 2552 οἷ
1004 2517 1117 2552 scribi
1141 2518 1266 2574 potest
1289 2517 1350 2552 vel
1376 2514 1500 2574 ἐφάνη
1527 2514 1573 2551 οἷ

275 2566 333 2600 Fr.
359 2569 417 2601 44
468 2565 601 2600 Strabo
627 2565 713 2600 VIII
739 2568 806 2600 347
838 2565 877 2600 in
907 2564 1072 2600 Eliacis:
1113 2560 1169 2599 Ου
1200 2562 1302 2599 πάνυ
1334 2562 1376 2599 δὲ
1407 2560 1483 2599 ὑπὸ
1514 2564 1588 2598 τῶν
1619 2560 1707 2605 τοὺς

180 2613 383 2658 περίπλους
415 2610 643 2667 γραψάντων
668 2608 707 2669 ἡ
719 2609 847 2657 Σάμος
879 2608 1184 2670 μνημονεύεται.
1226 2612 1318 2648 ,καὶ
1342 2612 1475 2646 πεδίον
1500 2606 1537 2646 δ’
1566 2608 1706 2646 αυτόθι

181 2662 350 2694 καλειται
376 2657 570 2716 Σαμικόν
598 2657 637 2702 ἐξ
663 2672 708 2694 ου
734 2658 848 2694 πλέον
873 2672 923 2694 αν
947 2672 1003 2699 τις
1027 2660 1264 2704 τεκμαίροιτο
1290 2655 1456 2703 ὑπάρξαι
1479 2670 1570 2693 ποτε
1596 2656 1706 2693 πόλιν

180 2704 248 2762 τὴν
266 2703 436 2764 Σάμον,
462 2706 526 2742 καὶ
550 2703 573 2766 ἡ
601 2703 782 2751 Ραδινὴ
821 2705 882 2749 δέ,
919 2702 968 2761 ἣν
1000 2707 1278 2751 Στησίχορος
1312 2705 1480 2761 ποιῆσαι
1501 2706 1623 2761 δοκεῖ,
1663 2699 1708 2751 ἧς

180 2750 293 2810 αρχῄ·
318 2751 411 2799 ’Ἀγε
437 2756 511 2788 κτλ.
546 2751 730 2789 ἐντεῦθεν
754 2752 856 2798 λέγει
879 2766 966 2793 τους
990 2754 1145 2793 παῖδας·
1179 2750 1406 2788 ἐκδοθεῖσαν
1437 2749 1509 2798 γὰρ
1534 2749 1602 2797 τὴν
1627 2749 1704 2788 Ρα-

182 2798 292 2856 δινὴν
324 2799 363 2841 ἐς
395 2798 590 2857 Κόρινθον
626 2798 812 2857 τυράννῳ
836 2800 950 2845 φησὶν
989 2797 1031 2835 ἐκ
1061 2800 1129 2844 τῆς
1159 2797 1293 2846 Σάμου
1330 2800 1488 2834 πλεῦσαι
1526 2799 1706 2840 πνέοντος

181 2844 363 2905 ζεφύρου,
401 2845 447 2883 οὐ
480 2845 679 2903 δήπουθεν
710 2848 774 2903 τῆς
802 2844 967 2904 Ἰωνικῆς
997 2845 1148 2891 Σάμου·
1187 2847 1237 2893 τῷ
1273 2843 1314 2882 δ’
1347 2843 1449 2892 αυτῷ
1471 2843 1609 2905 ανέμῳ
1639 2846 1705 2882 καὶ

180 2877 418 2940 άρχιθὲωρον
444 2894 498 2936 εἰς
523 2893 698 2940 Δελφοὺς
729 2892 794 2930 τὸν
819 2891 989 2939 αδελφὸν
1021 2892 1137 2940 αυτῆς
1170 2883 1315 2930 ἐλθεῖν·
1348 2893 1412 2929 καὶ
1443 2907 1509 2929 τον
1541 2891 1705 2940 ανεψιόν

1542 3001 1561 3012 χ
