1864 3126
160 170 216 214 36
512 217 513 220 Ἴ
723 166 914 206 ΡΟΕΤΑΕ
941 168 1118 208 11131101.

373 312 557 323 ......
590 277 748 334 μέγαν,
781 275 989 335 Εὔρυτόν
1020 294 1066 321 τε
1095 323 1098 326 ,

303 349 515 406 10”Αρεος
546 347 601 392 ἄν
632 347 765 406 πώρω
797 347 962 392 κλόνον
1638 362 1682 394 10

158 505 224 540 An.
241 503 429 547 Ox.1159‚
445 507 482 538 2;
511 500 555 537 ού
580 499 652 560 γὰρ
678 500 826 543 πάντως
851 500 896 538 τὰ
923 501 992 548 μὲν
1012 500 1123 547 κύρια
1143 499 1205 537 ἀεὶ
1225 500 1445 559 βαρύνεται,
1471 499 1517 537 τὰ
1538 500 1580 538 δὲ
1602 499 1681 538 ἔπι-

156 549 293 586 θετικὰ
322 548 510 607 ὀξύνεται,
536 547 618 586 αλλ’
647 551 687 585 εἴ
699 563 771 585 που
773 548 998 607 βαρύνεται
1020 548 1061 585 τὸ
1088 548 1230 595 κύριον,
1257 546 1431 592 ὀξύνεται
1450 546 1492 584 τὸ
1513 546 1681 585 ἐπιθετι-

158 597 241 633 κόν
270 597 307 633 εἰ
330 592 398 633 οὖν
425 595 524 633 ἐστὶν
553 594 735 642 Εὐτείχης
760 594 881 653 ὄνομα
906 611 982 642 παρ
1023 594 1208 653 Ἀλκμᾶνι·
1236 594 1435 642 Εὖτείχη
1462 593 1496 631 τ’
1519 594 1680 632 ανακτ’

153 643 344 703 Ἀρήιον,
382 645 447 680 καὶ
484 641 646 690 ὤφειλεν
685 649 784 679 εἰναι
817 642 935 692 τούτῳ
973 645 1024 691 τῷ
1061 642 1159 701 λόγῳ
1198 641 1381 700 Εὗτείχεα
1418 646 1525 689 (corr.
1563 641 1683 679 εὐτει-

157 691 235 737 χέα,
268 692 291 727 1.
320 704 349 727 e.
383 693 421 727 in
453 703 560 728 versu
584 691 781 727 Homerico
807 693 848 727 Il
875 694 914 726 Π
938 694 1014 736 57)·
1048 690 1173 726 πόθεν
1207 686 1275 727 οὖν
1307 690 1329 736 ἡ
1362 690 1585 737 τετριμμένη
1619 693 1684 739 βα-

157 745 239 784 ρεῖα
276 737 395 782 τάσιςς
431 739 537 774 Adde
574 738 770 796 80110111.
804 741 843 773 H
873 743 928 774 57.
981 739 1052 774 Sed
1086 740 1204 774 restat
1235 739 1449 783 difficultas,
1481 739 1521 774 in
1553 738 1684 774 charta.

157 788 214 822 est
241 784 435 833 [Εὐτείχη]
462 799 500 822 τε
526 784 704 823 ,Ράνακτά
731 783 765 821 τ’
778 783 942 842 (ἱρήιον,
972 786 1147 839 videntur
1175 785 1292 831 igitur
1323 785 1396 821 duo
1427 767 1557 821 lieroes
1582 797 1682 822 com-

157 834 374 879 memorari,
406 834 533 879 itaque
565 834 648 879 Egg
650 846 688 869 er
710 830 850 878 Ἀρήιον
877 833 1018 878 proprii
1057 833 1216 868 nominis
1248 833 1330 869 loco
1362 844 1442 869 esse
1467 834 1588 879 putat,
1619 833 1683 868 sed

154 878 291 926 Ἀρήιος
316 893 507 927 nunquam
532 883 630 917 inter
660 881 930 926 Hippocoontis
954 881 1052 916 filios
1085 881 1253 916 refertur.
1304 881 1434 936 Itaque
1461 883 1526 915 aut
1550 880 1683 916 vitium

149 929 342 964 ‘contraxit
367 930 517 964 chartae
544 928 728 974 scriptura
754 928 866 972 (quod
893 930 1042 963 secutus
1069 928 1181 963 antea
1206 928 1345 963 correxi
1366 924 1527 972 Εὐτείχη
1547 940 1586 962 τε
1607 925 1680 964 foi-

156 989 277 1011 νακτα
301 974 504 1021 Ἔαρήιον
530 987 625 1011 1111110
651 975 802 1011 0111111110
827 976 998 1029 repudio)
1024 978 1089 1010 aut
1114 975 1210 1010 alter
1235 977 1343 1011 heros
1370 986 1444 1010 non
1468 975 1540 1009 fuit
1562 975 1681 1010 nomi-

156 1024 274 1058 natim
299 1023 525 1069 designatus,
551 1034 666 1068 quare
691 1036 724 1059 v.
752 1027 824 1058 3-
837 1027 855 1057 7
881 1024 921 1057 111
954 1023 1050 1057 hunc
1076 1022 1226 1058 modum
1251 1021 1506 1067 redintegravi
1531 1023 1618 1057 καὸ
1641 1019 1681 1056 δ’

153 1067 319 1117 Ἐναρσφ
323 1097 487 1108 ......
516 1067 745 1117 ἐκτάνε]τ’
781 1069 911 1115 ἔξοχον
935 1067 1093 1115 ἡμισίων
1118 1070 1142 1105 1
1170 1081 1200 1105 0.
1222 1069 1359 1126 ipsum
1375 1070 1682 1128 Hippocoqntem,

157 1118 260 1153 cuius
292 1130 429 1154 nomen
459 1118 614 1153 reticere
640 1118 748 1153 licuit
771 1122 916 1162 poetae,
950 1129 1032 1152 cum
1064 1116 1188 1152 verbis
1213 1114 1310 1159 ἄναξ
1336 1113 1467 1162 ἀρήιος
1493 1119 1532 1152 01
1557 1115 1684 1162 ἔξοχος

155 1163 312 1210 ἡμισίων
345 1166 435 1200 83118
467 1176 648 1210 superque
685 1167 835 1210 praeter
867 1168 1007 1200 ceteros
1032 1164 1279 1210 insigniverit.
1330 1164 1468 1199 Poetae
1501 1163 1683 1209 Castores,

156 1212 541 1258 Hippocoontidarum
562 1213 821 1255 debellatores,
849 1212 1068 1257 alloquitur;
1094 1212 1140 1246 de
1166 1213 1299 1256 quibus
1325 1222 1437 1256 supra
1461 1223 1494 1246 v.
1524 1216 1542 1246 1
1569 1212 1682 1247 tertia

156 1271 315 1305 persona
347 1272 434 1295 usus
459 1260 574 1296 verba
597 1259 702 1295 fecit·
730 1259 793 1294 sed
819 1260 1068 1304 apostrophae
1093 1259 1213 1304 figura
1243 1259 1400 1304 lyricum
1424 1260 1586 1304 poetam,
1618 1259 1684 1303 qui

158 1307 301 1343 variare
327 1308 422 1343 solet
441 1308 659 1351 orationem,
685 1306 854 1360 inprimis
874 1307 992 1352 decet,
1017 1308 1179 1360 apteque
1199 1309 1312 1351 poeta
1331 1306 1485 1341 verbum
1507 1287 1680 1341 ἐκτάνετε

157 1355 345 1390 clausulae
377 1355 551 1400 strophae
583 1353 798 1390 reservavit.
848 1353 970 1389 Antea
994 1354 1127 1398 scripsi
1153 1352 1336 1399 [Δορκέα]
1368 1350 1403 1387 τ’
1438 1351 1568 1398 ἔξοχον
1600 1350 1682 1399 ἡμι-

157 1403 245 1436 σίων
273 1404 420 1446 (nomen
453 1400 601 1446 Δορκέα
640 1403 757 1436 1110110
789 1401 1024 1445 adversatur,
1057 1401 1156 1445 quod
1181 1402 1335 1436 verbum
1361 1412 1383 1435 3
1410 1400 1531 1435 vocali
1555 1400 1684 1436 littera

157 1449 339 1494 iucipiens
362 1449 552 1505 requirit),
587 1450 629 1484 ut
652 1449 746 1484 haec
772 1449 897 1483 omnia
922 1450 960 1483 et
985 1458 1080 1493 quae
1104 1448 1270 1493 proxime
1297 1449 1498 1491 sequuntur
1523 1459 1546 1483 a
1570 1447 1682 1483 verbo

160 1495 284 1542 [ἔκτα]
312 1477 582 1541 Πωλυδεύκης,
615 1496 714 1540 (111οᾱ
740 1502 773 1531 v'.
802 1501 818 1530 1
848 1495 1020 1540 supplevi
1051 1506 1232 1540 suspensa
1256 1494 1346 1539 sint,
1382 1496 1420 1530 et
1450 1495 1683 1530 enuntiatum

158 1557 190 1579 v.
227 1548 268 1578 12
303 1543 533 1579 absolvatur:
572 1545 611 1578 31
643 1544 819 1602 strophae
853 1542 926 1578 fine
962 1543 1075 1577 etiam
1107 1542 1225 1577 oratio
1254 1541 1683 1578 1011111031111.Α111·0110

156 1592 249 1626 haee
286 1591 339 1626 ita
377 1591 638 1626 conformavit:
682 1587 763 1625 ἄλλ’
775 1587 889 1646 ἐγὼν
920 1588 1111 1625 Λύκαισον
1144 1587 1184 1634 ἐγ
1216 1590 1385 1646 uocutfipw
1416 1586 1548 1634 αλὲγω,
1576 1586 1616 1624 ἐν
1643 1584 1681 1623 δ

154 1635 414 1696 Ἐναρσφόρον
437 1659 479 1664 -
498 1635 667 1695 ’Ἄλκιμον
687 1650 724 1672 τε
746 1635 812 1673 τὸν
833 1639 878 1696 [37
905 1635 1066 1672 ἷπποτᾶν
1087 1650 1125 1672 τε
1146 1650 1176 1672 τ.
1197 1650 1230 1673 κ.
1275 1633 1435 1694 Εὐτείχη
1455 1649 1494 1671 τε
1515 1633 1682 1672 favaut'
1699 1673 1701 1675 ,

157 1682 222 1743 ἄγ’
251 1682 398 1742 ἀρήιον,
430 1683 579 1729 Δορκέα
605 1681 639 1719 τ’
669 1683 798 1729 ἔξοχον
823 1686 996 1730 ημ(σι’,ων
1029 1684 1118 1719 satis
1150 1684 1328 1719 audacter
1353 1681 1417 1728 αγ’
1444 1680 1578 1728 αρήιον
1602 1683 1625 1719 i
1653 1695 1683 1719 e.

157 1746 257 1789 αγαν
272 1730 418 1789 αρήιον
445 1743 581 1768 novare
608 1732 899 1777 3118118.[Β1388
925 1731 1087 1788 scripsit:
1123 1729 1191 1766 οὐκ
1225 1728 1327 1786 ἐγὼν
1354 1729 1543 1766 Λύκαισον
1576 1728 1617 1776 ἐγ
1649 1744 1682 1766 κ.

157 1777 232 1825 ἆλ.,
259 1776 341 1814 αλλ’
374 1777 448 1814 Ἐν.
475 1782 562 1823 κτλ.,
589 1777 763 1814 Βωκόλον
788 1792 826 1814 τε
859 1793 888 1814 τ.
922 1780 967 1824 β,
994 1775 1186 1813 Ιππόθων
1213 1790 1251 1812 τε
1277 1775 1343 1813 τὸν
1375 1791 1422 1822 κ.,
1449 1775 1611 1823 Εὖτείχη
1631 1791 1683 1822 τε,

156 1809 336 1863 ,Ράνακτα
356 1824 392 1861 τ’
411 1807 562 1870 Ἀρήιον
565 1823 746 1871 ’Ἀλκμονά
760 1823 795 1860 τ’
819 1825 948 1882 ἔξοχον
959 1807 1148 1872 ἡμισίων]
1181 1826 1225 1861 V.
1242 1830 1261 1860 2
1284 1825 1387 1860 Blass
1399 1825 1572 1885 opinatur
1591 1825 1682 1861 (1011-

157 1879 299 1910 tescere
324 1875 423 1931 apud
449 1873 563 1909 schol.
589 1873 695 1908 Pind.
724 1873 779 1908 Ol.
807 1874 840 1908 X
869 1878 910 1908 15
935 1870 1109 1913 Ἀλκαῐος-
1137 1869 1206 1908 οὐκ
1233 1869 1305 1928 ἐγώ
1332 1870 1446 1908 λύκον
1467 1869 1508 1908 ἐν
1527 1869 1685 1918 μούσαις

158 1919 291 1966 αλέγω,
317 1921 381 1956 ubi
405 1917 558 1967 Ἀλκμάν
585 1921 748 1966 corrigit.
794 1920 916 1956 Christ
946 1920 1094 1965 scripsit
1116 1917 1223 1965 ’Ἁλκμ
1226 1933 1294 1954 ονα
1328 1917 1362 1954 τ’
1398 1917 1448 1962 ε’ξ.
1481 1917 1522 1965 ἡ,
1549 1931 1683 1955 nomen

158 1968 382 2012 inauditum,
407 1980 495 2003 nam
521 1979 578 2013 ap.
601 1967 722 2003 Schol.
747 1968 867 2013 Apoll.
891 1968 1006 2003 Rhod
1028 1968 1150 2002 11373
1172 1967 1310 2002 dudum
1330 1966 1543 2002 Holstenius
1563 1969 1684 2002 sustu-

157 2017 203 2050 lit
215 2013 365 2071 ’Ἀκμων
363 2015 575 2072 corrigens.
598 2036 641 2041 —
661 2015 705 2051 V.
727 2019 758 2051 8.
787 2015 937 2051 Conieoi
955 2012 1034 2050 κωύ
1054 2014 1213 2061 στρατ]ὧ
1234 2011 1300 2050 τὸν
1320 2011 1482 2071 αγρέταν
1503 2014 1681 2060 [Σκαιον]

157 2062 289 2108 μέγαν,
315 2058 487 2108 Εύρυτόν
506 2075 574 2098 τε.
598 2091 604 2097 .
626 2058 814 2109 ,[ἤρωας]
834 2061 1050 2108 παρήσομες
1068 2065 1114 2106 (v.
1133 2065 1201 2106 12).
1228 2061 1367 2097 Charta
1385 2058 1549 2106 ἆγρόταν
1569 2071 1684 2106 prono

158 2110 302 2146 librarii
329 2121 468 2167 errore,
495 2111 558 2155 qui
586 2090 698 2145 0113111
724 2122 783 2155 ap.
809 2110 941 2146 Aesch.
969 2111 1067 2145 Pers.
1097 2113 1186 2145 1002
1213 2109 1518 2154 deprehenditur:
1577 2109 1684 2154 εβᾶσι

157 2156 230 2202 γὰρ
255 2159 385 2201 τοίπερ
410 2154 566 2202 αγρέται
592 2158 771 2202 στρατοῦ,
798 2157 861 2192 ubi
886 2157 973 2193 libri
997 2156 1126 2192 itidem
1153 2154 1310 2201 ἀγρόται
1335 2155 1521 2192 exhibent.
1590 2166 1683 2200 eque

158 2205 257 2240 enim
290 2204 578 2240 existimandum
611 2206 677 2248 081,
710 2210 729 2239 ὃ
762 2206 800 2240 in
832 2206 955 2240 locum
986 2204 1132 2239 litterae
1164 2216 1181 2238 ε
1216 2203 1445 2248 successisse,
1483 2204 1581 2248 quod
1615 2214 1684 2238 nec

159 2252 341 2287 rationem
360 2252 486 2296 habet,
511 2263 579 2287 nec
600 2253 764 2287 firmatur
786 2265 867 2297 11811,
893 2264 979 2287 nam
1000 2252 1038 2287 et
1056 2249 1287 2308 κωλαγρέται
1307 2249 1566 2296 (κωλακρέται)
1587 2251 1683 2286 dice-

159 2301 311 2343 bantur,
343 2302 382 2334 et
416 2298 513 2344 apud
541 2298 754 2356 Spartanos
781 2298 1005 2344 ἴππαγρέται
1037 2300 1076 2334 01
1100 2296 1360 2343 παιδαγρέται.
1411 2298 1482 2333 Sed
1508 2297 1683 2354 Hesychii

157 2347 284 2392 glossa
322 2343 500 2391 ἆγρέταν
533 2343 712 2392 ἡγεμόνα,
749 2345 845 2381 θεόν
877 2347 952 2382 3110
985 2346 1132 2381 videtur
1170 2346 1355 2403 spectare,
1392 2345 1476 2381 fort.
1514 2341 1682 2390 ἡγεμόνα

157 2394 283 2429 θεῶν
323 2394 580 2435 scribendum,
616 2395 764 2438 poterat
800 2397 912 2439 poeta
953 2394 1078 2428 Iovem
1114 2389 1278 2450 αγρέταν
1321 2393 1425 2428 θεῶν
1464 2391 1679 2448 indigitare.

159 2439 370 2498 [Κᾶλκιμον
396 2439 463 2476 τὸν
471 2438 646 2497 οἷγρέταν
667 2442 808 2485 στρατῶ
830 2440 962 2498 μέγαν,
989 2437 1160 2497 Εὔρυτόν
1179 2453 1218 2475 τε
1239 2437 1287 2475 ἄν
1307 2437 1527 2496 ταλαιπωρω
1547 2436 1682 2474 κλόνον

158 2502 280 2534 μαχας
311 2501 401 2524 ποτε
435 2485 505 2528 τώς
537 2486 694 2532 αρίστως
718 2517 741 2522 -
765 2506 790 2522 υ
821 2486 864 2523 οὖ
900 2489 974 2531 (vel
999 2484 1188 2533 οὐδαμῶς)
1219 2484 1434 2532 παρήσομες
1468 2485 1683 2521 dubitanter

159 2535 414 2581 00111.Β1388.]
445 2556 482 2561 -—
513 2535 556 2570 V.
579 2540 611 2570 9.
638 2537 783 2570 Σκαῖον
788 2536 999 2592 supplevit
1023 2534 1178 2579 Ahrens,
1203 2546 1279 2590 ego
1305 2536 1416 2569 antea
1428 2530 1600 2590 Εὐμηὸη
1626 2533 1680 2568 in-

159 2584 264 2618 serui.
295 2604 336 2608 —
368 2583 405 2618 V.
430 2587 482 2618 10.
502 2580 624 2626 ’Ἀρεος
648 2579 714 2628 αν]
741 2580 850 2627 πώρω
871 2581 1006 2618 κλόνον
1034 2563 1229 2628 [Ἄλκωνα]
1255 2594 1293 2616 τε
1320 2578 1391 2621 τώς
1415 2578 1572 2626 αρίστως
1592 2581 1680 2616 scri-

158 2631 226 2688 psi.
277 2630 452 2665 Notanda
477 2630 629 2665 liberior
654 2630 849 2665 verborum
876 2630 1084 2673 collocatio,
1117 2628 1277 2674 Eurytus
1302 2630 1340 2664 et
1366 2628 1483 2663 Alcon
1508 2627 1680 2662 dicuntur

158 2689 304 2721 αριστοι
320 2675 444 2733 ’Ἆρεος
468 2673 516 2712 ἄν
543 2675 652 2722 πώρω
679 2675 833 2723 κλώνον,
859 2678 903 2712 cf
924 2678 968 2716 fr
989 2681 1009 2712 9
1038 2674 1193 2732 Κάστωρ
1219 2689 1257 2711 τε
1284 2673 1415 2711 πώλων
1441 2672 1568 2710 ωκέων
1587 2675 1678 2719 δμα-

157 2726 279 2780 τῆρες,
300 2722 454 2759 ἱππόται
470 2725 593 2769 σοφοί,
608 2723 671 2759 καὶ
686 2705 936 2783 Πωλοδεύκης
950 2722 1096 2768 κυδρός.
1124 2725 1246 2759 Antea
1260 2722 1406 2780 scripsi:
1426 2721 1502 2758 καὶ
1522 2722 1679 2778 στρατοῦ

158 2785 187 2806 τ.
211 2785 268 2816 αγ.
292 2769 482 2817 Εύμήδη
509 2785 544 2817 μ.
572 2769 662 2815 Eup.
688 2784 726 2806 τε
755 2769 885 2807 ἐσλὸν
911 2785 960 2806 αν
985 2771 1095 2816 πώρω
1115 2769 1250 2806 κλόνον
1270 2767 1412 2810 αλλως
1430 2782 1468 2804 τε
1490 2783 1519 2804 τ.
1539 2782 1598 2813 αρ.
1619 2766 1676 2814 ’‘29-

157 2831 233 2863 παρ
249 2822 320 2863 ,111
338 2820 461 2864 πῶρος
480 2818 703 2854 substantivi
723 2819 806 2854 loco
826 2818 916 2854 belli
934 2819 1136 2853 tumultum
1151 2817 1229 2854 sive
1249 2818 1414 2853 laborem
1434 2815 1679 2862 significaret.

159 2833 257 2900 dicit
276 2866 420 2901 Ahrens
445 2866 516 2901 hoc
540 2877 675 2902 nomen
701 2866 924 2902 auctoritate
949 2866 1167 2901 destitutum
1193 2875 1281 2909 esse,
1314 2866 1355 2900 at
1384 2865 1616 2908 ταλαίπωρος
1641 2865 1680 2898 et

158 2912 296 2948 similia
320 2913 410 2948 satis
437 2914 694 2956 testificantur,
721 2914 813 2949 haec
839 2913 935 2949 enim
963 2913 1170 2958 composita
1195 2912 1243 2947 ad
1268 2911 1428 2955 nomina,
1454 2922 1528 2947 non
1548 2911 1595 2946 ad
1615 2910 1679 2946 ad-
