1864 3126
204 167 232 208 2
237 167 292 209 72
528 183 529 187 ’
766 167 957 207 ΡΟΕΤΑΕ
982 169 1161 209 MELICI.

860 279 928 321 63.
962 279 1067 333 [62]

287 355 391 412 ’Ἁγε
423 356 499 414 δή,
532 355 632 415 φέρ’
667 355 795 414 ἡμίν,
828 353 862 403 ὦ
894 369 994 415 παῖ,

297 428 502 484 κελέβην,
535 426 649 480 ὅκως
679 427 870 485 ἄμυστιν
1634 447 1724 479 1027

297 502 491 555 προπίω,
523 498 575 542 τὰ
609 499 690 556 μὲν
722 498 813 544 δέκ’
850 502 999 558 ἐγχέας

296 567 477 626 ὕδατος,
509 569 562 614 τὰ
595 571 723 615 πέντε
755 569 798 614 δ’
835 577 965 615 οἴνου

256 650 277 684 5
297 633 518 695 κυάθους,
551 638 610 692 ὡς
641 639 881 699 ἀνυβριστί

299 709 385 755 ἀνὰ
419 706 552 768 δηῦτε
583 713 865 771 βασσαρήσω.

486 782 509 806 =1e
773 786 796 811 ae

629 817 652 841 ἧς

284 851 389 909 ’Ἄγε
421 848 556 910 δηῦτε
587 853 746 911 μηκέθ’
782 853 898 899 οὕτω

295 923 476 985 πατάγῳ
508 942 554 969 τε
584 923 814 987 κάλαλητῷ

294 994 530 1052 Σκυθικὴν
560 996 695 1041 πόσιν
727 996 831 1053 παρ’
868 1003 977 1058 οἴνῳ

232 1079 275 1110 10
295 1069 563 1124 μελετῶμεν,
596 1065 709 1111 ἀλλὰ
741 1073 893 1121 καλοῖς

296 1136 591 1190 ὑποπίνοντες
623 1139 671 1182 ἐν
702 1137 874 1196 ὕμνοις.

858 1260 1063 1313 64.[63]

295 1340 501 1402 Χθόνιον
534 1338 576 1384 δ’
613 1339 805 1396 ἐμαυτὸν
836 1335 956 1399 ἦρεν.

824 1435 1091 1515 ’65.[64]’

285 1541 375 1586 Τὸν
395 1540 569 1599 ’Έρωτα
600 1541 687 1600 γὰρ
723 1540 805 1586 τὸν
837 1540 983 1600 ἁβρόν
1041 1526 1052 1537 ⁶

199 1689 261 1719 31.
284 1681 505 1728 Ἀνακρέων·
532 1682 582 1724 ὡς
607 1681 653 1729 δὴ
679 1680 773 1741 πρὸς
799 1682 852 1729 έ’.ρ
877 1684 1056 1720 πυκ.111)ἰ
1080 1687 1180 1721 recte
1207 1683 1253 1730 δὴ
1281 1685 1470 1731 scriptum,
1497 1697 1583 1722 nam
1608 1686 1722 1722 etiam

197 1731 332 1767 Athen.
359 1730 601 1786 wi‚Dob1·ee
628 1732 722 1766 eoni.
749 1729 807 1766 ἄν.
846 1732 955 1777 Resp.
981 1733 1040 1767 Et.
1067 1733 1115 1769 M.
1137 1737 1218 1777 345,
1238 1737 1294 1778 39,
1320 1733 1384 1768 ubi
1405 1734 1485 1770 cod.
1505 1732 1603 1770 Flor.
1623 1737 1722 1769 Ana-

198 1779 358 1815 creontis
383 1780 498 1815 verba.
524 1775 574 1819 ὡς
599 1776 672 1824 ἤδη
700 1781 772 1814 κτλ.
799 1779 915 1815 addit.

293 1826 352 1863 Fr.
378 1831 434 1862 63.
483 1827 617 1862 Athen.
639 1827 671 1860 X
682 1838 726 1909 p.
748 1828 876 1862 427A·
905 1824 1015 1870 Παρὰ
1042 1825 1084 1863 δε
1108 1824 1393 1873 Ἀνακρέοντι
1419 1826 1473 1868 εἷς
1498 1829 1602 1864 οἴνου
1627 1826 1721 1873 πρὸς

199 1871 268 1908 δύο
295 1870 448 1914 ὕδατος·
467 1871 558 1929 ’Ἁγε
585 1877 659 1908 κτλ.
741 1871 1050 1930 ,βασσαρήσω
1095 1875 1170 1910 Καὶ
1195 1874 1395 1920 προελθὼν
1416 1873 1484 1920 τὴν
1509 1872 1719 1920 ἀκρατοπο-

199 1922 284 1955 σίαν
309 1917 510 1965 Σκυθικὴν
530 1923 642 1956 καλεῖ
654 1919 781 1956 πόσιν·
801 1918 864 1965 ’Ἁγ
874 1934 890 1956 ε
918 1922 1048 1956 δεῦτε
1070 1925 1143 1957 κτλ
1182 1923 1251 1958 Est
1270 1923 1370 1958 haud
1390 1923 1501 1958 dubie
1523 1934 1567 1958 ex
1587 1923 1715 1958 eodem

198 1968 372 2011 carmine,
399 1968 502 2003 euius
529 1966 719 2003 exordium
745 1968 804 2003 est
827 1968 870 2003 fr.
897 1972 953 2003 62.
998 1969 1041 2003 V.
1066 1973 1130 2003 1-
1135 1973 1155 2004 5
1181 1967 1353 2010 κυαθους
1377 1969 1511 2005 Athen.
1540 1969 1652 2005 affert
1669 1969 1721 2004 XI

196 2014 307 2050 4750
334 2016 373 2050 et
391 2015 496 2051 Eust.
517 2015 583 2051 Od.
608 2018 710 2070 1476,
731 2019 786 2049 31.
809 2035 852 2040 —-—
883 2015 922 2052 V.
946 2019 976 2050 1.
1029 2017 1092 2061 μίν
1111 2013 1606 2062 Dindorf,vu1gov‘751.cv.-
1628 2016 1664 2052 V
1687 2021 1718 2051 2.

199 2058 306 2106 οκὼς,
332 2062 421 2098 Ath
447 2062 613 2098 alterol.
641 2057 761 2102 ὅπως.
781 2083 824 2087 —-
845 2062 889 2097 V.
909 2066 942 2098 3.
971 2029 1054 2097 δέκμ
1080 2065 1220 2119 postem,
1234 2044 1330 2108 lo⁷co,
1354 2064 1479 2109 priore
1504 2060 1542 2098 δ’
1564 2063 1624 2099 vel
1643 2060 1718 2098 δύ’.

137 2145 142 2149 ,
200 2131 242 2135 -
276 2107 340 2155 ἕγχ
344 2106 424 2153 έας,
461 2109 581 2166 priore
613 2109 636 2145 l.
669 2108 766 2144 APV
798 2106 939 2154 ἐκχέας.
980 2131 1023 2136 —-
1056 2109 1100 2145 V.
1133 2114 1165 2146 5.
1197 2092 1395 2157 ἆνυβριστὶ
1426 2111 1578 2155 Baxter‚
1612 2111 1645 2145 A
1670 2106 1719 2146 ἂν

197 2154 267 2211 ὑβρ
271 2158 403 2200 ιστίως,
429 2157 523 2192 PVL
550 2152 599 2191 div
623 2153 882 2202 υβριστιῶσαν.
932 2158 1100 2202 Apparet
1129 2154 1361 2212 ανυβρίστως
1395 2169 1508 2204 supra.
1539 2158 1720 2202 scriptum

197 2204 323 2262 fluisse,
356 2206 394 2239 et
423 2204 494 2239 hoc
525 2204 648 2249 ipsum
678 2204 843 2261 praefert
866 2204 996 2248 Blass,
1027 2206 1070 2239 ut
1099 2205 1224 2240 hiatus
1255 2207 1502 2241 removeatur.
1536 2226 1579 2230 —
1612 2204 1658 2240 V.
1687 2209 1719 2242 6.

198 2249 275 2286 ἀνὰ
303 2245 416 2296 δηυτε
444 2251 586 2297 scripsi,
611 2251 676 2286 AB
701 2247 900 2294 αναδευτε,
925 2232 1019 2287 PV’L
1046 2248 1201 2288 ἆναδευ.
1229 2272 1272 2278 --
1305 2253 1348 2288 V.
1377 2257 1447 2289 7-
1461 2256 1504 2288 10
1530 2263 1646 2297 usque
1673 2253 1720 2288 ad
1790 2236 1794 2239 Δ

198 2299 408 2345 μελετῶμεν
440 2299 548 2334 affert
583 2300 853 2335 commentator
884 2298 991 2344 Cruq
1023 2300 1151 2335 Horat.
1185 2299 1304 2336 Carm.
1330 2299 1348 2334 I
1372 2303 1491 2345 27,1:
1525 2300 1613 2343 „Ad
1637 2311 1719 2335 ccm-

197 2348 299 2382 vivas
323 2347 463 2382 sodales
492 2357 576 2382 suos
601 2347 644 2382 de
668 2347 865 2382 hilaritate.
916 2347 1051 2382 Sensus
1075 2351 1194 2383 autem
1218 2351 1384 2393 sumptus
1417 2358 1462 2382 ex
1492 2347 1721 2383 Anacreonte

198 2395 291 2430 libro
316 2395 436 2430 tertio:
455 2391 546 2439 ’Ἀγε
574 2394 685 2429 δῶτε
712 2396 810 2430 κτλ.“
859 2404 954 2438 quae
979 2394 1059 2439 ipse
1085 2394 1267 2440 Cruquius
1292 2393 1440 2430 addidit
1463 2394 1649 2447 descripta
1674 2405 1721 2430 ex

198 2441 360 2477 editione
386 2441 568 2484 Lambini,
596 2441 694 2477 unde
720 2441 834 2476 etiam
858 2440 955 2476 illud
980 2441 1074 2477 δῶτε
1099 2441 1262 2487 repetiit.
1305 2441 1525 2487 Porphyrio,
1550 2440 1614 2486 qui
1639 2441 1719 2486 qui-

200 2490 285 2524 dem
311 2489 412 2524 haud
438 2487 550 2524 dubie
576 2488 674 2524 hunc
700 2488 821 2533 ipsum
848 2488 970 2523 locum
990 2489 1165 2534 respexit,
1190 2488 1285 2524 nihil
1304 2488 1376 2524 nisi
1394 2489 1487 2524 haec
1504 2487 1719 2534 adscripsit:

198 2537 300 2581 „Ode
326 2533 575 2581 προτρεπτικὴ
603 2537 660 2571 est
683 2535 776 2571 haec
803 2535 851 2571 ad
877 2535 1117 2593 hilaritatem,
1143 2536 1247 2582 euius
1271 2547 1398 2571 sensus
1423 2538 1566 2571 sumtus
1590 2537 1649 2570 est
1673 2535 1720 2570 ab

198 2564 431 2619 Anacreonte
458 2584 498 2618 in
525 2583 617 2618 libro
642 2583 784 2618 tertiof‘
811 2604 853 2609 —
882 2583 927 2619 V.
954 2586 986 2619 8.
1013 2565 1128 2628 δηῦτε
1155 2583 1304 2629 scripsi,
1330 2584 1364 2619 A
1387 2584 1513 2628 δηυτε,
1538 2581 1568 2616 Β
1595 2579 1719 2627 δήντε

198 2632 227 2666 P
253 2629 300 2676 δή
303 2643 355 2675 τε,
381 2630 444 2665 VL
471 2627 568 2666 δότε.
585 2630 686 2666 ——V.
710 2634 752 2665 11
773 2630 811 2665 in
834 2630 905 2666 fine
923 2641 1070 2666 versum
1091 2630 1267 2667 omissum
1289 2640 1368 2666 esse
1384 2630 1520 2666 censet
1537 2629 1720 2675 Meineke,

197 2679 300 2714 velut
325 2677 496 2723 Κλεΐσωμ
499 2690 540 2713 εν
568 2675 765 2713 Διόνυσον.

294 2725 351 2762 Fr.
381 2729 436 2760 64.
471 2691 610 2760 stSchol
636 2725 782 2762 Hesiod.
805 2725 908 2761 Theo
967 2727 1052 2760 767:
1087 2722 1140 2760 Τὸ
1166 2724 1209 2760 δε
1234 2725 1395 2806 χθονίου
1417 2719 1441 2769 ἢ
1467 2724 1534 2759 τοῦ
1560 2723 1598 2769 (l.
1623 2720 1719 2768 ἤτοι)

199 2773 398 2829 στυγεροῦ,
431 2769 478 2812 ὡς
507 2769 728 2817 Ἀνακρέων·
756 2774 819 2817 χθ.
850 2768 887 2807 δ’
910 2736 973 2817 ἐμ.
998 2767 1102 2817 ἦρεν.
1129 2792 1173 2799 -
1199 2771 1270 2808 eod
1313 2771 1336 2806 S
1370 2765 1480 2816 ἦγον,
1510 2770 1549 2806 in
1581 2771 1668 2806 edit.
1699 2775 1715 2805 1

198 2820 328 2865 scripsi
353 2814 462 2865 ἦρον,
495 2819 560 2855 sed
585 2820 735 2877 gravius
762 2819 893 2854 vitium
920 2819 1032 2864 latet,
1066 2819 1153 2855 fort.
1178 2817 1336 2877 χθόνιον
1368 2816 1410 2854 δὲ
1443 2815 1526 2875 μὰψ
1553 2815 1718 2863 ὄνειρον,

201 2868 257 2902 vel
286 2868 451 2912 χθονίων
478 2863 626 2912 δείματ’
654 2862 824 2912 ὀνείρων.
875 2867 1047 2912 Hartung
1071 2865 1230 2922 χθόνιον
1256 2863 1293 2901 δ’
1322 2863 1425 2900 εἶδον
1451 2862 1611 2909 ὄνειρον.

293 2915 350 2950 Fr.
384 2918 438 2950 65.
490 2914 604 2950 Clem.
642 2913 747 2951 Alex.
791 2913 924 2950 Stiom.
962 2913 1013 2949 Vl
1056 2917 1142 2951 745:
1182 2909 1440 2959 Ἀνακρέοντος
1478 2910 1720 2958 ποιήσαντος·
