1864 3126
804 104 1086 144 LICYMNIUS.
1623 104 1712 149 599

925 215 967 259 4.

771 310 866 354 (ΕΙΣ
892 310 1120 353 ΤιίΕιΑΝ.)
1146 319 1155 325 ·

269 618 768 640 ιυ--.νυυ-υυ-
1615 610 1707 643 1262

482 806 800 865 Λιπαρόμματε
830 810 986 866 μᾶτερ,
1018 805 1220 862 ὑψίστων
1251 807 1438 867 θρόνων

267 880 444 936 σεμνῶν
472 877 751 932 ’Λπόλλωνος
780 882 982 936 βασίλεια
1013 878 1227 936 ποθεινοὲ,
1267 894 1269 896 “

266 950 526 1010 πραϋγέλως
551 948 728 1008 Ὑγίεια.

782 1010 805 1037 *
1071 1011 1095 1035 *

926 1040 951 1066 *

272 1084 349 1134 Τίς
379 1079 465 1140 γὰρ
498 1077 525 1139 ἢ
558 1080 758 1126 πλούτου
789 1080 917 1141 χάρις
947 1078 975 1139 ἢ
1007 1082 1191 1139 τεκέων,

216 1166 237 1198 5
265 1150 293 1211 ἢ
324 1155 403 1206 τᾶς
434 1155 724 1211 ἰσοδαίμονος
755 1151 1019 1212 ἀνθρώποις
1048 1156 1310 1212 βασιληΐδος
1341 1153 1501 1213 ἀρχᾶς;

200 1223 206 1227 ’
263 1224 399 1269 σέθεν
431 1223 482 1270 δὲ
511 1224 647 1283 χωρὶς
679 1224 801 1278 οὔτις
832 1223 1060 1283 εὐδαίμων
1092 1228 1191 1282 ἔφυ.

919 1345 958 1388 5.

288 1433 436 1473 Athen.
467 1432 567 1472 xm
601 1423 685 1473 603
706 1433 759 1472 D:
801 1422 1023 1484 Λικῦμνιος
1059 1429 1137 1485 (ita
1167 1433 1394 1486 Reinesius,
1432 1435 1526 1474 libri
1557 1430 1704 1487 ἆικύμ-

167 1494 272 1551 νιος)
304 1494 347 1537 δὲ
379 1493 401 1537 ὁ
427 1499 528 1546 Χῖος
559 1496 603 1537 ἐν
635 1493 962 1550 διθυράμβοις
981 1493 1202 1551 Ἀργύννου
1228 1497 1353 1550 φησὶν
1378 1495 1576 1552 ἐρώμενον
1595 1496 1703 1553 Ὑμέ-

169 1578 284 1604 ναιον
314 1561 511 1616 γενέσθαι.

917 1679 955 1722 6.

282 1767 474 1806 Parthen.
504 1765 622 1805 Narr.
654 1765 744 1804 Am.
776 1778 807 1805 c.
839 1766 913 1804 22:
954 1763 1054 1818 Περὶ
1084 1765 1277 1814 Νανίδος.
1320 1761 1380 1805 Ἡ
1411 1766 1561 1819 ἱστορία
1591 1764 1699 1820 παρὰ

166 1832 375 1887 Λικυμνίῳ
407 1833 460 1888 τῷ
493 1829 581 1886 Χίῳ
614 1832 810 1887 μελοποιῷ
847 1828 913 1869 καὶ
937 1825 1255 1882 Ἑρμησιάνακτι.
1305 1828 1494 1883 Ἔφασαν
1525 1830 1569 1872 δέ
1598 1848 1700 1882 τινες

165 1896 233 1937 καὶ
273 1893 346 1950 τὴν
389 1897 578 1950 Σαρδίων
620 1892 835 1949 ἀκρόπολιν
877 1890 956 1935 ὑπὸ
1000 1890 1140 1948 Κύρου
1182 1897 1262 1936 τῶν
1305 1898 1472 1950 Περσῶν
1512 1897 1702 1950 βασιλέως

164 1958 336 2014 ἁλῶναι,
373 1958 601 2015 προδούσης
641 1964 708 2014 τῆς
738 1961 915 2014 Κροίσου
951 1956 1150 2014 θυγατρὸς
1181 1961 1372 2010 Νανίδος
1430 1958 1592 2016 Ἐπειδὴ
1625 1959 1701 2016 γὰρ

165 2024 384 2081 ἐπολιόρκει
420 2024 590 2081 Σάρδεις
622 2029 756 2080 Κῦρος
792 2025 858 2066 καὶ
896 2022 1016 2067 οὐδὲν
1047 2022 1152 2083 αὐτῷ
1191 2026 1246 2075 εἰς
1275 2023 1424 2068 αλωσιν
1453 2031 1521 2080 τῆς
1551 2025 1701 2078 πόλεως

164 2090 442 2147 προῦβαινειν,
480 2092 523 2134 ἐν
553 2095 684 2148 πολλῷ
720 2107 759 2132 τε
797 2090 875 2132 δέει
910 2085 981 2144 ἦν,
1020 2087 1079 2144 μὴ.
1113 2082 1337 2144 ἀθροισθὲν
1373 2089 1415 2133 τὸ
1454 2091 1700 2147 συμμαχικὸν

165 2154 286 2211 αὐτῆς
315 2161 368 2215 τῷ
399 2159 558 2214 Κροίσῳ
592 2154 812 2198 διαλύσειεν
843 2153 947 2213 αὐτῷ
971 2153 1044 2210 τὴν
1070 2169 1264 2210 στρατιαν,
1288 2153 1372 2198 τότε
1396 2154 1469 2210 τὴν
1494 2158 1700 2211 παρθένον

164 2219 309 2275 ταύτην
339 2218 414 2275 εἶχε
445 2218 561 2276 λόγος
600 2220 689 2274 περὶ
725 2221 939 2275 προδοσίας
975 2221 1227 2275 συνθεμένην
1262 2225 1314 2279 τῷ
1352 2220 1494 2279 Κύρῳ,
1532 2224 1567 2264 εἰ
1601 2221 1699 2265 κατὰ

168 2285 316 2342 νόμους
347 2290 514 2340 Περσῶν
545 2286 822 2342 ἕξειγυναῖκα
853 2284 996 2342 αὐτήν,
1027 2284 1125 2329 κατὰ
1155 2284 1228 2341 τὴν
1266 2285 1392 2342 ἄκραν
1423 2286 1592 2342 μηδενὸς
1623 2306 1698 2342 φυ-

261 2438 319 2475 Fr
346 2442 378 2475 4
430 2437 529 2473 Sext.
556 2436 660 2483 Emp.
683 2437 734 2473 XI
753 2441 810 2495 49ἒ
837 2442 906 2475 556
931 2438 988 2475 ed.
1015 2439 1178 2475 Bekker:
1205 2436 1300 2474 Λικύ
1330 2451 1410 2480 νιος
1435 2438 1477 2475 δὲ
1504 2438 1696 2485 προειπών

164 2486 300 2523 ταῦτα·
333 2482 662 2531 Λιπαρόμματε
697 2514 704 2523 .
726 2513 734 2521 .
755 2513 764 2521 .
793 2465 936 2531 υγεία.
967 2490 1079 2522 ποῖον
1110 2483 1258 2532 ὑψηλὸν
1312 2484 1480 2532 πιφὲρει·
1515 2489 1580 2528 τίς
1612 2486 1696 2534 γὰρ

163 2531 361 2571 πλούτου
388 2535 462 2568 κτλ.
513 2531 567 2567 De
592 2532 878 2578 necessitudine,
905 2544 1000 2580 quae
1025 2534 1122 2570 inter
1147 2534 1218 2570 hoc
1244 2533 1429 2591 Licymnii
1454 2536 1493 2571 et
1517 2535 1695 2581 Ariphro-

164 2581 221 2618 nis
251 2592 400 2618 carmen
430 2580 647 2624 intel-aedifi,
684 2580 771 2616 vide
797 2592 910 2626 supra
934 2593 970 2627 p.
997 2585 1077 2618 596.
1104 2602 1148 2608 -
1177 2581 1219 2619 V.
1246 2586 1278 2617 3.
1322 2582 1470 2627 Ῥγίεια,
1503 2582 1698 2628 legebatur

164 2626 286 2676 ὑγεία.
315 2649 359 2655 -
387 2627 428 2665 V.
455 2631 488 2663 4
520 2627 576 2668 τίς
605 2625 678 2673 γὰρ
709 2624 733 2673 ἢ
766 2627 916 2685 scripsi,
947 2628 1065 2714 ”¹⁶5³
1095 2630 1150 2670 τίς
1171 2626 1263 2686 γάρ.
1298 2650 1342 2656 -
1373 2628 1513 2665 τεκέων
1546 2641 1591 2666 ex
1615 2629 1697 2666 Ari-

165 2677 307 2732 phrone
341 2675 573 2720 restitutum,
595 2676 718 2732 vulgo
749 2688 840 2722 τοκη
830 2672 907 2711 ’.ων
944 2697 988 2702 -
1092 2680 1125 2712 6.
1158 2673 1378 2723 ἀνθρώποις
1409 2688 1455 2712 ex
1485 2677 1696 2724 Ariphrone

165 2724 395 2769 restitutum,
434 2723 547 2770 vulgo
582 2718 804 2768 ανθρώπου.
845 2744 885 2749 -
922 2724 1023 2760 Inter
1053 2735 1087 2760 v.
1126 2727 1147 2759 ὅ
1180 2725 1220 2760 et
1250 2730 1270 2761 6
1308 2724 1489 2760 nonnulla
1521 2736 1545 2762 a
1583 2725 1695 2763 Sexto

165 2770 429 2818 praetermissa
461 2782 539 2807 esse
577 2770 834 2806 manifestum:
871 2781 993 2817 neque
1030 2781 1119 2808 vero
1156 2771 1333 2808 carminis
1369 2771 1573 2808 novissima.
1609 2784 1696 2820 pars

31 2837 34 2839 >
97 2868 99 2870 q
164 2819 276 2902 {¹⁸⁰⁰
301 2818 532 2864 congruebat
555 2829 640 2853 oum
665 2816 884 2864 Ariphronis
908 2819 1064 2865 hymno,
1090 2818 1155 2855 sed
1179 2819 1385 2866 peculiaria
1415 2820 1599 2866 quaedam
1629 2821 1695 2858 ha.-

191 2867 290 2912 ebat,
317 2866 389 2903 vid.
416 2865 464 2902 ad
490 2865 639 2912 Ariphr.
666 2877 700 2902 v.
727 2870 760 2901 3.
