1864 3126
799 118 1076 157 SIMONIDES.
1168 119 1171 122 ’
1611 119 1700 163 519

169 243 218 272 ex
248 230 362 272 Ionia
392 232 584 272 oriundus
615 233 752 284 elegos
791 233 883 272 illos
915 232 1103 285 condidit,
1133 233 1248 274 velut
1278 233 1569 275 Stesimbrotus
1594 234 1700 274 Tha-

169 294 265 337 sius.
295 295 492 339 Poematii
530 297 728 349 tripertiti
759 297 1007 350 prooemium
1040 310 1109 338 sex
1140 298 1325 339 versibus
1357 300 1534 350 constat,
1569 299 1702 340 media

167 364 210 404 et
242 363 460 404 novissima
488 376 583 415 pars
615 364 820 415 quaternis
852 363 1036 404 versibus
1075 363 1361 414 absolvuntur,
1401 364 1543 404 similis
1580 365 1699 416 plane

167 427 319 480 species
345 428 511 480 elegiaci
535 428 723 469 carminis
749 442 811 480 ap.
831 428 1066 480 Euripidem
1085 428 1276 469 Androm.
1300 431 1383 470 103
1404 442 1512 481 seqq.
1557 429 1701 478 Quem-

165 493 382 534 admodum
407 494 524 534 huius
544 495 845 547 epigrammatis
871 496 1011 534 auctor
1036 506 1151 534 orsus
1178 498 1241 534 est
1265 495 1316 534 ab
1335 495 1547 535 Homerico
1573 496 1699 536 Athe-

164 558 362 600 niensium
393 560 615 611 praeconio,
646 560 708 599 ita
738 560 780 600 in
810 560 888 599 alio
919 559 1083 610 antiquo
1116 559 1425 612 epigrammate,
1457 560 1563 611 quod
1593 561 1698 612 pilae

163 623 400 677 inscriptum
430 625 556 666 fuisse
586 627 789 666 testantur
826 625 1194 677 paroemffigraphi,
1231 625 1416 676 ingratus
1453 626 1699 666 Achivorum

163 701 264 741 erga
293 689 637 741 Agamemnonem
675 690 830 731 animus
867 691 946 730 fuit
983 692 1164 730 notatus:
1203 685 1287 730 ἀντ’
1329 686 1549 744 εὐεργεσίης
1583 687 1699 745 ’Λγα-

163 751 342 807 μέμνομα
373 754 501 807 δῆσαν
526 751 699 808 Ἀχαιοί,
730 758 777 796 ut
806 756 991 807 deinceps
1023 755 1247 795 Atticorum
1286 756 1372 795 laus
1411 757 1698 808 illustraretur,

163 820 233 871 qui
263 820 547 860 beneficiorum
584 834 780 862 memores
818 822 978 861 fuerant
1019 833 1116 872 erga
1158 834 1266 871 eum,
1309 822 1377 872 qui
1418 821 1519 860 illud
1560 835 1698 862 monu-

162 888 343 926 mentum
381 886 569 928 condidit.
613 898 663 914 ·--
704 886 892 927 Ceterum
929 887 969 925 in
1005 886 1134 936 primo
1174 887 1315 925 horum
1360 887 1698 937 epigrammatum

162 949 212 991 de
242 950 343 992 vitio
374 954 584 1003 suspectus
617 953 680 992 est
709 964 868 992 versus:

523 1036 671 1086 πρῶτοι
701 1032 930 1088 δυσμενέων
960 1027 1078 1087 εὗρον
1108 1030 1347 1087 ἀμηχανίην.

161 1125 302 1176 Neque
333 1124 439 1165 enim
468 1124 721 1176 perspicitur,
752 1137 831 1175 quo
862 1124 951 1164 iure
981 1123 1290 1164 Atheniensium
1320 1125 1602 1175 imperatores,
1626 1126 1696 1177 qui

159 1189 350 1241 oppidum
388 1189 606 1230 Persarum
645 1189 845 1241 praesidio
885 1190 1091 1230 firmatum
1135 1189 1340 1230 obsidione
1379 1193 1611 1240 presserant
1651 1205 1697 1231 ac

158 1255 329 1307 denique
360 1258 706 1308 expugnaverant,
746 1268 836 1295 cum
872 1256 1010 1296 hostes
1047 1256 1225 1295 omnium
1261 1265 1398 1295 rerum
1432 1256 1567 1307 inopia.
1608 1270 1695 1297 con-

79 1364 82 1365 ο
161 1322 258 1362 fecti
288 1324 440 1373 essent,
464 1323 590 1372 primi
625 1322 667 1360 in
703 1322 777 1361 has
815 1322 1025 1373 angustias
1057 1321 1270 1361 adduxisse
1301 1320 1512 1360 Medorum
1541 1324 1691 1372 praesi-

160 1388 271 1427 dium
310 1388 513 1428 dicantur:
553 1388 699 1439 πρῶτοι
742 1398 827 1426 non
872 1387 1039 1426 laudum
1078 1387 1242 1438 titulus,
1284 1386 1354 1426 sed
1393 1386 1512 1426 inane
1553 1400 1694 1428 versus

159 1453 494 1505 complementum
537 1455 618 1503 est,
666 1464 796 1503 neque
845 1452 1001 1502 patrius
1045 1464 1160 1492 casus
1205 1449 1433 1503 δυσμενέων
1477 1452 1693 1493 offensione

161 1522 282 1568 caret,
313 1518 392 1558 nisi
422 1518 527 1558 forte
559 1518 648 1568 quis
680 1516 885 1557 existimet
909 1517 1223 1557 versificatorem
1254 1516 1505 1556 laborantem
1531 1530 1578 1557 eo
1603 1530 1694 1558 con-

157 1583 331 1636 fugisse,
372 1596 463 1624 cum
502 1579 735 1636 δυσμενέσιν
774 1595 915 1623 versus
955 1583 1020 1623 lex
1057 1582 1300 1634 repudiaret.
1361 1582 1609 1633 Interpretes
1641 1583 1694 1623 ad

158 1650 232 1689 has
263 1649 523 1689 difficultates
553 1661 634 1688 non
670 1647 1058 1694 animadverterunt,
1097 1651 1169 1688 aut
1205 1647 1356 1687 frustra
1393 1660 1599 1688 removere
1630 1661 1694 1690 co-

157 1715 242 1754 nati
267 1716 372 1755 sunt.
434 1714 562 1754 Plana
593 1716 634 1753 et
665 1713 852 1764 expedita
882 1716 945 1754 est
975 1714 1117 1765 oratio,
1148 1714 1218 1753 ubi
1250 1714 1472 1764 scripserit:

266 1803 346 1850 Ἦν
377 1806 453 1862 ἄρα
483 1807 548 1848 καὶ
578 1810 703 1849 κεῖνοι
732 1805 983 1861 ταλακάρδιοι
1013 1806 1059 1849 οἵ
1081 1822 1173 1849 ποτε
1205 1803 1367 1860 Μήδων

334 1873 472 1915 παισὶν
502 1870 565 1915 ἐπ’
594 1869 725 1915 Ἠιόνι
754 1869 985 1927 Στρυμόνος
1015 1869 1118 1927 ἀμφὶ
1149 1869 1258 1927 ῥοάς,

203 1968 205 1970 -
277 1936 391 1993 λιμόν
420 1935 454 1980 τ’
489 1939 648 1980 αἴθωνα
677 1935 865 1991 κρατερόν
894 1934 927 1978 τ’
962 1935 1173 1993 ἐπάγοντες
1192 1935 1321 1992 ’Ἁρηα

335 2002 496 2062 πύργῳ
529 2002 769 2058 δυσμενέων,
800 1997 920 2056 εὗρον
950 2001 1186 2058 ἀμηχανίην.

155 2103 291 2143 Dandi
333 2114 449 2142 casus
492 2096 657 2153 Μήδων
693 2098 830 2140 παισὶν
867 2113 1085 2152 suspensus
1126 2103 1189 2140 est
1225 2113 1249 2139 a
1286 2100 1420 2140 verbis
1463 2100 1689 2140 novissimis

157 2160 275 2220 εὗρον
305 2163 547 2220 ἀμηχανίην,
584 2166 729 2217 quibus
767 2167 984 2206 secundum
1021 2167 1121 2206 artis
1158 2166 1287 2216 leges,
1325 2178 1424 2216 quas
1467 2166 1690 2215 elegiacum

157 2235 318 2284 poetam
349 2233 563 2272 observare
594 2232 770 2282 decebat,
802 2232 1024 2271 absolvitur
1048 2232 1284 2283 primarium
1310 2230 1578 2269 enuntiatum:
1610 2242 1689 2269 me-

159 2297 235 2336 diis
266 2297 330 2336 his
367 2296 501 2336 verbis
540 2295 818 2336 secundarium
854 2296 1124 2345 interiectum,
1162 2299 1335 2346 apteque
1372 2295 1442 2345 qui
1479 2294 1688 2334 castellum

157 2362 363 2403 obsidione
399 2364 603 2412 premunt,
639 2361 788 2401 famem
825 2374 871 2401 ac
914 2362 1085 2401 Martem
1115 2357 1254 2415 πύργῳ
1287 2355 1447 2413 ἐπάγειν
1483 2359 1688 2411 dicuntur3

157 2429 263 2481 quod
294 2426 522 2467 Herodotus
553 2425 631 2465 VII
666 2428 747 2466 107
780 2428 920 2479 τεῖχος,
956 2429 1077 2478 poeta
1112 2422 1266 2479 πύργον
1303 2425 1533 2477 appellavit.
1595 2424 1689 2463 Plu-

156 2493 287 2534 tarchi
318 2494 359 2532 et
390 2491 600 2531 Aeschinis
630 2491 724 2530 libri
755 2492 902 2543 πρῶτοι
933 2493 1151 2540 testantur,
1190 2492 1253 2530 hic
1285 2502 1499 2530 consensus
1538 2490 1686 2540 arguit,

155 2571 237 2599 non
265 2558 451 2598 librarios
482 2569 571 2597 esse
602 2556 830 2607 culpandos,
862 2557 933 2597 sed
962 2557 1311 2606 interpolationem
1343 2556 1465 2595 altius
1505 2567 1594 2594 esse
1625 2567 1685 2594 re-

155 2623 380 2675 petendam.
442 2622 603 2662 Scilicet
642 2622 683 2661 in
722 2624 979 2662 monumento
1024 2633 1113 2660 cum
1154 2621 1255 2660 duae
1296 2621 1362 2660 vel
1398 2623 1482 2659 tres
1525 2620 1686 2660 litterae

157 2691 292 2729 essent
321 2688 487 2728 attritae
521 2690 720 2743 r²{{r01,
751 2686 785 2726 is
817 2687 886 2738 qui
916 2686 1127 2737 descripsit
1163 2698 1339 2736 carmen,
1371 2685 1469 2725 satis
1500 2685 1687 2736 imperite

158 2755 342 2792 ΠΡΟΤΟΙ
370 2754 657 2794 detrimentum
688 2752 900 2803 supplevit.
909 2746 953 2804 ¹⁸⁸)
1015 2750 1156 2802 Neque
1180 2762 1275 2790 vero
1301 2750 1540 2790 Aeschinem
1571 2763 1682 2791 reum

252 2880 287 2926 *)
313 2879 439 2916 Etiam
462 2878 503 2915 in
526 2877 706 2922 disticho,
740 2876 842 2923 quod
866 2876 906 2913 in
938 2875 1127 2923 crepidine
1158 2874 1333 2912 Mercurii
1363 2875 1537 2922 forensis,
1572 2887 1683 2923 quem
