1864 3126
818 147 1018 184 SAPPHO.
1621 148 1678 191 97

862 259 885 284 *
897 257 964 300 23.
1610 269 1679 302 sse
1743 248 1745 250 ¹

222 337 312 383 Καὶ
343 335 505 395 ποθήω
536 336 610 382 καὶ
642 335 823 395 μᾰομαι.

862 459 965 501 *24η

222 538 291 584 Οὔ
321 557 362 584 τι
393 557 468 598 μοι
499 539 650 598 ὔμμες.

807 661 878 705 25.
911 662 1019 716 [η]

206 739 284 796 'As
312 741 459 788 θέλετ’
494 740 645 801 ὔμμες.

146 885 195 922 ab
229 886 398 923 οἴδασθα
423 885 578 932 repetit,
608 885 674 921 sed
698 885 939 922 manifestum
965 887 1040 930 est,
1071 886 1386 932 quemadmodum
1419 885 1587 934 ἔοιγμεν,
1619 887 1680 923 δέ·

146 935 315 980 δοιγμεν,
340 930 529 980 ἄνωγμεν,
553 930 705 986 ἄνωχθι
729 933 806 970 alia
830 933 1016 976 dicuntur,
1042 933 1098 970 ita
1122 934 1237 970 etiam
1263 935 1367 970 verbi
1400 934 1509 981 stirpi
1541 935 1679 971 adhae-

146 1003 291 1030 rescere
325 993 531 1029 clausulam
569 994 768 1037 οἴδ-σθα,
801 992 898 1028 unde
936 993 1074 1029 extrita
1109 995 1133 1029 ὃ
1163 995 1286 1029 ortum
1329 991 1456 1030 οἶσθα.
1506 994 1679 1030 Vicissim

146 1034 251 1087 ἦσθα
276 1040 299 1076 i.
326 1051 358 1076 e.
393 1038 566 1076 ἔα-σθα
597 1040 791 1087 praeteriti
822 1040 1003 1086 temporis
1028 1042 1156 1077 notam
1188 1045 1213 1076 ἅ
1246 1044 1381 1078 servat.
1431 1042 1489 1077 Ad
1521 1042 1678 1078 eundem

146 1087 301 1124 modum
324 1086 399 1123 fuit
423 1088 513 1124 olim
538 1088 576 1124 in
603 1088 776 1134 Sapphus
802 1098 910 1124 versu
936 1088 1116 1135 scriptum
1145 1087 1298 1134 ἔχεσθα,
1318 1100 1414 1134 quae
1434 1088 1606 1134 legitima
1624 1092 1682 1125 est

146 1135 268 1172 forma
291 1135 397 1181 (item
422 1147 482 1182 ap.
509 1136 675 1182 Theogn.
703 1139 813 1181 1316,
846 1135 910 1171 ubi
945 1136 1024 1172 cod.
1053 1135 1230 1182 ἔχοισθα,
1262 1136 1410 1172 Bekker
1436 1135 1610 1182 ἔχεισθα,
1643 1139 1682 1172 et

146 1182 186 1218 in
217 1183 356 1229 hymno
381 1183 488 1219 Hom.
523 1183 561 1219 in
586 1183 667 1219 Cer.
694 1187 764 1219 366
795 1180 1004 1229 σχήσεσθαι,
1034 1183 1099 1219 ubi
1131 1184 1211 1220 cod.
1244 1181 1458 1229 σχήσησθα,
1490 1184 1679 1220 Hermann

146 1242 168 1266 σ
190 1227 355 1276 ἡσεισθα
379 1231 550 1277 correxit,
575 1241 661 1266 nam
688 1230 798 1277 mitto
824 1230 1039 1277 Epicharmi
1064 1242 1212 1267 versum
1237 1243 1296 1276 ap.
1316 1231 1452 1267 Athen.
1473 1232 1540 1267 VII
1567 1236 1636 1268 286
1653 1230 1680 1267 C

167 1279 306 1324 χησθα,
331 1278 397 1324 qui
414 1278 578 1314 nondum
603 1278 643 1314 in
668 1278 857 1324 integrum
882 1278 1101 1324 restitutus).
1134 1279 1212 1314 lam
1237 1279 1393 1323 librarii,
1420 1279 1484 1324 qui
1509 1280 1682 1325 antiquas

145 1324 294 1361 litteras
313 1325 371 1361 sui
391 1325 528 1362 saeculi
549 1325 810 1362 consuetudini
829 1327 1218 1370 accommodaverunt,
1237 1337 1354 1372 prono
1373 1337 1496 1362 errore
1523 1325 1680 1372 ἕχεισθα

148 1372 439 1418 substituerunt,
465 1373 555 1410 item
581 1385 650 1420 pro
677 1371 870 1410 ἐθέλεσθα
895 1372 1074 1420 scripsere
1106 1385 1180 1410 non
1206 1373 1299 1410 satis
1326 1374 1510 1410 constanti
1535 1374 1680 1410 ratione

145 1420 205 1456 usi
229 1417 444 1467 ἐθέλῃσθα,
475 1421 514 1456 id
547 1421 646 1467 quod
679 1420 900 1457 Theocritus
932 1423 1081 1459 secutus
1113 1423 1180 1457 est.
1230 1420 1424 1457 Traditam
1456 1421 1680 1467 scripturam

147 1479 244 1514 quae
268 1479 381 1514 quam
406 1469 457 1505 sit
479 1469 624 1505 incerta
647 1469 831 1505 librorum
847 1468 1010 1504 varietas
1032 1467 1166 1515 arguit,
1187 1468 1242 1504 ita
1260 1469 1411 1504 demum
1431 1469 1551 1515 possis
1570 1468 1680 1515 tueri,

147 1526 180 1562 si
213 1527 448 1563 revocaveris
483 1527 531 1563 ad
565 1527 763 1563 verborum
797 1527 1087 1564 declinationem
1122 1527 1160 1563 in
1186 1541 1245 1574 μι,
1280 1539 1439 1573 quorum
1472 1528 1680 1564 clausulam

146 1573 262 1621 longa
287 1574 429 1611 vocalis
455 1575 515 1611 vel
540 1574 795 1621 diphthongus
826 1574 923 1611 solet
952 1575 1184 1612 antecedere.
1228 1576 1278 1611 At
1309 1573 1414 1621 ἔχησι
1445 1574 1617 1621 aliaeque
1642 1575 1681 1611 id

147 1633 264 1667 genus
295 1622 489 1658 indicativi
519 1621 663 1658 formae
695 1633 791 1668 quae
828 1622 1073 1668 perhibentur
1110 1623 1312 1658 admodum
1351 1623 1437 1658 sunt
1474 1624 1679 1669 suspectae,

148 1668 234 1706 vide
259 1680 356 1715 quae
381 1668 431 1706 ad
462 1669 566 1714 Ibyci
598 1669 641 1707 fr.
669 1674 688 1705 '¹1
721 1669 923 1716 disputavi.
974 1671 1052 1706 Iam
1083 1681 1179 1716 quae
1211 1673 1409 1716 supersunt
1439 1670 1548 1706 huius
1580 1671 1679 1706 clau-

148 1728 252 1766 sulae
276 1720 355 1765 σῙῙα
381 1729 568 1775 exempla,
589 1728 737 1765 facilem
764 1729 905 1765 habent
929 1729 1174 1776 explicatum:
1208 1741 1296 1766 nam
1321 1739 1440 1775 neque
1466 1741 1512 1765 ea
1535 1741 1680 1766 moran-

147 1790 219 1833 tur,
245 1799 343 1834 quae
367 1799 392 1824 a
416 1788 539 1824 verbis
563 1787 603 1824 in
622 1780 668 1834 μι
693 1788 915 1824 cadentibus
941 1788 1186 1833 descendunt,
1218 1789 1323 1825 velut
1347 1786 1596 1834 ποθόρησθα,
1624 1790 1679 1824 δι’·

146 1836 289 1872 δοισθα
326 1836 442 1881 (quod
479 1837 623 1872 veteres
660 1835 898 1882 grammatici
933 1838 1035 1873 recte
1071 1836 1238 1872 referunt
1273 1836 1322 1872 ad
1358 1836 1542 1872 aeolicam
1576 1836 1681 1872 verbi

146 1883 303 1929 figuram
316 1884 488 1929 δίδοιμι),
507 1893 629 1929 neque
649 1883 1027 1929 plusquamperfecta‚
1048 1884 1153 1920 velut
1167 1883 1447 1938 Archilochium
1467 1880 1680 1929 ἠρήρησθα,

146 1941 268 1986 ”⁹³⁰⁶
293 1930 654 2014 zethei&
664 1933 747 2014 13¹2:
774 1931 1680 2015 ffiissfftsslimffiuffidssffiffff{nfffissnhfflffii

146 1989 219 2061 ἲίῗι
271 1989 426 2071 ugaique
451 1989 637 2062 aeolicgum
662 2028 813 2071 φαῖσθα
838 2025 908 2068 (ita
928 2026 1031 2061 enim
1056 2037 1124 2071 pro
1150 2025 1280 2071 φέσθα
1311 2026 1412 2072 apud
1439 2025 1679 2072 Apollonium

148 2071 262 2119 Soph.
288 2077 364 2116 162,
382 2077 429 2109 26
453 2073 713 2119 corrigendum
739 2084 820 2109 esse
845 2074 921 2109 iam
941 2074 1031 2109 olim
1049 2073 1088 2109 in
1113 2074 1294 2110 addendis
1319 2074 1461 2119 monui)
1483 2073 1679 2108 Homerico

150 2120 330 2156 δίδοισθα
356 2120 585 2167 aequiperat.
635 2121 689 2157 Cf.
717 2132 814 2167 quae
840 2120 919 2156 dixi
945 2121 994 2157 ad
1021 2121 1160 2167 Sapph.
1186 2121 1229 2157 fr.
1257 2125 1314 2157 32.

242 2191 301 2228 Fr.
328 2195 385 2228 28.
435 2191 484 2227 Et
507 2191 557 2227 M.
582 2195 664 2236 485,
690 2195 756 2228 45:
790 2189 842 2228 Οἱ
869 2190 1022 2233 Αἰολεῖς.
1050 2220 1059 2229 .
1081 2220 1088 2228 .
1109 2221 1117 2228 .
1144 2188 1289 2238 ἄδικήω
1321 2192 1502 2238 (sequitur
1527 2191 1679 2236 Sappho

147 2237 191 2274 fr.
220 2242 252 2283 1,
278 2240 338 2282 20)
364 2266 373 2274 .
393 2268 402 2276 .
423 2267 431 2275 .
457 2237 610 2285 ποθέω,
635 2236 791 2286 ποθήω,
829 2238 928 2275 οἷον·
966 2239 1032 2275 καὶ
1068 2252 1106 2275 π.
1133 2253 1166 2275 κ.
1220 2237 1360 2285 ἄχομαι
1391 2237 1477 2283 (ΟΜ
1508 2235 1678 2284 μάομαι).

148 2283 290 2322 Eadem
314 2285 374 2321 Et.
399 2285 494 2322 Gud.
519 2289 603 2332 294,
627 2290 675 2323 40
698 2286 764 2323 ubi
788 2284 944 2333 μάομαι.
994 2287 1153 2323 Videtur
1205 2287 1347 2333 apphus
1372 2297 1464 2322 esse.

242 2355 301 2392 Fr.
327 2359 374 2391 24
399 2358 439 2392 et
463 2359 520 2392 25.
570 2357 744 2403 Apollon.
771 2357 818 2393 de
843 2369 946 2403 pron.
974 2361 1043 2394 3⁷9
1058 2358 1103 2393 B:
1130 2355 1268 2404 Ὑμεῖς.
1296 2385 1304 2393 .
1326 2385 1334 2393 .
1355 2386 1362 2394 .
1391 2355 1534 2397 Αἰολεῖς
1559 2353 1680 2411 ὔμμες

99 2422 104 2427 ·
148 2399 195 2440 οὔ
218 2404 259 2438 τί
279 2416 343 2450 μοι
368 2400 497 2450 ὔμμες.
523 2399 571 2444 ἃς
592 2400 722 2440 θέλετ’
749 2401 871 2451 ὔμμες
895 2402 937 2441 ἐν
963 2405 1162 2453 δευτέρῳ
1189 2401 1349 2450 Σαπφώ.
1390 2404 1558 2449 Apparet
1575 2415 1679 2448 prius

148 2451 192 2486 fr.
219 2462 293 2487 non
317 2462 398 2487 esse
424 2451 661 2487 Homericum
686 2451 728 2487 11.
755 2464 779 2487 α
805 2455 887 2496 336,
914 2452 980 2488 sed
1005 2455 1203 2497 utrumque
1228 2452 1262 2487 fr
1352 2452 1478 2487 entum
1507 2450 1679 2496 Sapphus

147 2509 193 2534 ex
217 2498 348 2534 eodem
367 2498 463 2534 libro
483 2504 526 2534 ut
545 2498 704 2543 videtur,
729 2499 795 2534 sed
822 2510 906 2534 cnm
932 2500 1132 2544 utrumque
1158 2499 1266 2535 colon
1319 2498 1422 2535 donii
1442 2497 1603 2543 speciem
1624 2509 1678 2533 re-

149 2544 257 2591 ferat,
276 2546 370 2582 haec
388 2546 485 2582 libro
504 2547 520 2581 I
539 2546 665 2592 potius
683 2556 795 2590 quam
815 2546 849 2581 II
869 2546 1090 2583 ascribenda
1115 2558 1195 2582 esse
1215 2546 1426 2592 suspicaris.
1459 2547 1510 2580 At
1527 2548 1681 2591 possunt

148 2593 222 2629 hae
239 2592 420 2639 reliquiae
446 2593 622 2630 carminis
645 2603 737 2637 esse,
763 2593 869 2629 cuius
894 2605 1022 2630 versus
1048 2594 1245 2639 geminatis
1266 2593 1420 2629 Adoniis
1446 2592 1679 2636 constabant,

148 2640 253 2676 velut
276 2641 322 2677 fr.
348 2644 405 2677 2⁶1.
455 2642 656 2677 Praeterea
679 2640 756 2675 iam
782 2651 895 2687 supra
918 2641 1047 2677 monui
1072 2641 1337 2687 grammaticos
1362 2640 1440 2675 fere
1466 2639 1542 2674 alia
1567 2650 1677 2684 quam

148 2686 323 2725 metricos
347 2688 561 2725 recensione
587 2699 674 2723 usus
699 2698 791 2724 esse.
819 2708 864 2714 -
889 2683 946 2732 ἃς,
971 2688 1117 2724 Ahrens
1142 2682 1189 2729 ἇς
1213 2688 1235 2723 i.
1263 2699 1293 2724 e.
1322 2686 1391 2728 ἕως
1415 2686 1582 2731 requirit.

242 2759 302 2796 Fr.
327 2763 383 2797 26.
433 2759 569 2796 Athen.
603 2758 687 2793 XIII
719 2757 848 2794 ⁶990:
880 2756 1104 2804 Χαμαιλέων
1138 2754 1176 2793 δ’
1217 2755 1258 2793 ἐν
1290 2758 1339 2805 τῷ
1371 2759 1458 2803 περὶ
1490 2757 1678 2802 Σαπφοῦς

148 2805 213 2842 καὶ
245 2804 369 2853 λέγειν
398 2803 503 2848 τινάς
534 2818 649 2853 φησιν
681 2804 736 2846 εἰς
765 2801 885 2851 αὖτὴν
915 2805 1150 2850 πεποιῆσθαι
1182 2802 1249 2840 ὑπ’
1280 2801 1540 2851 Ἀνακρέοντος
1569 2802 1678 2840 τάδε·

148 2854 303 2902 Σφαίρῃ
328 2847 441 2901 δηῦτε
475 2857 550 2891 κτλ.
587 2882 595 2890 .
616 2882 623 2890 .
646 2881 653 2889 .
679 2852 744 2889 καὶ
775 2850 843 2899 τὴν
875 2849 1027 2897 Σαπφώ
1062 2850 1104 2887 δὲ
1138 2851 1232 2898 πρὸς
1261 2848 1379 2888 αὐτὸν
1410 2850 1529 2888 ταῦτά
1562 2863 1678 2898 φησιν

149 2898 286 2936 εἰπεῖν·
326 2905 483 2938 κεῖνον
517 2904 591 2938 κτλ.
630 2929 637 2936 .
661 2928 698 2937 ..
728 2897 820 2936 Ὅτι
858 2899 907 2935 δὲ
946 2895 1027 2935 οὔκ
1066 2898 1161 2935 ἔστι
1199 2900 1421 2944 Σαπφοῦς
1457 2900 1591 2936 τοῦτο
1629 2899 1674 2934 τὸ

221 2966 352 2993 Pon-u
369 2967 447 2993 lara.
465 2966 524 2993 111.
1373 2961 1393 2994 '2
