1864 3126
195 150 282 193 250
522 184 524 188 .
611 185 614 187 ,
757 151 950 189 ΡΟΕΤΑΕ
975 153 1155 191 MELICI.

851 261 1058 315 46.[30]

314 345 401 384 Soh.
426 345 550 385 Arist.
576 346 679 386 Nub.
709 348 838 387 1050:
860 343 1018 399 ’Ίβυκός
1043 358 1141 399 φησι
1171 343 1240 387 τὸν
1257 344 1482 398 ’Ἡφαιστου
1511 345 1608 389 κατὰ
1639 349 1712 390 δω-

194 405 288 459 ρεὰν
327 405 548 450 ἀναδοῦναι
582 406 770 462 Ἡρακλεῖ
807 408 977 464 λουτρὰ
1015 414 1208 464 θερμῶν
1250 408 1455 464 ὖδοὶτων,
1481 412 1533 462 ’ἐξ
1573 406 1631 454 ὧν
1668 410 1715 454 τὰ

194 470 322 526 θερμὰ
353 473 453 522 τινές
484 487 606 526 φασιν
632 471 841 527 Ἡράκλεια
871 475 1062 530 λέγεσθαι.

851 605 920 647 47.
953 605 1058 658 [35]

313 693 457 733 Strabo
484 694 541 732 VI
569 696 670 734 271:
697 691 880 746 Ἀλφειὸν
911 694 954 736 δὲ
979 697 1133 744 Ζωΐλος
1165 692 1185 737 ὁ
1217 693 1344 750 ῥήτωρ
1376 695 1419 736 ἕν
1442 699 1495 752 τῷ
1523 697 1716 738 Τενεδίων

193 755 370 810 ἐγκωμίῳ
403 756 526 809 φησὶν
556 757 598 798 ἔκ
633 758 802 800 Τενέδου
834 760 936 813 ῥεῖν,
974 758 995 802 ὅ
1031 758 1099 802 τὸν
1123 758 1300 814 θὈμηρον
1337 760 1474 815 ψέγων
1505 757 1715 814 ὦςχμυθο-

193 817 361 876 γράφον.
413 821 572 876 Ἴβυκος
598 822 641 863 δὲ
665 820 735 865 τὸν
760 823 803 864 ἐν
827 828 1004 866 Σικυῶνι
1024 823 1205 867 Ἀσωπὸν
1230 826 1273 866 ἐκ
1300 827 1474 879 Φρυγίας
1499 827 1581 881 ῥεῖν
1606 828 1715 880 φησί.

855 953 1064 1008 48.[36]

311 1049 477 1088 Pausan.
510 1049 549 1087 II
584 1051 620 1098 6,
647 1046 690 1088 5⁴:
722 1052 912 1090 Σικυῶνα
943 1049 985 1091 δὲ
1018 1047 1066 1092 οὐ
1100 1054 1362 1104 Μαραθῶνος
1392 1054 1461 1092 τοῦ
1488 1048 1715 1103 Ἐπωπέως,

191 1113 409 1164 Μητίωνος
446 1111 491 1153 δὲ
529 1110 629 1154 εἶναι
668 1117 738 1155 τοῦ
775 1111 990 1168 Ἐρεχθέως
1033 1117 1173 1167 φασίν·
1214 1112 1398 1169 ὁμολογεῖ
1429 1115 1472 1156 δέ
1510 1129 1620 1168 σφισι
1649 1117 1716 1158 καὶ

179 1174 327 1228 ’Ἀσιος,
358 1177 441 1218 ἐπεὶ
465 1174 653 1227 θΗσίοδός
683 1194 721 1219 τε
752 1179 818 1220 καὶ
837 1178 997 1233 Ἴβυκος
1028 1177 1049 1221 ὁ
1081 1179 1151 1233 μὲν
1182 1180 1386 1232 ἐποίησεν,
1418 1177 1471 1229 ὡς
1498 1178 1715 1235 Ἐρεχθέως

191 1242 251 1294 εἴη
282 1240 456 1296 Σικυών,
477 1241 638 1296 Ἴβυκος
669 1243 712 1285 δὲ
744 1241 844 1285 εἶναι
876 1243 1055 1294 Πέλοπός
1086 1257 1210 1298 φησιν
1241 1242 1373 1286 αὐτόν.

920 1374 990 1416 49.

309 1468 563 1508 Philodemus
594 1469 681 1521 περὶ
713 1466 909 1523 εὐσεβείας
934 1485 970 1521 p.
1007 1473 1058 1510 18
1092 1471 1152 1511 ed.
1185 1471 1379 1522 Gomperz
1411 1466 1519 1526 (Vol.
1552 1472 1715 1512 Hercul.

193 1534 281 1572 coll.
301 1547 337 1572 n.
358 1529 512 1586 1146):
546 1531 740 1587 Αἰσχύλος
772 1532 809 1575 δ’
844 1533 906 1589 (ἐν
938 1530 1075 1590 Φινεῖ)
1107 1534 1172 1575 καὶ
1198 1525 1395 1590 Εἴβυ(κος
1419 1535 1485 1576 καὶ
1513 1532 1714 1591 Τε)λε’στης

191 1593 412 1652 (ποιοῦσιν)
442 1596 510 1647 τὰς
534 1595 742 1652 Ἆρπ<υίας
782 1596 1057 1655 θνησκ)ούσας
1092 1596 1189 1654 ὖπ(ὸ
1227 1605 1304 1642 τῶν
1342 1600 1491 1654 Βορέου
1527 1596 1714 1656 παί)δων.

190 1663 249 1702 ita
281 1663 475 1714 Gomperz
506 1665 717 1716 supplevit.

919 1781 987 1825 50.

310 1836 568 1906 Choercssbose.
599 1867 619 1905 I
653 1869 756 1907 279:
800 1864 911 1918 Αὕτη
955 1862 980 1918 ἡ
1025 1864 1232 1919 αἰτιατική,
1277 1867 1379 1919 φημὶ
1424 1865 1467 1907 δὲ
1502 1864 1528 1920 ἡ
1566 1868 1714 1908 ἴκτινον

189 1924 286 1967 κατὰ
327 1927 597 1982 μεταπλασμὸν
637 1930 772 1984 γέγονε
812 1933 950 1982 ἴκτινα,
982 1962 991 1971 .
1012 1964 1020 1972 .
1042 1964 1050 1972 .
1083 1929 1211 1983 ὥσπερ
1251 1928 1452 1984 ἆλίτροχον
1490 1929 1714 1986 ἆλίτροχα

189 1989 282 2046 παρ’
324 1991 465 2049 Ἰβύκῳ
509 1992 611 2046 (cod.
653 1998 772 2037 Marc.
813 1998 1036 2050 παρίβυκον
1075 1991 1307 2050 παριβυκα).
1369 1997 1426 2036 Cf.
1468 1997 1597 2036 Cram.
1637 1998 1711 2037 An.

191 2059 262 2099 Ox.
292 2060 312 2098 I
346 2058 441 2109 271,
476 2063 511 2099 2.

919 2153 988 2197 51.

308 2239 371 2279 Et.
406 2239 516 2277 Sorb.
550 2239 611 2289 ab.
643 2239 766 2279 Gaisf.
799 2241 863 2280 Et.
896 2241 947 2279 M.
980 2242 1078 2290 387,
1104 2242 1178 2278 42:
1203 2235 1247 2278 ‘O
1277 2237 1320 2278 δὲ
1344 2234 1592 2290 (Ηρωδιανὸς
1622 2251 1711 2278 συν-

189 2303 336 2342 τίθεται
367 2300 507 2358 πρώτῳ
540 2302 799 2357 ἐτυμολογιῶν
831 2301 954 2352 οῧτως
985 2303 1124 2358 λέγων·
1160 2300 1212 2344 Τὸ
1244 2299 1337 2355 παρ’
1365 2299 1520 2358 Ὁμήρῳ
1553 2300 1712 2344 ἐτώσιον

189 2365 289 2416 τινὲς
320 2368 468 2408 οἴονται
508 2364 614 2419 παρὰ
651 2364 693 2408 τὸ
732 2367 828 2408 ἐτῶν
865 2366 1042 2420 ἐτώσιον,
1079 2365 1176 2409 ἀλλὰ
1214 2365 1372 2422 μάχεται
1403 2365 1424 2408 ὁ
1456 2370 1567 2416 νοῦς·
1599 2368 1641 2408 οἷ
1668 2365 1711 2407 δὲ

190 2429 330 2481 οὕτως·
371 2429 522 2484 ἆήτων,
559 2429 768 2484 ἆητῶσιος,
801 2424 975 2489 ’συστολῇ
1015 2431 1244 2474 ἆετώσιον
1284 2430 1378 2487 παρ’
1407 2430 1566 2489 Ἰβύκῳ·
1597 2435 1710 2473 τοῦτο

190 2494 394 2550 ἀφαιρέσει
425 2495 578 2549 ἐτήσιον
611 2494 858 2553 (ἐτώσιον).
918 2495 944 2551 ἢ
977 2496 1116 2547 οὕτως·
1148 2499 1244 2548 ἔτος,
1274 2496 1396 2549 ἀετός,
1427 2495 1562 2548 ἆέτων,
1593 2494 1711 2537 ἀετώ-

192 2575 287 2614 σιος,
319 2559 340 2603 ὃ
372 2559 424 2615 μὴ
457 2559 613 2614 ἀληθὴς
643 2559 740 2602 ἄλλα
771 2560 942 2615 μάταιος.
993 2564 1051 2603 Cf.
1083 2565 1204 2604 etiam
1235 2565 1300 2605 Et.
1331 2565 1383 2604 M.
1417 2566 1483 2615 20,
1517 2565 1582 2604 13.
1632 2563 1711 2602 He-

190 2629 295 2678 sych.
341 2643 377 2668 v.
421 2624 619 2668 ἀετώσιον.
679 2629 743 2668 Et.
789 2629 890 2669 Gud.
935 2631 1038 2679 215,
1077 2632 1144 2670 26.
1204 2630 1383 2680 Denique
1425 2629 1553 2668 Schol.
1594 2629 1709 2667 Hom.

191 2693 237 2731 Il.
269 2695 308 2731 A
342 2695 423 2733 133
463 2694 513 2732 ab
552 2693 688 2732 eadem
728 2694 852 2744 stirpe
889 2695 1036 2744 repetit
1072 2691 1217 2743 αὔτως,
1255 2690 1337 2742 ἐτὸς
1373 2689 1395 2733 ὁ
1431 2689 1587 2744 ἀληθής
1618 2723 1627 2732 .
1659 2723 1668 2732 .
1701 2723 1709 2731 .

191 2756 257 2796 καὶ
300 2753 392 2808 μετὰ
435 2760 504 2798 τοῦ
541 2760 763 2809 στερητικοῦ
800 2761 827 2797 ἆ
862 2755 972 2806 ὄὲετος
1008 2791 1016 2798 .
1050 2789 1059 2797 .
1091 2790 1100 2799 .
1137 2754 1179 2799 τὸ
1215 2753 1484 2810 πληθυντικὸν
1520 2757 1561 2796 οἱ
1594 2753 1711 2807 ὁὶετοι,

185 2817 319 2862 α’έτων
350 2820 416 2861 καὶ
447 2821 486 2869 ἐξ
518 2819 639 2863 αὐτοῦ
670 2822 864 2874 ἐπίρρημα
895 2820 1101 2875 μεσότητος
1137 2820 1256 2871 ἆέτως
1294 2821 1360 2862 καὶ
1395 2818 1528 2872 κράσει
1563 2824 1633 2861 τοῦ
1664 2821 1710 2862 (ιι-ε

191 2886 245 2933 εἰς
275 2882 347 2937 τὴν
378 2885 428 2923 α-υ
461 2887 685 2940 δίφθογγον
715 2884 852 2935 αὕτως.
884 2911 939 2915 -
971 2889 1238 2928 Probabiliter
1275 2888 1325 2926 ad
1357 2888 1522 2938 Ibycum
1552 2888 1711 2926 rettulit

1738 2437 1827 2468 1009
