<?xml version="1.0" encoding="UTF-8"?>
<!DOCTYPE html PUBLIC "-//W3C//DTD XHTML 1.0 Transitional//EN"
    "http://www.w3.org/TR/xhtml1/DTD/xhtml1-transitional.dtd">
<html xmlns="http://www.w3.org/1999/xhtml" xml:lang="en" lang="en">
 <head>
  <title>
</title>
<meta http-equiv="Content-Type" content="text/html;charset=utf-8" />
  <meta name='ocr-system' content='tesseract 3.04.00' />
  <meta name='ocr-capabilities' content='ocr_page ocr_carea ocr_par ocr_line ocrx_word'/>
</head>
<body>
  <div class='ocr_page' id='page_1' title='image "./poetaelyricigrae03berguoft_0514.png"; bbox 0 0 1864 3126; ppageno 0'>
   <div class='ocr_carea' id='block_1_1' title="bbox 156 121 1111 191">
    <p class='ocr_par' dir='ltr' id='par_1_1' title="bbox 156 121 1111 191">
     <span class='ocr_line' id='line_1_1' title="bbox 156 121 1111 191; baseline -0.004 0"><span class='ocrx_word' id='word_1_1' title='bbox 156 147 244 191; x_wconf 83' lang='lat'><em>504</em></span> <span class='ocrx_word' id='word_1_2' title='bbox 485 149 487 153; x_wconf 87' lang='lat'>·</span> <span class='ocrx_word' id='word_1_3' title='bbox 716 121 911 186; x_wconf 54' lang='lat' dir='ltr'><strong>POETA&amp;</strong></span> <span class='ocrx_word' id='word_1_4' title='bbox 935 149 1111 187; x_wconf 62' lang='lat' dir='ltr'>Mamer</span> 
     </span>
    </p>
   </div>
   <div class='ocr_carea' id='block_1_2' title="bbox 252 259 1471 614">
    <p class='ocr_par' dir='ltr' id='par_1_2' title="bbox 252 259 1471 614">
     <span class='ocr_line' id='line_1_2' title="bbox 876 259 973 302; baseline 0.021 -2"><span class='ocrx_word' id='word_1_5' title='bbox 876 259 973 302; x_wconf 87' lang='grc'><strong>164.</strong></span> 
     </span>
     <span class='ocr_line' id='line_1_3' title="bbox 252 335 1471 399; baseline 0.003 -17"><span class='ocrx_word' id='word_1_6' title='bbox 252 338 396 396; x_wconf 82' lang='grc' dir='ltr'><em>Εὔχεο</em></span> <span class='ocrx_word' id='word_1_7' title='bbox 429 347 526 390; x_wconf 85' lang='grc' dir='ltr'><em>σοῖς</em></span> <span class='ocrx_word' id='word_1_8' title='bbox 557 337 766 396; x_wconf 79' lang='grc' dir='ltr'><em>δώροισι,</em></span> <span class='ocrx_word' id='word_1_9' title='bbox 797 338 985 396; x_wconf 86' lang='grc' dir='ltr'><em>Κύτων,</em></span> <span class='ocrx_word' id='word_1_10' title='bbox 1017 339 1131 385; x_wconf 83' lang='grc' dir='ltr'><em>θεὸν</em></span> <span class='ocrx_word' id='word_1_11' title='bbox 1163 335 1250 386; x_wconf 71' lang='grc' dir='ltr'><em>ὦδε</em></span> <span class='ocrx_word' id='word_1_12' title='bbox 1280 343 1471 399; x_wconf 85' lang='grc' dir='ltr'><em>χαρῆναι</em></span> 
     </span>
     <span class='ocr_line' id='line_1_4' title="bbox 295 406 1288 469; baseline 0.004 -17"><span class='ocrx_word' id='word_1_13' title='bbox 295 412 522 465; x_wconf 82' lang='grc' dir='ltr'><em>Λητοίὸην</em></span> <span class='ocrx_word' id='word_1_14' title='bbox 554 406 721 466; x_wconf 74' lang='grc' dir='ltr'><em>ἀγορῆς</em></span> <span class='ocrx_word' id='word_1_15' title='bbox 750 409 1018 468; x_wconf 78' lang='grc' dir='ltr'><em>καλλιχόρου</em></span> <span class='ocrx_word' id='word_1_16' title='bbox 1048 410 1288 469; x_wconf 79' lang='grc' dir='ltr'><em>πρύτανιν,</em></span> 
     </span>
     <span class='ocr_line' id='line_1_5' title="bbox 253 477 1442 540; baseline 0.005 -18"><span class='ocrx_word' id='word_1_17' title='bbox 253 477 398 537; x_wconf 75' lang='grc' dir='ltr'><em>ὥσπερ</em></span> <span class='ocrx_word' id='word_1_18' title='bbox 430 477 517 523; x_wconf 81' lang='grc' dir='ltr'><em>ὑπὸ</em></span> <span class='ocrx_word' id='word_1_19' title='bbox 550 481 707 533; x_wconf 83' lang='grc' dir='ltr'><em>ξείνων</em></span> <span class='ocrx_word' id='word_1_20' title='bbox 738 497 783 524; x_wconf 81' lang='grc' dir='ltr'><em>τε</em></span> <span class='ocrx_word' id='word_1_21' title='bbox 815 480 888 524; x_wconf 89' lang='grc' dir='ltr'><em>καὶ</em></span> <span class='ocrx_word' id='word_1_22' title='bbox 921 484 967 525; x_wconf 84' lang='grc' dir='ltr'><em>οἳ</em></span> <span class='ocrx_word' id='word_1_23' title='bbox 994 485 1173 526; x_wconf 86' lang='grc' dir='ltr'><em>ναίουσι</em></span> <span class='ocrx_word' id='word_1_24' title='bbox 1204 482 1442 540; x_wconf 82' lang='grc' dir='ltr'><em>Κόρινθον</em></span> 
     </span>
     <span class='ocr_line' id='line_1_6' title="bbox 256 546 1398 614; baseline 0.005 -21"><span class='ocrx_word' id='word_1_25' title='bbox 256 609 259 614; x_wconf 26' lang='lat'><strong>¹</strong></span> <span class='ocrx_word' id='word_1_26' title='bbox 313 548 443 594; x_wconf 86' lang='grc' dir='ltr'><em>αἶνον</em></span> <span class='ocrx_word' id='word_1_27' title='bbox 476 552 586 606; x_wconf 80' lang='grc' dir='ltr'><strong><em>ἔχεις</em></strong></span> <span class='ocrx_word' id='word_1_28' title='bbox 616 554 829 607; x_wconf 84' lang='grc' dir='ltr'><em>χαρίτων,</em></span> <span class='ocrx_word' id='word_1_29' title='bbox 862 546 955 595; x_wconf 83' lang='grc' dir='ltr'><em>αἷσι</em></span> <span class='ocrx_word' id='word_1_30' title='bbox 985 551 1118 596; x_wconf 86' lang='grc' dir='ltr'><em>πόλιν</em></span> <span class='ocrx_word' id='word_1_31' title='bbox 1150 563 1398 611; x_wconf 81' lang='grc' dir='ltr'><em>στεφανοῖς.</em></span> 
     </span>
    </p>
   </div>
   <div class='ocr_carea' id='block_1_3' title="bbox 247 659 1742 903">
    <p class='ocr_par' dir='ltr' id='par_1_3' title="bbox 247 659 1742 903">
     <span class='ocr_line' id='line_1_7' title="bbox 789 659 1742 713; baseline 0.005 -12"><span class='ocrx_word' id='word_1_32' title='bbox 789 659 885 702; x_wconf 87' lang='grc'><strong>165.</strong></span> <span class='ocrx_word' id='word_1_33' title='bbox 918 660 1052 713; x_wconf 64' lang='grc'>[225]</span> <span class='ocrx_word' id='word_1_34' title='bbox 1590 673 1681 706; x_wconf 88' lang='lat'>1180</span> <span class='ocrx_word' id='word_1_35' title='bbox 1738 687 1742 689; x_wconf 17' lang='grc' dir='ltr'><strong>Α</strong></span> 
     </span>
     <span class='ocr_line' id='line_1_8' title="bbox 247 733 1040 798; baseline 0.003 -15"><span class='ocrx_word' id='word_1_36' title='bbox 247 733 329 783; x_wconf 83' lang='grc' dir='ltr'><em>Ἦν</em></span> <span class='ocrx_word' id='word_1_37' title='bbox 361 737 518 784; x_wconf 79' lang='grc' dir='ltr'><em>ἑκατὸν</em></span> <span class='ocrx_word' id='word_1_38' title='bbox 550 738 707 797; x_wconf 79' lang='grc' dir='ltr'><em>φιάλαι</em></span> <span class='ocrx_word' id='word_1_39' title='bbox 739 742 841 797; x_wconf 81' lang='grc' dir='ltr'><em>δίχα</em></span> <span class='ocrx_word' id='word_1_40' title='bbox 873 744 1040 798; x_wconf 83' lang='grc' dir='ltr'><em>σφίσιν.</em></span> 
     </span>
     <span class='ocr_line' id='line_1_9' title="bbox 791 848 1056 903; baseline 0.008 -13"><span class='ocrx_word' id='word_1_41' title='bbox 791 848 885 891; x_wconf 84' lang='lat'><strong>166.</strong></span> <span class='ocrx_word' id='word_1_42' title='bbox 918 849 1056 903; x_wconf 71' lang='lat'>[226]</span> 
     </span>
    </p>
   </div>
   <div class='ocr_carea' id='block_1_4' title="bbox 159 927 1689 1377">
    <p class='ocr_par' dir='ltr' id='par_1_4' title="bbox 159 927 1689 1377">
     <span class='ocr_line' id='line_1_10' title="bbox 279 927 1685 990; baseline 0.004 -16"><span class='ocrx_word' id='word_1_43' title='bbox 279 934 408 974; x_wconf 88' lang='lat' dir='ltr'>Schol.</span> <span class='ocrx_word' id='word_1_44' title='bbox 427 934 540 973; x_wconf 88' lang='lat' dir='ltr'>Pind.</span> <span class='ocrx_word' id='word_1_45' title='bbox 559 934 674 974; x_wconf 90' lang='lat' dir='ltr'>Nem.</span> <span class='ocrx_word' id='word_1_46' title='bbox 693 934 773 973; x_wconf 89' lang='lat' dir='ltr'><em>VH</em></span> <span class='ocrx_word' id='word_1_47' title='bbox 795 937 838 974; x_wconf 87' lang='lat'><em>1:</em></span> <span class='ocrx_word' id='word_1_48' title='bbox 866 927 1145 987; x_wconf 81' lang='grc' dir='ltr'><em>Ἀριστόὸημος</em></span> <span class='ocrx_word' id='word_1_49' title='bbox 1170 933 1213 975; x_wconf 78' lang='grc' dir='ltr'><em>δὲ</em></span> <span class='ocrx_word' id='word_1_50' title='bbox 1238 931 1259 977; x_wconf 85' lang='grc' dir='ltr'><strong>ὅ</strong></span> <span class='ocrx_word' id='word_1_51' title='bbox 1279 932 1532 990; x_wconf 78' lang='grc' dir='ltr'><em>Ἀριστάρχου</em></span> <span class='ocrx_word' id='word_1_52' title='bbox 1557 941 1685 990; x_wconf 80' lang='grc' dir='ltr'><em>μαθη-</em></span> 
     </span>
     <span class='ocr_line' id='line_1_11' title="bbox 159 992 1688 1057; baseline 0.003 -19"><span class='ocrx_word' id='word_1_53' title='bbox 159 996 228 1051; x_wconf 84' lang='grc' dir='ltr'><em>τὴς</em></span> <span class='ocrx_word' id='word_1_54' title='bbox 258 998 409 1052; x_wconf 84' lang='grc' dir='ltr'><em>βέλτιον</em></span> <span class='ocrx_word' id='word_1_55' title='bbox 442 996 544 1039; x_wconf 72' lang='grc' dir='ltr'><em>οὕτω</em></span> <span class='ocrx_word' id='word_1_56' title='bbox 577 999 716 1051; x_wconf 85' lang='grc' dir='ltr'><em>φησίν·</em></span> <span class='ocrx_word' id='word_1_57' title='bbox 749 992 827 1050; x_wconf 76' lang='grc' dir='ltr'><em>ὀψέ</em></span> <span class='ocrx_word' id='word_1_58' title='bbox 855 1014 947 1040; x_wconf 85' lang='grc' dir='ltr'><em>ποτε</em></span> <span class='ocrx_word' id='word_1_59' title='bbox 977 1002 1029 1054; x_wconf 82' lang='grc' dir='ltr'><em>τῷ</em></span> <span class='ocrx_word' id='word_1_60' title='bbox 1064 1000 1257 1057; x_wconf 79' lang='grc' dir='ltr'><em>Θεαρίωνι</em></span> <span class='ocrx_word' id='word_1_61' title='bbox 1287 1000 1354 1041; x_wconf 83' lang='grc' dir='ltr'><em>καὶ</em></span> <span class='ocrx_word' id='word_1_62' title='bbox 1383 998 1490 1054; x_wconf 74' lang='grc' dir='ltr'><em>παρὰ</em></span> <span class='ocrx_word' id='word_1_63' title='bbox 1513 998 1585 1054; x_wconf 80' lang='grc' dir='ltr'><em>τὴν</em></span> <span class='ocrx_word' id='word_1_64' title='bbox 1609 998 1688 1055; x_wconf 79' lang='grc' dir='ltr'><em>ἡλι-</em></span> 
     </span>
     <span class='ocr_line' id='line_1_12' title="bbox 159 1058 1688 1120; baseline 0.003 -17"><span class='ocrx_word' id='word_1_65' title='bbox 159 1064 250 1104; x_wconf 87' lang='grc' dir='ltr'><em>κίαν</em></span> <span class='ocrx_word' id='word_1_66' title='bbox 279 1058 495 1116; x_wconf 79' lang='grc' dir='ltr'><em>προήκοντι</em></span> <span class='ocrx_word' id='word_1_67' title='bbox 527 1060 724 1119; x_wconf 79' lang='grc' dir='ltr'><em>εὐξαμένῳ</em></span> <span class='ocrx_word' id='word_1_68' title='bbox 756 1066 802 1118; x_wconf 79' lang='grc' dir='ltr'><em>τῇ</em></span> <span class='ocrx_word' id='word_1_69' title='bbox 827 1066 909 1120; x_wconf 63' lang='grc' dir='ltr'><em>θεᾷ</em></span> <span class='ocrx_word' id='word_1_70' title='bbox 935 1063 1100 1118; x_wconf 85' lang='grc' dir='ltr'><em>Σωγένη</em></span> <span class='ocrx_word' id='word_1_71' title='bbox 1131 1068 1391 1119; x_wconf 82' lang='grc' dir='ltr'><em>τεκνωθῆναι,</em></span> <span class='ocrx_word' id='word_1_72' title='bbox 1421 1066 1488 1107; x_wconf 84' lang='grc' dir='ltr'><em>καὶ</em></span> <span class='ocrx_word' id='word_1_73' title='bbox 1516 1063 1589 1120; x_wconf 82' lang='grc' dir='ltr'><em>τὴν</em></span> <span class='ocrx_word' id='word_1_74' title='bbox 1617 1069 1688 1108; x_wconf 81' lang='grc' dir='ltr'><em>τοῦ</em></span> 
     </span>
     <span class='ocr_line' id='line_1_13' title="bbox 160 1125 1689 1185; baseline 0.003 -17"><span class='ocrx_word' id='word_1_75' title='bbox 160 1125 305 1178; x_wconf 82' lang='grc' dir='ltr'><em>παιδὸς</em></span> <span class='ocrx_word' id='word_1_76' title='bbox 324 1125 446 1169; x_wconf 82' lang='grc' dir='ltr'><em>αὐτοῦ</em></span> <span class='ocrx_word' id='word_1_77' title='bbox 465 1127 650 1182; x_wconf 79' lang='grc' dir='ltr'><em>γέννησιν</em></span> <span class='ocrx_word' id='word_1_78' title='bbox 681 1125 767 1169; x_wconf 85' lang='grc' dir='ltr'><em>οἷον</em></span> <span class='ocrx_word' id='word_1_79' title='bbox 786 1129 1018 1177; x_wconf 78' lang='grc' dir='ltr'><em>Εἰλειθυίας</em></span> <span class='ocrx_word' id='word_1_80' title='bbox 1043 1125 1144 1169; x_wconf 78' lang='grc' dir='ltr'><em>εἶναι</em></span> <span class='ocrx_word' id='word_1_81' title='bbox 1167 1127 1298 1184; x_wconf 73' lang='grc' dir='ltr'><em>χάριν·</em></span> <span class='ocrx_word' id='word_1_82' title='bbox 1328 1128 1395 1172; x_wconf 77' lang='grc' dir='ltr'><em>διὰ</em></span> <span class='ocrx_word' id='word_1_83' title='bbox 1419 1128 1492 1184; x_wconf 84' lang='grc' dir='ltr'><em>τὴν</em></span> <span class='ocrx_word' id='word_1_84' title='bbox 1515 1129 1689 1185; x_wconf 80' lang='grc' dir='ltr'><em>ἰδιότητα</em></span> 
     </span>
     <span class='ocr_line' id='line_1_14' title="bbox 160 1190 1688 1250; baseline 0.002 -15"><span class='ocrx_word' id='word_1_85' title='bbox 160 1197 260 1247; x_wconf 83' lang='grc' dir='ltr'><em>γοῦν</em></span> <span class='ocrx_word' id='word_1_86' title='bbox 290 1196 359 1246; x_wconf 82' lang='grc' dir='ltr'><em>τῆς</em></span> <span class='ocrx_word' id='word_1_87' title='bbox 389 1191 575 1247; x_wconf 83' lang='grc' dir='ltr'><em>γενέσεως</em></span> <span class='ocrx_word' id='word_1_88' title='bbox 604 1196 674 1234; x_wconf 83' lang='grc' dir='ltr'><em>τοῦ</em></span> <span class='ocrx_word' id='word_1_89' title='bbox 705 1190 882 1246; x_wconf 82' lang='grc' dir='ltr'><em>ἀθλητοῦ</em></span> <span class='ocrx_word' id='word_1_90' title='bbox 906 1190 1006 1246; x_wconf 86' lang='grc' dir='ltr'><em>πρὸς</em></span> <span class='ocrx_word' id='word_1_91' title='bbox 1029 1190 1101 1246; x_wconf 83' lang='grc' dir='ltr'><em>τὴν</em></span> <span class='ocrx_word' id='word_1_92' title='bbox 1124 1190 1224 1235; x_wconf 83' lang='grc' dir='ltr'><em>θεὸν</em></span> <span class='ocrx_word' id='word_1_93' title='bbox 1247 1191 1394 1248; x_wconf 82' lang='grc' dir='ltr'><em>ταύτην</em></span> <span class='ocrx_word' id='word_1_94' title='bbox 1417 1192 1596 1250; x_wconf 78' lang='grc' dir='ltr'><em>ἐπήρεισε</em></span> <span class='ocrx_word' id='word_1_95' title='bbox 1619 1193 1688 1238; x_wconf 85' lang='grc' dir='ltr'><em>τὸν</em></span> 
     </span>
     <span class='ocr_line' id='line_1_15' title="bbox 160 1254 1688 1315; baseline 0.002 -16"><span class='ocrx_word' id='word_1_96' title='bbox 160 1256 296 1312; x_wconf 88' lang='grc' dir='ltr'><em>λόγον·</em></span> <span class='ocrx_word' id='word_1_97' title='bbox 329 1257 530 1299; x_wconf 82' lang='grc' dir='ltr'><em>ε’πιστοῦτο</em></span> <span class='ocrx_word' id='word_1_98' title='bbox 556 1255 598 1298; x_wconf 82' lang='grc' dir='ltr'><em>δὲ</em></span> <span class='ocrx_word' id='word_1_99' title='bbox 622 1260 736 1299; x_wconf 80' lang='grc' dir='ltr'><em>τοῦτο</em></span> <span class='ocrx_word' id='word_1_100' title='bbox 762 1257 802 1308; x_wconf 80' lang='grc' dir='ltr'><em>ἐξ</em></span> <span class='ocrx_word' id='word_1_101' title='bbox 827 1255 1113 1313; x_wconf 74' lang='grc' dir='ltr'><em>ἐπιγράμματος</em></span> <span class='ocrx_word' id='word_1_102' title='bbox 1137 1254 1217 1313; x_wconf 83' lang='lat' dir='ltr'>(cd.</span> <span class='ocrx_word' id='word_1_103' title='bbox 1236 1261 1348 1302; x_wconf 89' lang='lat' dir='ltr'>Rom.</span> <span class='ocrx_word' id='word_1_104' title='bbox 1367 1256 1688 1315; x_wconf 78' lang='grc' dir='ltr'><em>ὑπογρᾶμματος)</em></span> 
     </span>
     <span class='ocr_line' id='line_1_16' title="bbox 159 1324 400 1377; baseline 0 -13"><span class='ocrx_word' id='word_1_105' title='bbox 159 1324 400 1377; x_wconf 82' lang='grc' dir='ltr'><em>Σιμωνίδου.</em></span> 
     </span>
    </p>
   </div>
   <div class='ocr_carea' id='block_1_5' title="bbox 159 1426 1706 2939">
    <p class='ocr_par' dir='ltr' id='par_1_5' title="bbox 159 1426 1706 2324">
     <span class='ocr_line' id='line_1_17' title="bbox 159 1426 1695 1474; baseline 0.002 -13"><span class='ocrx_word' id='word_1_106' title='bbox 159 1427 339 1472; x_wconf 86' lang='lat' dir='ltr'>indagare</span> <span class='ocrx_word' id='word_1_107' title='bbox 365 1436 520 1471; x_wconf 74' lang='lat' dir='ltr'>nequeo,</span> <span class='ocrx_word' id='word_1_108' title='bbox 565 1426 699 1463; x_wconf 89' lang='lat' dir='ltr'>Kaibel</span> <span class='ocrx_word' id='word_1_109' title='bbox 725 1426 909 1463; x_wconf 84' lang='lat' dir='ltr'><strong>Simonidi</strong></span> <span class='ocrx_word' id='word_1_110' title='bbox 933 1428 1092 1473; x_wconf 81' lang='lat' dir='ltr'>abrogat</span> <span class='ocrx_word' id='word_1_111' title='bbox 1116 1428 1289 1464; x_wconf 76' lang='lat' dir='ltr'><strong>causatus</strong></span> <span class='ocrx_word' id='word_1_112' title='bbox 1314 1426 1418 1464; x_wconf 87' lang='lat' dir='ltr'>vocis</span> <span class='ocrx_word' id='word_1_113' title='bbox 1442 1427 1612 1474; x_wconf 81' lang='lat' dir='ltr'>plebeiae</span> <span class='ocrx_word' id='word_1_114' title='bbox 1635 1429 1695 1464; x_wconf 88' lang='lat' dir='ltr'><em>in-</em></span> 
     </span>
     <span class='ocr_line' id='line_1_18' title="bbox 161 1472 1690 1522; baseline 0.001 -13"><span class='ocrx_word' id='word_1_115' title='bbox 161 1473 360 1510; x_wconf 77' lang='lat' dir='ltr'>solentiam</span> <span class='ocrx_word' id='word_1_116' title='bbox 380 1475 419 1509; x_wconf 85' lang='lat' dir='ltr'><em>et</em></span> <span class='ocrx_word' id='word_1_117' title='bbox 436 1472 653 1510; x_wconf 84' lang='lat' dir='ltr'>Aristotelis</span> <span class='ocrx_word' id='word_1_118' title='bbox 678 1474 935 1511; x_wconf 87' lang='lat' dir='ltr'>testimonium</span> <span class='ocrx_word' id='word_1_119' title='bbox 960 1486 1130 1521; x_wconf 82' lang='lat' dir='ltr'>pugnans</span> <span class='ocrx_word' id='word_1_120' title='bbox 1150 1487 1232 1511; x_wconf 91' lang='lat' dir='ltr'><em>cum</em></span> <span class='ocrx_word' id='word_1_121' title='bbox 1252 1474 1515 1522; x_wconf 79' lang='lat' dir='ltr'><strong>Aristophanis</strong></span> <span class='ocrx_word' id='word_1_122' title='bbox 1538 1475 1690 1520; x_wconf 90' lang='lat' dir='ltr'>iudicio,</span> 
     </span>
     <span class='ocr_line' id='line_1_19' title="bbox 161 1520 1690 1569; baseline 0.002 -13"><span class='ocrx_word' id='word_1_123' title='bbox 161 1524 204 1556; x_wconf 87' lang='lat' dir='ltr'><em>ut</em></span> <span class='ocrx_word' id='word_1_124' title='bbox 229 1521 412 1566; x_wconf 81' lang='lat' dir='ltr'>opinatur.</span> <span class='ocrx_word' id='word_1_125' title='bbox 435 1541 478 1546; x_wconf 94' lang='lat'><strong>—</strong></span> <span class='ocrx_word' id='word_1_126' title='bbox 499 1521 541 1556; x_wconf 91' lang='lat' dir='ltr'><em>V.</em></span> <span class='ocrx_word' id='word_1_127' title='bbox 572 1526 590 1556; x_wconf 90' lang='lat'>1</span> <span class='ocrx_word' id='word_1_128' title='bbox 617 1522 740 1567; x_wconf 83' lang='lat' dir='ltr'>priore</span> <span class='ocrx_word' id='word_1_129' title='bbox 765 1523 828 1558; x_wconf 89' lang='lat' dir='ltr'><em>Ar.</em></span> <span class='ocrx_word' id='word_1_130' title='bbox 848 1523 931 1558; x_wconf 91' lang='lat' dir='ltr'>loco</span> <span class='ocrx_word' id='word_1_131' title='bbox 950 1523 984 1557; x_wconf 89' lang='lat' dir='ltr'>A</span> <span class='ocrx_word' id='word_1_132' title='bbox 1002 1523 1041 1558; x_wconf 92' lang='lat' dir='ltr'><em>in</em></span> <span class='ocrx_word' id='word_1_133' title='bbox 1064 1535 1113 1557; x_wconf 90' lang='lat' dir='ltr'><em>m.</em></span> <span class='ocrx_word' id='word_1_134' title='bbox 1140 1536 1195 1568; x_wconf 92' lang='grc' dir='ltr'><em>γρ.</em></span> <span class='ocrx_word' id='word_1_135' title='bbox 1215 1520 1392 1568; x_wconf 74' lang='grc' dir='ltr'><em>,πρόσθεν</em></span> <span class='ocrx_word' id='word_1_136' title='bbox 1417 1521 1486 1569; x_wconf 76' lang='grc' dir='ltr'><em>μὲν</em></span> <span class='ocrx_word' id='word_1_137' title='bbox 1510 1527 1690 1569; x_wconf 83' lang='grc' dir='ltr'><em>τραχεῖαν</em></span> 
     </span>
     <span class='ocr_line' id='line_1_20' title="bbox 162 1565 1692 1615; baseline 0.001 -11"><span class='ocrx_word' id='word_1_138' title='bbox 162 1567 257 1614; x_wconf 75' lang='grc' dir='ltr'><em>ἔχων</em></span> <span class='ocrx_word' id='word_1_139' title='bbox 291 1565 448 1614; x_wconf 75' lang='grc' dir='ltr'><em>ὤμοισιν</em></span> <span class='ocrx_word' id='word_1_140' title='bbox 480 1565 645 1604; x_wconf 79' lang='grc' dir='ltr'><em>ἅσιλλαν.</em></span> <span class='ocrx_word' id='word_1_141' title='bbox 673 1590 717 1595; x_wconf 87' lang='lat'><em>—-</em></span> <span class='ocrx_word' id='word_1_142' title='bbox 743 1566 915 1615; x_wconf 79' lang='grc' dir='ltr'><em>ἄσιλλαν,</em></span> <span class='ocrx_word' id='word_1_143' title='bbox 951 1570 1003 1605; x_wconf 93' lang='lat' dir='ltr'><em>Zb</em></span> <span class='ocrx_word' id='word_1_144' title='bbox 1035 1567 1204 1606; x_wconf 77' lang='grc' dir='ltr'><em>ἅσελλαν.</em></span> <span class='ocrx_word' id='word_1_145' title='bbox 1232 1590 1276 1595; x_wconf 88' lang='grc'><strong>-</strong></span> <span class='ocrx_word' id='word_1_146' title='bbox 1303 1570 1347 1606; x_wconf 89' lang='lat' dir='ltr'><em>V.</em></span> <span class='ocrx_word' id='word_1_147' title='bbox 1373 1574 1405 1607; x_wconf 83' lang='lat'><em>2.</em></span> <span class='ocrx_word' id='word_1_148' title='bbox 1436 1569 1600 1615; x_wconf 79' lang='grc' dir='ltr'><em>Τεγέαν,</em></span> <span class='ocrx_word' id='word_1_149' title='bbox 1634 1571 1692 1614; x_wconf 85' lang='lat' dir='ltr'><em>Qb</em></span> 
     </span>
     <span class='ocr_line' id='line_1_21' title="bbox 164 1614 1692 1664; baseline 0.003 -14"><span class='ocrx_word' id='word_1_150' title='bbox 164 1614 343 1661; x_wconf 83' lang='grc' dir='ltr'><em>Τέγαιαν,</em></span> <span class='ocrx_word' id='word_1_151' title='bbox 363 1616 467 1652; x_wconf 86' lang='lat' dir='ltr'>Eust.</span> <span class='ocrx_word' id='word_1_152' title='bbox 491 1614 635 1662; x_wconf 82' lang='grc' dir='ltr'><em>Τεγέην</em></span> <span class='ocrx_word' id='word_1_153' title='bbox 655 1618 695 1652; x_wconf 87' lang='lat' dir='ltr'><em>et</em></span> <span class='ocrx_word' id='word_1_154' title='bbox 714 1615 839 1662; x_wconf 81' lang='grc' dir='ltr'><em>ἔφερε.</em></span> <span class='ocrx_word' id='word_1_155' title='bbox 881 1617 1050 1663; x_wconf 85' lang='lat' dir='ltr'>Apparet</span> <span class='ocrx_word' id='word_1_156' title='bbox 1068 1617 1301 1664; x_wconf 81' lang='lat' dir='ltr'>epigramma</span> <span class='ocrx_word' id='word_1_157' title='bbox 1320 1617 1580 1663; x_wconf 83' lang='lat' dir='ltr'>imperfectum</span> <span class='ocrx_word' id='word_1_158' title='bbox 1601 1629 1692 1662; x_wconf 85' lang='lat' dir='ltr'>esse,</span> 
     </span>
     <span class='ocr_line' id='line_1_22' title="bbox 162 1662 1694 1711; baseline 0.002 -13"><span class='ocrx_word' id='word_1_159' title='bbox 162 1663 349 1698; x_wconf 89' lang='lat' dir='ltr'>Victorius</span> <span class='ocrx_word' id='word_1_160' title='bbox 379 1662 419 1698; x_wconf 90' lang='lat' dir='ltr'><em>in</em></span> <span class='ocrx_word' id='word_1_161' title='bbox 444 1663 550 1700; x_wconf 86' lang='lat' dir='ltr'><strong>codd.</strong></span> <span class='ocrx_word' id='word_1_162' title='bbox 577 1663 670 1700; x_wconf 89' lang='lat' dir='ltr'>dicit</span> <span class='ocrx_word' id='word_1_163' title='bbox 694 1675 732 1700; x_wconf 88' lang='lat' dir='ltr'><em>se</em></span> <span class='ocrx_word' id='word_1_164' title='bbox 764 1664 945 1710; x_wconf 82' lang='lat' dir='ltr'>reperisse</span> <span class='ocrx_word' id='word_1_165' title='bbox 979 1676 1126 1700; x_wconf 86' lang='lat' dir='ltr'>versum</span> <span class='ocrx_word' id='word_1_166' title='bbox 1157 1665 1327 1701; x_wconf 84' lang='lat' dir='ltr'>tertium:</span> <span class='ocrx_word' id='word_1_167' title='bbox 1362 1665 1449 1700; x_wconf 79' lang='grc' dir='ltr'><em>Νῦν</em></span> <span class='ocrx_word' id='word_1_168' title='bbox 1482 1663 1524 1701; x_wconf 79' lang='grc' dir='ltr'><em>δὲ</em></span> <span class='ocrx_word' id='word_1_169' title='bbox 1557 1662 1694 1711; x_wconf 75' lang='grc' dir='ltr'><em>κράτος</em></span> 
     </span>
     <span class='ocr_line' id='line_1_23' title="bbox 161 1708 1706 1806; baseline 0.003 -14"><span class='ocrx_word' id='word_1_170' title='bbox 161 1708 1440 1806; x_wconf 43' lang='lat' dir='ltr'><em>‹pgqoffivigfffflsffiffiffiigl45&amp;gagtvdjgmffgggfflw</em></span> <span class='ocrx_word' id='word_1_171' title='bbox 1491 1759 1673 1796; x_wconf 55' lang='lat' dir='ltr'>samiae</span> <span class='ocrx_word' id='word_1_172' title='bbox 1703 1748 1706 1752; x_wconf 71' lang='grc'><strong><em>’</em></strong></span> 
     </span>
     <span class='ocr_line' id='line_1_24' title="bbox 160 1805 1691 1852; baseline 0.002 -13"><span class='ocrx_word' id='word_1_173' title='bbox 160 1805 234 1840; x_wconf 88' lang='lat' dir='ltr'><em>win</em></span> <span class='ocrx_word' id='word_1_174' title='bbox 268 1805 406 1840; x_wconf 86' lang='lat' dir='ltr'>iniuria</span> <span class='ocrx_word' id='word_1_175' title='bbox 435 1805 475 1840; x_wconf 87' lang='lat' dir='ltr'><em>in</em></span> <span class='ocrx_word' id='word_1_176' title='bbox 507 1805 758 1851; x_wconf 78' lang='lat' dir='ltr'>suspicionem</span> <span class='ocrx_word' id='word_1_177' title='bbox 789 1808 909 1842; x_wconf 77' lang='lat' dir='ltr'>vocat.</span> <span class='ocrx_word' id='word_1_178' title='bbox 943 1827 986 1832; x_wconf 93' lang='lat'><em>—-</em></span> <span class='ocrx_word' id='word_1_179' title='bbox 1019 1807 1063 1844; x_wconf 92' lang='lat' dir='ltr'><em>V.</em></span> <span class='ocrx_word' id='word_1_180' title='bbox 1092 1811 1122 1843; x_wconf 87' lang='lat'><em>1.</em></span> <span class='ocrx_word' id='word_1_181' title='bbox 1164 1811 1243 1847; x_wconf 81' lang='grc' dir='ltr'><em>σοῖς</em></span> <span class='ocrx_word' id='word_1_182' title='bbox 1275 1807 1423 1852; x_wconf 77' lang='lat' dir='ltr'>scripsi,</span> <span class='ocrx_word' id='word_1_183' title='bbox 1460 1806 1536 1844; x_wconf 71' lang='lat' dir='ltr'>cod</span> <span class='ocrx_word' id='word_1_184' title='bbox 1566 1808 1596 1843; x_wconf 90' lang='lat' dir='ltr'>P</span> <span class='ocrx_word' id='word_1_185' title='bbox 1621 1820 1691 1852; x_wconf 87' lang='grc' dir='ltr'><em>τοι,</em></span> 
     </span>
     <span class='ocr_line' id='line_1_25' title="bbox 163 1850 1694 1898; baseline 0.002 -10"><span class='ocrx_word' id='word_1_186' title='bbox 163 1851 368 1888; x_wconf 82' lang='lat' dir='ltr'>Salmasius</span> <span class='ocrx_word' id='word_1_187' title='bbox 392 1856 480 1892; x_wconf 84' lang='grc' dir='ltr'><em>τοῖς.</em></span> <span class='ocrx_word' id='word_1_188' title='bbox 508 1873 552 1879; x_wconf 91' lang='grc'><strong>-</strong></span> <span class='ocrx_word' id='word_1_189' title='bbox 579 1850 712 1889; x_wconf 79' lang='grc' dir='ltr'><em>Κύτων</em></span> <span class='ocrx_word' id='word_1_190' title='bbox 737 1864 874 1889; x_wconf 90' lang='lat' dir='ltr'>nomen</span> <span class='ocrx_word' id='word_1_191' title='bbox 898 1854 1078 1898; x_wconf 87' lang='lat' dir='ltr'>insolens,</span> <span class='ocrx_word' id='word_1_192' title='bbox 1104 1853 1189 1891; x_wconf 85' lang='lat' dir='ltr'>fort.</span> <span class='ocrx_word' id='word_1_193' title='bbox 1215 1851 1349 1890; x_wconf 79' lang='grc' dir='ltr'><em>Κύλων</em></span> <span class='ocrx_word' id='word_1_194' title='bbox 1376 1854 1621 1891; x_wconf 85' lang='lat' dir='ltr'>scribendum.</span> <span class='ocrx_word' id='word_1_195' title='bbox 1646 1875 1694 1881; x_wconf 90' lang='lat'>—</span> 
     </span>
     <span class='ocr_line' id='line_1_26' title="bbox 160 1897 1693 1947; baseline 0.002 -12"><span class='ocrx_word' id='word_1_196' title='bbox 160 1900 204 1935; x_wconf 91' lang='lat' dir='ltr'><em>V.</em></span> <span class='ocrx_word' id='word_1_197' title='bbox 232 1903 264 1935; x_wconf 86' lang='lat'><em>3.</em></span> <span class='ocrx_word' id='word_1_198' title='bbox 292 1897 329 1934; x_wconf 83' lang='grc' dir='ltr'><em>οἳ</em></span> <span class='ocrx_word' id='word_1_199' title='bbox 353 1899 523 1945; x_wconf 87' lang='lat' dir='ltr'>Brunck,</span> <span class='ocrx_word' id='word_1_200' title='bbox 557 1901 637 1935; x_wconf 87' lang='lat' dir='ltr'>cod.</span> <span class='ocrx_word' id='word_1_201' title='bbox 671 1898 710 1936; x_wconf 84' lang='grc' dir='ltr'><em>οἷ</em></span> <span class='ocrx_word' id='word_1_202' title='bbox 739 1903 777 1936; x_wconf 90' lang='lat' dir='ltr'><em>et</em></span> <span class='ocrx_word' id='word_1_203' title='bbox 809 1899 1025 1946; x_wconf 73' lang='grc' dir='ltr'><em>Κόρυνθον.</em></span> <span class='ocrx_word' id='word_1_204' title='bbox 1051 1921 1095 1927; x_wconf 92' lang='grc'>-</span> <span class='ocrx_word' id='word_1_205' title='bbox 1122 1901 1167 1938; x_wconf 92' lang='lat' dir='ltr'><em>V.</em></span> <span class='ocrx_word' id='word_1_206' title='bbox 1193 1906 1226 1938; x_wconf 87' lang='lat'><em>4.</em></span> <span class='ocrx_word' id='word_1_207' title='bbox 1264 1902 1443 1947; x_wconf 83' lang='grc' dir='ltr'><em>χαρίτων,</em></span> <span class='ocrx_word' id='word_1_208' title='bbox 1475 1901 1553 1938; x_wconf 80' lang='grc' dir='ltr'><em>αἷσι</em></span> <span class='ocrx_word' id='word_1_209' title='bbox 1583 1899 1693 1938; x_wconf 81' lang='grc' dir='ltr'><em>πόλιν</em></span> 
     </span>
     <span class='ocr_line' id='line_1_27' title="bbox 162 1945 1694 1994; baseline 0.001 -12"><span class='ocrx_word' id='word_1_210' title='bbox 162 1950 377 1991; x_wconf 76' lang='grc' dir='ltr'><em>στεφανοῖς,</em></span> <span class='ocrx_word' id='word_1_211' title='bbox 402 1947 598 1991; x_wconf 77' lang='lat' dir='ltr'>legebatur</span> <span class='ocrx_word' id='word_1_212' title='bbox 616 1948 802 1993; x_wconf 86' lang='grc' dir='ltr'><em>Χαρίτων,</em></span> <span class='ocrx_word' id='word_1_213' title='bbox 827 1948 1005 1993; x_wconf 82' lang='grc' dir='ltr'><em>δέσποτα,</em></span> <span class='ocrx_word' id='word_1_214' title='bbox 1030 1953 1108 1989; x_wconf 85' lang='grc' dir='ltr'><em>τοῖς</em></span> <span class='ocrx_word' id='word_1_215' title='bbox 1126 1945 1357 1993; x_wconf 75' lang='grc' dir='ltr'><em>στεφάνοις.-</em></span> <span class='ocrx_word' id='word_1_216' title='bbox 1377 1948 1517 1994; x_wconf 81' lang='lat' dir='ltr'>Recepi</span> <span class='ocrx_word' id='word_1_217' title='bbox 1534 1949 1694 1986; x_wconf 77' lang='lat' dir='ltr'>Iacobsii</span> 
     </span>
     <span class='ocr_line' id='line_1_28' title="bbox 162 1992 1694 2042; baseline 0.002 -13"><span class='ocrx_word' id='word_1_218' title='bbox 162 1993 474 2038; x_wconf 75' lang='lat' dir='ltr'>emendationem,</span> <span class='ocrx_word' id='word_1_219' title='bbox 500 1994 573 2030; x_wconf 89' lang='lat' dir='ltr'>nisi</span> <span class='ocrx_word' id='word_1_220' title='bbox 592 1995 692 2039; x_wconf 89' lang='lat' dir='ltr'>quod</span> <span class='ocrx_word' id='word_1_221' title='bbox 711 1992 821 2030; x_wconf 87' lang='grc' dir='ltr'><em>πόλιν</em></span> <span class='ocrx_word' id='word_1_222' title='bbox 840 1996 1071 2040; x_wconf 74' lang='lat' dir='ltr'>praeoptavi,</span> <span class='ocrx_word' id='word_1_223' title='bbox 1097 1995 1228 2031; x_wconf 84' lang='lat' dir='ltr'>Iacobs</span> <span class='ocrx_word' id='word_1_224' title='bbox 1249 1993 1412 2041; x_wconf 71' lang='grc' dir='ltr'><em>πάτρανε</em></span> <span class='ocrx_word' id='word_1_225' title='bbox 1439 1995 1587 2042; x_wconf 74' lang='grc' dir='ltr'><em>χάριτες</em></span> <span class='ocrx_word' id='word_1_226' title='bbox 1606 2000 1694 2032; x_wconf 89' lang='lat' dir='ltr'>sunt</span> 
     </span>
     <span class='ocr_line' id='line_1_29' title="bbox 162 2040 1692 2088; baseline 0.001 -12"><span class='ocrx_word' id='word_1_227' title='bbox 162 2040 364 2086; x_wconf 86' lang='lat' dir='ltr'>victoriae,</span> <span class='ocrx_word' id='word_1_228' title='bbox 394 2041 708 2085; x_wconf 87' lang='lat' dir='ltr'>quemadmodum</span> <span class='ocrx_word' id='word_1_229' title='bbox 740 2041 879 2088; x_wconf 89' lang='lat' dir='ltr'>passim</span> <span class='ocrx_word' id='word_1_230' title='bbox 917 2042 1017 2088; x_wconf 90' lang='lat' dir='ltr'>apud</span> <span class='ocrx_word' id='word_1_231' title='bbox 1047 2042 1262 2078; x_wconf 88' lang='lat' dir='ltr'>Pindarum.</span> <span class='ocrx_word' id='word_1_232' title='bbox 1319 2043 1550 2079; x_wconf 75' lang='lat' dir='ltr'>structuram</span> <span class='ocrx_word' id='word_1_233' title='bbox 1583 2041 1692 2079; x_wconf 83' lang='grc' dir='ltr'><em>αἶνον</em></span> 
     </span>
     <span class='ocr_line' id='line_1_30' title="bbox 161 2086 1694 2177; baseline 0.003 -7"><span class='ocrx_word' id='word_1_234' title='bbox 161 2086 454 2171; x_wconf 54' lang='grc' dir='ltr'><em>ἕχᾞιέᾝξωέ</em></span> <span class='ocrx_word' id='word_1_235' title='bbox 467 2088 1694 2177; x_wconf 45' lang='lat' dir='ltr'><em>3322?{qniffssssafffss355k⁶}022³ffi⁵112¹¹3t¹²132332”3⁸2¹‘}⁸⁵3322</em></span> 
     </span>
     <span class='ocr_line' id='line_1_31' title="bbox 163 2149 1690 2230; baseline 0.002 -13"><span class='ocrx_word' id='word_1_236' title='bbox 163 2181 253 2218; x_wconf 86' lang='lat' dir='ltr'>satis</span> <span class='ocrx_word' id='word_1_237' title='bbox 273 2149 532 2219; x_wconf 51' lang='lat' dir='ltr'>Theodoridae</span> <span class='ocrx_word' id='word_1_238' title='bbox 558 2150 740 2219; x_wconf 54' lang='lat' dir='ltr'>iudieiuni</span> <span class='ocrx_word' id='word_1_239' title='bbox 769 2150 1019 2230; x_wconf 40' lang='lat' dir='ltr'>comprobat?</span> <span class='ocrx_word' id='word_1_240' title='bbox 1031 2149 1260 2220; x_wconf 36' lang='lat' dir='ltr'>&amp;nossalim</span> <span class='ocrx_word' id='word_1_241' title='bbox 1285 2149 1450 2221; x_wconf 59' lang='lat' dir='ltr'>sltudiose</span> <span class='ocrx_word' id='word_1_242' title='bbox 1471 2150 1690 2230; x_wconf 42' lang='lat' dir='ltr'>&amp;effectae</span> 
     </span>
     <span class='ocr_line' id='line_1_32' title="bbox 162 2228 1694 2279; baseline 0.002 -13"><span class='ocrx_word' id='word_1_243' title='bbox 162 2229 323 2276; x_wconf 83' lang='lat' dir='ltr'>vestigia</span> <span class='ocrx_word' id='word_1_244' title='bbox 355 2230 502 2276; x_wconf 82' lang='lat' dir='ltr'>legisse.</span> <span class='ocrx_word' id='word_1_245' title='bbox 559 2230 731 2277; x_wconf 87' lang='lat' dir='ltr'>Hartung</span> <span class='ocrx_word' id='word_1_246' title='bbox 763 2233 937 2277; x_wconf 86' lang='grc' dir='ltr'><em>Χαρίτων</em></span> <span class='ocrx_word' id='word_1_247' title='bbox 974 2230 1133 2277; x_wconf 84' lang='grc' dir='ltr'><em>δέσμασι</em></span> <span class='ocrx_word' id='word_1_248' title='bbox 1169 2228 1257 2274; x_wconf 81' lang='grc' dir='ltr'><em>τοὺς</em></span> <span class='ocrx_word' id='word_1_249' title='bbox 1293 2236 1510 2279; x_wconf 80' lang='grc' dir='ltr'><em>στεφανοῖς,</em></span> <span class='ocrx_word' id='word_1_250' title='bbox 1547 2232 1694 2269; x_wconf 85' lang='lat' dir='ltr'>Hecker</span> 
     </span>
     <span class='ocr_line' id='line_1_33' title="bbox 164 2276 1118 2324; baseline 0.002 -12"><span class='ocrx_word' id='word_1_251' title='bbox 164 2276 274 2313; x_wconf 82' lang='grc' dir='ltr'><em>αἶνον</em></span> <span class='ocrx_word' id='word_1_252' title='bbox 302 2276 415 2322; x_wconf 81' lang='grc' dir='ltr'><em>ἔχεις,</em></span> <span class='ocrx_word' id='word_1_253' title='bbox 442 2279 615 2324; x_wconf 86' lang='grc' dir='ltr'><em>Χαρίτων</em></span> <span class='ocrx_word' id='word_1_254' title='bbox 642 2277 880 2324; x_wconf 82' lang='grc' dir='ltr'><em>μεστοτάτοις</em></span> <span class='ocrx_word' id='word_1_255' title='bbox 905 2276 1118 2324; x_wconf 76' lang='grc' dir='ltr'><em>στεφάνοις.</em></span> 
     </span>
    </p>

    <p class='ocr_par' dir='ltr' id='par_1_6' title="bbox 163 2325 1692 2939">
     <span class='ocr_line' id='line_1_34' title="bbox 258 2325 1692 2373; baseline 0.002 -14"><span class='ocrx_word' id='word_1_256' title='bbox 258 2325 384 2369; x_wconf 87' lang='lat' dir='ltr'>Epigr.</span> <span class='ocrx_word' id='word_1_257' title='bbox 414 2329 491 2361; x_wconf 82' lang='lat'>165.</span> <span class='ocrx_word' id='word_1_258' title='bbox 536 2325 671 2362; x_wconf 88' lang='lat' dir='ltr'>Herod.</span> <span class='ocrx_word' id='word_1_259' title='bbox 697 2326 784 2372; x_wconf 83' lang='grc' dir='ltr'><em>περὶ</em></span> <span class='ocrx_word' id='word_1_260' title='bbox 810 2339 892 2371; x_wconf 87' lang='grc' dir='ltr'><em>μον.</em></span> <span class='ocrx_word' id='word_1_261' title='bbox 918 2327 990 2370; x_wconf 64' lang='lat' dir='ltr'>aeg.</span> <span class='ocrx_word' id='word_1_262' title='bbox 1017 2330 1075 2372; x_wconf 82' lang='lat'><em>45,</em></span> <span class='ocrx_word' id='word_1_263' title='bbox 1100 2330 1140 2362; x_wconf 81' lang='lat'><em>2:</em></span> <span class='ocrx_word' id='word_1_264' title='bbox 1170 2326 1247 2362; x_wconf 82' lang='grc' dir='ltr'><em>Καὶ</em></span> <span class='ocrx_word' id='word_1_265' title='bbox 1279 2326 1543 2373; x_wconf 78' lang='grc' dir='ltr'><em>πληθυντικῶς</em></span> <span class='ocrx_word' id='word_1_266' title='bbox 1567 2329 1692 2373; x_wconf 82' lang='grc' dir='ltr'><em>Σιμω-</em></span> 
     </span>
     <span class='ocr_line' id='line_1_35' title="bbox 163 2367 1691 2420; baseline 0.002 -13"><span class='ocrx_word' id='word_1_267' title='bbox 163 2373 270 2417; x_wconf 82' lang='grc' dir='ltr'><em>νίδης</em></span> <span class='ocrx_word' id='word_1_268' title='bbox 298 2369 360 2407; x_wconf 77' lang='grc' dir='ltr'><em>ἐπὶ</em></span> <span class='ocrx_word' id='word_1_269' title='bbox 385 2370 534 2417; x_wconf 82' lang='grc' dir='ltr'><em>πρώτου</em></span> <span class='ocrx_word' id='word_1_270' title='bbox 559 2371 771 2419; x_wconf 79' lang='grc' dir='ltr'><em>προσώπου,</em></span> <span class='ocrx_word' id='word_1_271' title='bbox 798 2372 848 2414; x_wconf 81' lang='grc' dir='ltr'><em>ὡς</em></span> <span class='ocrx_word' id='word_1_272' title='bbox 873 2373 937 2409; x_wconf 82' lang='grc' dir='ltr'><em>καὶ</em></span> <span class='ocrx_word' id='word_1_273' title='bbox 963 2371 1004 2410; x_wconf 83' lang='grc' dir='ltr'><em>ἐν</em></span> <span class='ocrx_word' id='word_1_274' title='bbox 1028 2378 1105 2414; x_wconf 84' lang='grc' dir='ltr'><em>τοῖς</em></span> <span class='ocrx_word' id='word_1_275' title='bbox 1131 2370 1424 2420; x_wconf 61' lang='grc' dir='ltr'><em>ἐπιγράμμασιν</em></span> <span class='ocrx_word' id='word_1_276' title='bbox 1449 2367 1498 2419; x_wconf 84' lang='grc' dir='ltr'><em>ἦν</em></span> <span class='ocrx_word' id='word_1_277' title='bbox 1519 2403 1526 2411; x_wconf 95' lang='grc'><strong><em>.</em></strong></span> <span class='ocrx_word' id='word_1_278' title='bbox 1548 2402 1555 2410; x_wconf 97' lang='grc'><em>.</em></span> <span class='ocrx_word' id='word_1_279' title='bbox 1577 2402 1586 2410; x_wconf 95' lang='grc'><strong>.</strong></span> <span class='ocrx_word' id='word_1_280' title='bbox 1607 2375 1691 2420; x_wconf 84' lang='grc' dir='ltr'><em>σφί-</em></span> 
     </span>
     <span class='ocr_line' id='line_1_36' title="bbox 165 2414 1692 2467; baseline 0.002 -13"><span class='ocrx_word' id='word_1_281' title='bbox 165 2431 235 2464; x_wconf 87' lang='grc' dir='ltr'><em>σιν,</em></span> <span class='ocrx_word' id='word_1_282' title='bbox 262 2415 349 2455; x_wconf 79' lang='grc' dir='ltr'><em>ἀντὶ</em></span> <span class='ocrx_word' id='word_1_283' title='bbox 373 2417 445 2464; x_wconf 85' lang='grc' dir='ltr'><em>γὰρ</em></span> <span class='ocrx_word' id='word_1_284' title='bbox 472 2419 538 2455; x_wconf 80' lang='grc' dir='ltr'><em>τοῦ</em></span> <span class='ocrx_word' id='word_1_285' title='bbox 565 2414 661 2465; x_wconf 82' lang='grc' dir='ltr'><em>ἦμεν</em></span> <span class='ocrx_word' id='word_1_286' title='bbox 686 2415 745 2466; x_wconf 81' lang='grc' dir='ltr'><em>ἦν.</em></span> <span class='ocrx_word' id='word_1_287' title='bbox 789 2421 914 2457; x_wconf 88' lang='lat' dir='ltr'>Verba</span> <span class='ocrx_word' id='word_1_288' title='bbox 939 2418 989 2462; x_wconf 76' lang='grc' dir='ltr'><em>ὡς</em></span> <span class='ocrx_word' id='word_1_289' title='bbox 1014 2420 1078 2456; x_wconf 76' lang='grc' dir='ltr'><em>καὶ</em></span> <span class='ocrx_word' id='word_1_290' title='bbox 1104 2417 1147 2457; x_wconf 82' lang='grc' dir='ltr'><em>ἐν</em></span> <span class='ocrx_word' id='word_1_291' title='bbox 1173 2417 1230 2457; x_wconf 80' lang='grc' dir='ltr'><em>ἐπ.</em></span> <span class='ocrx_word' id='word_1_292' title='bbox 1256 2420 1395 2457; x_wconf 87' lang='lat' dir='ltr'>indicio</span> <span class='ocrx_word' id='word_1_293' title='bbox 1422 2423 1509 2457; x_wconf 88' lang='lat' dir='ltr'>sunt</span> <span class='ocrx_word' id='word_1_294' title='bbox 1531 2423 1619 2467; x_wconf 80' lang='lat' dir='ltr'>post</span> <span class='ocrx_word' id='word_1_295' title='bbox 1641 2418 1692 2462; x_wconf 75' lang='grc' dir='ltr'><em>ὥς</em></span> 
     </span>
     <span class='ocr_line' id='line_1_37' title="bbox 164 2466 1688 2515; baseline 0.002 -14"><span class='ocrx_word' id='word_1_296' title='bbox 164 2466 267 2502; x_wconf 88' lang='lat' dir='ltr'>aliud</span> <span class='ocrx_word' id='word_1_297' title='bbox 298 2477 343 2502; x_wconf 87' lang='lat' dir='ltr'><em>ex</em></span> <span class='ocrx_word' id='word_1_298' title='bbox 374 2466 519 2503; x_wconf 85' lang='lat' dir='ltr'>melicis</span> <span class='ocrx_word' id='word_1_299' title='bbox 549 2469 733 2513; x_wconf 89' lang='lat' dir='ltr'>poematis</span> <span class='ocrx_word' id='word_1_300' title='bbox 764 2469 923 2514; x_wconf 82' lang='lat' dir='ltr'>petitum</span> <span class='ocrx_word' id='word_1_301' title='bbox 956 2468 1168 2514; x_wconf 86' lang='lat' dir='ltr'>exemplum</span> <span class='ocrx_word' id='word_1_302' title='bbox 1199 2468 1396 2513; x_wconf 84' lang='lat' dir='ltr'>excidisse,</span> <span class='ocrx_word' id='word_1_303' title='bbox 1426 2468 1545 2504; x_wconf 86' lang='lat' dir='ltr'>utitur</span> <span class='ocrx_word' id='word_1_304' title='bbox 1567 2478 1688 2515; x_wconf 80' lang='lat' dir='ltr'>gram-</span> 
     </span>
     <span class='ocr_line' id='line_1_38' title="bbox 164 2513 1690 2562; baseline 0.001 -14"><span class='ocrx_word' id='word_1_305' title='bbox 164 2513 323 2549; x_wconf 86' lang='lat' dir='ltr'>maticus</span> <span class='ocrx_word' id='word_1_306' title='bbox 343 2513 486 2550; x_wconf 85' lang='lat' dir='ltr'>duobus</span> <span class='ocrx_word' id='word_1_307' title='bbox 510 2515 689 2560; x_wconf 85' lang='lat' dir='ltr'>exemplis</span> <span class='ocrx_word' id='word_1_308' title='bbox 717 2520 748 2551; x_wconf 93' lang='lat'><em>1.</em></span> <span class='ocrx_word' id='word_1_309' title='bbox 774 2527 869 2561; x_wconf 90' lang='lat' dir='ltr'>pers.</span> <span class='ocrx_word' id='word_1_310' title='bbox 896 2515 1136 2560; x_wconf 85' lang='lat' dir='ltr'>Simonideis,</span> <span class='ocrx_word' id='word_1_311' title='bbox 1163 2515 1304 2551; x_wconf 89' lang='lat' dir='ltr'>duobus</span> <span class='ocrx_word' id='word_1_312' title='bbox 1322 2520 1355 2552; x_wconf 86' lang='lat'><em>3.</em></span> <span class='ocrx_word' id='word_1_313' title='bbox 1379 2526 1475 2562; x_wconf 89' lang='lat' dir='ltr'>pers.</span> <span class='ocrx_word' id='word_1_314' title='bbox 1495 2515 1690 2552; x_wconf 87' lang='lat' dir='ltr'>Hesiodeis</span> 
     </span>
     <span class='ocr_line' id='line_1_39' title="bbox 165 2556 1688 2622; baseline 0.001 -26"><span class='ocrx_word' id='word_1_315' title='bbox 165 2562 266 2605; x_wconf 89' lang='lat' dir='ltr'>(nam</span> <span class='ocrx_word' id='word_1_316' title='bbox 284 2559 372 2597; x_wconf 89' lang='lat' dir='ltr'>huic</span> <span class='ocrx_word' id='word_1_317' title='bbox 391 2563 525 2607; x_wconf 85' lang='lat' dir='ltr'>poetae</span> <span class='ocrx_word' id='word_1_318' title='bbox 543 2561 822 2598; x_wconf 88' lang='lat' dir='ltr'>hemistichium</span> <span class='ocrx_word' id='word_1_319' title='bbox 842 2563 965 2608; x_wconf 79' lang='grc' dir='ltr'><em>κωφοὶ</em></span> <span class='ocrx_word' id='word_1_320' title='bbox 984 2559 1023 2599; x_wconf 81' lang='grc' dir='ltr'><em>δ’</em></span> <span class='ocrx_word' id='word_1_321' title='bbox 1043 2556 1092 2607; x_wconf 85' lang='grc' dir='ltr'><em>ἦν</em></span> <span class='ocrx_word' id='word_1_322' title='bbox 1111 2561 1374 2607; x_wconf 80' lang='grc' dir='ltr'><em>προπάροιθεν</em></span> <span class='ocrx_word' id='word_1_323' title='bbox 1392 2559 1688 2622; x_wconf 48' lang='lat' dir='ltr'>vindicandum„</span> 
     </span>
     <span class='ocr_line' id='line_1_40' title="bbox 163 2608 1689 2656; baseline 0.001 -13"><span class='ocrx_word' id='word_1_324' title='bbox 163 2609 255 2643; x_wconf 89' lang='lat' dir='ltr'>item</span> <span class='ocrx_word' id='word_1_325' title='bbox 281 2612 314 2646; x_wconf 88' lang='lat'><em>3.</em></span> <span class='ocrx_word' id='word_1_326' title='bbox 339 2619 498 2654; x_wconf 81' lang='lat' dir='ltr'>persona</span> <span class='ocrx_word' id='word_1_327' title='bbox 522 2609 661 2654; x_wconf 85' lang='lat' dir='ltr'>legitur</span> <span class='ocrx_word' id='word_1_328' title='bbox 685 2609 725 2644; x_wconf 91' lang='lat' dir='ltr'><em>in</em></span> <span class='ocrx_word' id='word_1_329' title='bbox 750 2609 875 2656; x_wconf 87' lang='lat' dir='ltr'>elogio</span> <span class='ocrx_word' id='word_1_330' title='bbox 900 2610 1027 2646; x_wconf 85' lang='lat' dir='ltr'>Attico</span> <span class='ocrx_word' id='word_1_331' title='bbox 1053 2609 1091 2645; x_wconf 88' lang='lat' dir='ltr'><em>in</em></span> <span class='ocrx_word' id='word_1_332' title='bbox 1119 2608 1281 2646; x_wconf 85' lang='lat' dir='ltr'>Cimonis</span> <span class='ocrx_word' id='word_1_333' title='bbox 1306 2611 1500 2647; x_wconf 85' lang='lat' dir='ltr'>honorem:</span> <span class='ocrx_word' id='word_1_334' title='bbox 1534 2622 1582 2655; x_wconf 83' lang='grc' dir='ltr'><em>ην</em></span> <span class='ocrx_word' id='word_1_335' title='bbox 1613 2623 1689 2655; x_wconf 87' lang='grc' dir='ltr'><em>αρα</em></span> 
     </span>
     <span class='ocr_line' id='line_1_41' title="bbox 164 2650 1688 2703; baseline 0.001 -13"><span class='ocrx_word' id='word_1_336' title='bbox 164 2651 338 2691; x_wconf 77' lang='grc' dir='ltr'><em>κάκεῖνοι</em></span> <span class='ocrx_word' id='word_1_337' title='bbox 368 2653 624 2700; x_wconf 79' lang='grc' dir='ltr'><em>ταλακάρδιοι.</em></span> <span class='ocrx_word' id='word_1_338' title='bbox 682 2657 882 2702; x_wconf 75' lang='lat' dir='ltr'>Perper-am</span> <span class='ocrx_word' id='word_1_339' title='bbox 913 2660 1039 2694; x_wconf 84' lang='lat' dir='ltr'>autem</span> <span class='ocrx_word' id='word_1_340' title='bbox 1063 2657 1294 2693; x_wconf 86' lang='lat' dir='ltr'>Herodianus</span> <span class='ocrx_word' id='word_1_341' title='bbox 1325 2651 1372 2703; x_wconf 89' lang='grc' dir='ltr'><em>ἦν</em></span> <span class='ocrx_word' id='word_1_342' title='bbox 1403 2657 1463 2693; x_wconf 90' lang='lat' dir='ltr'><em>hic</em></span> <span class='ocrx_word' id='word_1_343' title='bbox 1487 2650 1583 2703; x_wconf 80' lang='grc' dir='ltr'><em>ἦμεν</em></span> <span class='ocrx_word' id='word_1_344' title='bbox 1607 2668 1688 2692; x_wconf 86' lang='lat' dir='ltr'>esse</span> 
     </span>
     <span class='ocr_line' id='line_1_42' title="bbox 166 2701 1688 2750; baseline 0.002 -14"><span class='ocrx_word' id='word_1_345' title='bbox 166 2701 274 2746; x_wconf 88' lang='lat' dir='ltr'>dicit,</span> <span class='ocrx_word' id='word_1_346' title='bbox 300 2704 415 2748; x_wconf 86' lang='lat' dir='ltr'>poeta</span> <span class='ocrx_word' id='word_1_347' title='bbox 440 2702 586 2739; x_wconf 88' lang='lat' dir='ltr'>donarii</span> <span class='ocrx_word' id='word_1_348' title='bbox 611 2703 772 2750; x_wconf 90' lang='lat' dir='ltr'>origines</span> <span class='ocrx_word' id='word_1_349' title='bbox 799 2704 988 2750; x_wconf 81' lang='lat' dir='ltr'>explicans</span> <span class='ocrx_word' id='word_1_350' title='bbox 1013 2704 1174 2740; x_wconf 86' lang='lat' dir='ltr'>dixerat:</span> <span class='ocrx_word' id='word_1_351' title='bbox 1213 2708 1319 2741; x_wconf 74' lang='lat' dir='ltr'>erant</span> <span class='ocrx_word' id='word_1_352' title='bbox 1349 2706 1496 2740; x_wconf 86' lang='lat' dir='ltr'>centum</span> <span class='ocrx_word' id='word_1_353' title='bbox 1527 2704 1688 2750; x_wconf 85' lang='lat' dir='ltr'>phialae,</span> 
     </span>
     <span class='ocr_line' id='line_1_43' title="bbox 166 2749 1688 2797; baseline 0.001 -13"><span class='ocrx_word' id='word_1_354' title='bbox 166 2750 299 2792; x_wconf 89' lang='lat' dir='ltr'>quibus</span> <span class='ocrx_word' id='word_1_355' title='bbox 326 2749 459 2786; x_wconf 87' lang='lat' dir='ltr'>refusis</span> <span class='ocrx_word' id='word_1_356' title='bbox 483 2761 551 2787; x_wconf 93' lang='lat' dir='ltr'>nos</span> <span class='ocrx_word' id='word_1_357' title='bbox 577 2750 638 2786; x_wconf 88' lang='lat' dir='ltr'><em>hic</em></span> <span class='ocrx_word' id='word_1_358' title='bbox 664 2754 815 2788; x_wconf 88' lang='lat' dir='ltr'>stamus.</span> <span class='ocrx_word' id='word_1_359' title='bbox 842 2772 888 2778; x_wconf 89' lang='lat'>—</span> <span class='ocrx_word' id='word_1_360' title='bbox 913 2753 1000 2797; x_wconf 79' lang='grc' dir='ltr'><em>δίχα</em></span> <span class='ocrx_word' id='word_1_361' title='bbox 1026 2752 1154 2797; x_wconf 83' lang='grc' dir='ltr'><em>σφίσιν</em></span> <span class='ocrx_word' id='word_1_362' title='bbox 1179 2752 1408 2794; x_wconf 82' lang='lat' dir='ltr'>mendosum,</span> <span class='ocrx_word' id='word_1_363' title='bbox 1433 2750 1575 2787; x_wconf 85' lang='lat' dir='ltr'>conieci</span> <span class='ocrx_word' id='word_1_364' title='bbox 1600 2752 1688 2797; x_wconf 77' lang='grc' dir='ltr'><em>δίχα</em></span> 
     </span>
     <span class='ocr_line' id='line_1_44' title="bbox 166 2795 1686 2855; baseline 0.002 -24"><span class='ocrx_word' id='word_1_365' title='bbox 166 2798 394 2842; x_wconf 82' lang='grc' dir='ltr'><em>χρυσίδες,</em></span> <span class='ocrx_word' id='word_1_366' title='bbox 431 2808 517 2833; x_wconf 86' lang='lat' dir='ltr'><em>nam</em></span> <span class='ocrx_word' id='word_1_367' title='bbox 556 2798 644 2843; x_wconf 76' lang='grc' dir='ltr'><em>(τῶν</em></span> <span class='ocrx_word' id='word_1_368' title='bbox 677 2795 906 2855; x_wconf 59' lang='grc' dir='ltr'><em>ἀργυρίδων)</em></span> <span class='ocrx_word' id='word_1_369' title='bbox 943 2797 1148 2844; x_wconf 60' lang='lat' dir='ltr'>&amp;ennianum</span> <span class='ocrx_word' id='word_1_370' title='bbox 1183 2798 1334 2836; x_wconf 81' lang='lat' dir='ltr'>maioris</span> <span class='ocrx_word' id='word_1_371' title='bbox 1371 2799 1429 2834; x_wconf 76' lang='lat' dir='ltr'><em>est</em></span> <span class='ocrx_word' id='word_1_372' title='bbox 1465 2798 1686 2834; x_wconf 82' lang='lat' dir='ltr'>molimenti.</span> 
     </span>
     <span class='ocr_line' id='line_1_45' title="bbox 164 2842 1688 2903; baseline 0.003 -26"><span class='ocrx_word' id='word_1_373' title='bbox 164 2843 280 2878; x_wconf 82' lang='lat' dir='ltr'>Lehrs</span> <span class='ocrx_word' id='word_1_374' title='bbox 306 2844 401 2880; x_wconf 90' lang='lat' dir='ltr'>coni.</span> <span class='ocrx_word' id='word_1_375' title='bbox 428 2845 515 2903; x_wconf 70' lang='grc' dir='ltr'><em>δίχα</em></span> <span class='ocrx_word' id='word_1_376' title='bbox 541 2845 584 2881; x_wconf 78' lang='grc' dir='ltr'><em>δέ</em></span> <span class='ocrx_word' id='word_1_377' title='bbox 610 2857 739 2890; x_wconf 88' lang='grc' dir='ltr'><em>σφισιν</em></span> <span class='ocrx_word' id='word_1_378' title='bbox 764 2847 918 2892; x_wconf 73' lang='grc' dir='ltr'><em>(ηνδανε</em></span> <span class='ocrx_word' id='word_1_379' title='bbox 952 2843 1086 2894; x_wconf 84' lang='grc' dir='ltr'><em>βουλή,</em></span> <span class='ocrx_word' id='word_1_380' title='bbox 1118 2842 1308 2891; x_wconf 77' lang='grc' dir='ltr'><em>Ἀνδράσιν</em></span> <span class='ocrx_word' id='word_1_381' title='bbox 1333 2842 1544 2891; x_wconf 81' lang='grc' dir='ltr'><em>Ἑλλήνων).</em></span> <span class='ocrx_word' id='word_1_382' title='bbox 1593 2845 1688 2881; x_wconf 82' lang='lat' dir='ltr'>Har-</span> 
     </span>
     <span class='ocr_line' id='line_1_46' title="bbox 167 2888 1185 2939; baseline 0.004 -14"><span class='ocrx_word' id='word_1_383' title='bbox 167 2891 260 2935; x_wconf 84' lang='lat' dir='ltr'>tung</span> <span class='ocrx_word' id='word_1_384' title='bbox 286 2891 372 2936; x_wconf 79' lang='grc' dir='ltr'><em>δίχα</em></span> <span class='ocrx_word' id='word_1_385' title='bbox 397 2888 434 2927; x_wconf 77' lang='grc' dir='ltr'><em>δ’</em></span> <span class='ocrx_word' id='word_1_386' title='bbox 461 2897 551 2938; x_wconf 82' lang='grc' dir='ltr'><em>ημῖν</em></span> <span class='ocrx_word' id='word_1_387' title='bbox 577 2890 702 2930; x_wconf 76' lang='grc' dir='ltr'><em>πάντα</em></span> <span class='ocrx_word' id='word_1_388' title='bbox 727 2893 898 2939; x_wconf 81' lang='grc' dir='ltr'><em>δέδαστο,</em></span> <span class='ocrx_word' id='word_1_389' title='bbox 922 2893 1009 2930; x_wconf 86' lang='grc' dir='ltr'><em>Νῦν</em></span> <span class='ocrx_word' id='word_1_390' title='bbox 1035 2892 1079 2930; x_wconf 83' lang='grc' dir='ltr'><em>δέ</em></span> <span class='ocrx_word' id='word_1_391' title='bbox 1103 2921 1112 2930; x_wconf 93' lang='grc'><strong>.</strong></span> <span class='ocrx_word' id='word_1_392' title='bbox 1139 2921 1147 2929; x_wconf 93' lang='grc'><em>.</em></span> <span class='ocrx_word' id='word_1_393' title='bbox 1175 2920 1185 2929; x_wconf 86' lang='grc'><strong>.</strong></span> 
     </span>
    </p>
   </div>
   <div class='ocr_carea' id='block_1_6' title="bbox 1733 0 1864 3126">
    <p class='ocr_par' dir='ltr' id='par_1_7' title="bbox 1733 0 1864 3126">
     <span class='ocr_line' id='line_1_47' title="bbox 1733 0 1864 3126; baseline 0 0"><span class='ocrx_word' id='word_1_394' title='bbox 1733 0 1864 3126; x_wconf 95' lang='lat' dir='ltr'><em> </em></span> 
     </span>
    </p>
   </div>
  </div>
 </body>
</html>
