<?xml version="1.0" encoding="UTF-8"?>
<!DOCTYPE html PUBLIC "-//W3C//DTD XHTML 1.0 Transitional//EN"
    "http://www.w3.org/TR/xhtml1/DTD/xhtml1-transitional.dtd">
<html xmlns="http://www.w3.org/1999/xhtml" xml:lang="en" lang="en">
 <head>
  <title>
</title>
<meta http-equiv="Content-Type" content="text/html;charset=utf-8" />
  <meta name='ocr-system' content='tesseract 3.04.00' />
  <meta name='ocr-capabilities' content='ocr_page ocr_carea ocr_par ocr_line ocrx_word'/>
</head>
<body>
  <div class='ocr_page' id='page_1' title='image "./poetaelyricigrae03berguoft_0502.png"; bbox 0 0 1864 3126; ppageno 0'>
   <div class='ocr_carea' id='block_1_1' title="bbox 240 130 1201 179">
    <p class='ocr_par' dir='ltr' id='par_1_1' title="bbox 240 130 1201 179">
     <span class='ocr_line' id='line_1_1' title="bbox 240 130 1201 179; baseline -0.005 0"><span class='ocrx_word' id='word_1_1' title='bbox 240 137 328 179; x_wconf 81' lang='lat'><strong>492</strong></span> <span class='ocrx_word' id='word_1_2' title='bbox 547 130 549 134; x_wconf 86' lang='lat'>&#39;</span> <span class='ocrx_word' id='word_1_3' title='bbox 808 138 1001 174; x_wconf 80' lang='lat' dir='ltr'><strong>POETAE</strong></span> <span class='ocrx_word' id='word_1_4' title='bbox 1027 139 1201 176; x_wconf 84' lang='lat' dir='ltr'>MELICI</span> 
     </span>
    </p>
   </div>
   <div class='ocr_carea' id='block_1_2' title="bbox 211 245 1763 670">
    <p class='ocr_par' dir='ltr' id='par_1_2' title="bbox 211 245 1763 667">
     <span class='ocr_line' id='line_1_2' title="bbox 242 245 1761 292; baseline 0.003 -12"><span class='ocrx_word' id='word_1_5' title='bbox 242 246 335 280; x_wconf 87' lang='lat' dir='ltr'><strong>riam</strong></span> <span class='ocrx_word' id='word_1_6' title='bbox 360 245 464 279; x_wconf 88' lang='lat' dir='ltr'><strong>illam</strong></span> <span class='ocrx_word' id='word_1_7' title='bbox 490 245 712 290; x_wconf 81' lang='lat' dir='ltr'>reportavit,</span> <span class='ocrx_word' id='word_1_8' title='bbox 738 245 960 281; x_wconf 88' lang='lat' dir='ltr'><strong>Thasiorum</strong></span> <span class='ocrx_word' id='word_1_9' title='bbox 992 246 1235 282; x_wconf 88' lang='lat' dir='ltr'><strong>defectionem</strong></span> <span class='ocrx_word' id='word_1_10' title='bbox 1266 246 1484 292; x_wconf 79' lang='lat' dir='ltr'><strong>adsclipsit,</strong></span> <span class='ocrx_word' id='word_1_11' title='bbox 1519 247 1620 283; x_wconf 85' lang='lat' dir='ltr'><strong>haud</strong></span> <span class='ocrx_word' id='word_1_12' title='bbox 1650 247 1761 284; x_wconf 88' lang='lat' dir='ltr'><strong>dubie</strong></span> 
     </span>
     <span class='ocr_line' id='line_1_3' title="bbox 243 288 1762 350; baseline 0.003 -23"><span class='ocrx_word' id='word_1_13' title='bbox 243 294 358 327; x_wconf 89' lang='lat' dir='ltr'><strong>errat:</strong></span> <span class='ocrx_word' id='word_1_14' title='bbox 385 303 471 327; x_wconf 89' lang='lat' dir='ltr'><strong>nam</strong></span> <span class='ocrx_word' id='word_1_15' title='bbox 491 292 730 337; x_wconf 77' lang='lat' dir='ltr'>Thucydides</span> <span class='ocrx_word' id='word_1_16' title='bbox 753 304 836 328; x_wconf 92' lang='lat' dir='ltr'><strong>cum</strong></span> <span class='ocrx_word' id='word_1_17' title='bbox 863 293 894 338; x_wconf 88' lang='lat'><strong>(1</strong></span> <span class='ocrx_word' id='word_1_18' title='bbox 915 294 995 339; x_wconf 89' lang='grc'>100)</span> <span class='ocrx_word' id='word_1_19' title='bbox 1021 291 1165 340; x_wconf 81' lang='grc' dir='ltr'><strong><em>χρόνῳ</em></strong></span> <span class='ocrx_word' id='word_1_20' title='bbox 1191 288 1399 339; x_wconf 73' lang='grc' dir='ltr'><strong><em>ὕστερον,</em></strong></span> <span class='ocrx_word' id='word_1_21' title='bbox 1425 305 1499 329; x_wconf 90' lang='lat' dir='ltr'><strong>non</strong></span> <span class='ocrx_word' id='word_1_22' title='bbox 1518 291 1611 340; x_wconf 71' lang='grc' dir='ltr'><strong><em>μετὰ</em></strong></span> <span class='ocrx_word' id='word_1_23' title='bbox 1630 295 1762 350; x_wconf 49' lang='lat' dir='ltr'><strong>tustra,</strong></span> 
     </span>
     <span class='ocr_line' id='line_1_4' title="bbox 243 330 1762 386; baseline 0.003 -12.013"><span class='ocrx_word' id='word_1_24' title='bbox 243 339 396 374; x_wconf 79' lang='lat' dir='ltr'>Thasios</span> <span class='ocrx_word' id='word_1_25' title='bbox 422 339 600 375; x_wconf 79' lang='lat' dir='ltr'>defecisse</span> <span class='ocrx_word' id='word_1_26' title='bbox 626 340 744 384; x_wconf 89' lang='lat' dir='ltr'><strong>dicat,</strong></span> <span class='ocrx_word' id='word_1_27' title='bbox 769 340 916 386; x_wconf 89' lang='lat' dir='ltr'><strong>longius</strong></span> <span class='ocrx_word' id='word_1_28' title='bbox 940 341 1118 386; x_wconf 87' lang='lat' dir='ltr'><strong>temporis</strong></span> <span class='ocrx_word' id='word_1_29' title='bbox 1142 330 1381 377; x_wconf 85' lang='lat' dir='ltr'><strong>intervallum</strong></span> <span class='ocrx_word' id='word_1_30' title='bbox 1406 341 1658 378; x_wconf 70' lang='lat' dir='ltr'><strong>intercessisse</strong></span> <span class='ocrx_word' id='word_1_31' title='bbox 1682 341 1762 378; x_wconf 78' lang='lat' dir='ltr'><strong>iure</strong></span> 
     </span>
     <span class='ocr_line' id='line_1_5' title="bbox 243 387 1763 433; baseline 0.003 -13"><span class='ocrx_word' id='word_1_32' title='bbox 243 387 418 431; x_wconf 86' lang='lat' dir='ltr'><strong>colligas:</strong></span> <span class='ocrx_word' id='word_1_33' title='bbox 443 388 546 422; x_wconf 90' lang='lat' dir='ltr'><strong>recto</strong></span> <span class='ocrx_word' id='word_1_34' title='bbox 570 387 708 422; x_wconf 90' lang='lat' dir='ltr'><strong>iudicio</strong></span> <span class='ocrx_word' id='word_1_35' title='bbox 728 398 815 423; x_wconf 89' lang='lat' dir='ltr'><strong>usus</strong></span> <span class='ocrx_word' id='word_1_36' title='bbox 835 387 938 433; x_wconf 81' lang='lat' dir='ltr'><strong>Krug</strong></span> <span class='ocrx_word' id='word_1_37' title='bbox 940 398 980 423; x_wconf 90' lang='lat' dir='ltr'><strong>er</strong></span> <span class='ocrx_word' id='word_1_38' title='bbox 998 388 1015 422; x_wconf 95' lang='lat' dir='ltr'>I</span> <span class='ocrx_word' id='word_1_39' title='bbox 1036 391 1102 423; x_wconf 85' lang='lat'><strong>145</strong></span> <span class='ocrx_word' id='word_1_40' title='bbox 1122 388 1276 423; x_wconf 91' lang='lat' dir='ltr'><strong>duorum</strong></span> <span class='ocrx_word' id='word_1_41' title='bbox 1296 387 1357 424; x_wconf 90' lang='lat' dir='ltr'><strong>vel</strong></span> <span class='ocrx_word' id='word_1_42' title='bbox 1375 388 1489 423; x_wconf 87' lang='lat' dir='ltr'><strong>trium</strong></span> <span class='ocrx_word' id='word_1_43' title='bbox 1508 399 1689 424; x_wconf 86' lang='lat' dir='ltr'><strong>annorum</strong></span> <span class='ocrx_word' id='word_1_44' title='bbox 1705 388 1763 425; x_wconf 86' lang='lat' dir='ltr'><strong>in·</strong></span> 
     </span>
     <span class='ocr_line' id='line_1_6' title="bbox 242 400 1762 482; baseline 0.003 -14"><span class='ocrx_word' id='word_1_45' title='bbox 242 433 444 469; x_wconf 87' lang='lat' dir='ltr'><strong>terstitium</strong></span> <span class='ocrx_word' id='word_1_46' title='bbox 476 434 677 479; x_wconf 81' lang='lat' dir='ltr'><strong>significari</strong></span> <span class='ocrx_word' id='word_1_47' title='bbox 709 400 938 470; x_wconf 81' lang='lat' dir='ltr'><strong>arbitratur.g</strong></span> <span class='ocrx_word' id='word_1_48' title='bbox 973 435 1114 471; x_wconf 89' lang='lat' dir='ltr'><strong>Thasus</strong></span> <span class='ocrx_word' id='word_1_49' title='bbox 1146 435 1301 471; x_wconf 89' lang='lat' dir='ltr'><strong>hiberno</strong></span> <span class='ocrx_word' id='word_1_50' title='bbox 1325 437 1511 482; x_wconf 88' lang='lat' dir='ltr'><strong>tempore,</strong></span> <span class='ocrx_word' id='word_1_51' title='bbox 1531 436 1587 471; x_wconf 89' lang='lat' dir='ltr'><strong>ut</strong></span> <span class='ocrx_word' id='word_1_52' title='bbox 1610 447 1762 473; x_wconf 86' lang='lat' dir='ltr'><strong>consen·</strong></span> 
     </span>
     <span class='ocr_line' id='line_1_7' title="bbox 241 481 1763 530; baseline 0.004 -15"><span class='ocrx_word' id='word_1_53' title='bbox 241 482 391 516; x_wconf 86' lang='lat' dir='ltr'><strong>taneum</strong></span> <span class='ocrx_word' id='word_1_54' title='bbox 417 482 491 525; x_wconf 91' lang='lat' dir='ltr'><strong>est,</strong></span> <span class='ocrx_word' id='word_1_55' title='bbox 523 481 677 526; x_wconf 75' lang='lat' dir='ltr'><strong>defecit,</strong></span> <span class='ocrx_word' id='word_1_56' title='bbox 710 493 793 517; x_wconf 91' lang='lat' dir='ltr'><strong>cum</strong></span> <span class='ocrx_word' id='word_1_57' title='bbox 818 482 1099 528; x_wconf 87' lang='lat' dir='ltr'><strong>comperissent,</strong></span> <span class='ocrx_word' id='word_1_58' title='bbox 1132 482 1278 529; x_wconf 82' lang='lat' dir='ltr'><strong>opinor,</strong></span> <span class='ocrx_word' id='word_1_59' title='bbox 1304 482 1551 518; x_wconf 79' lang='lat' dir='ltr'><strong>Athenienses</strong></span> <span class='ocrx_word' id='word_1_60' title='bbox 1575 481 1615 519; x_wconf 86' lang='lat' dir='ltr'><strong>id</strong></span> <span class='ocrx_word' id='word_1_61' title='bbox 1639 494 1763 530; x_wconf 81' lang='lat' dir='ltr'><strong>agere,</strong></span> 
     </span>
     <span class='ocr_line' id='line_1_8' title="bbox 211 510 1762 576; baseline 0.003 -13"><span class='ocrx_word' id='word_1_62' title='bbox 211 554 214 557; x_wconf 30' lang='grc' dir='ltr'><em>ψ</em></span> <span class='ocrx_word' id='word_1_63' title='bbox 241 530 284 563; x_wconf 88' lang='grc'><strong>01</strong></span> <span class='ocrx_word' id='word_1_64' title='bbox 309 528 530 564; x_wconf 85' lang='lat' dir='ltr'><strong>continentis</strong></span> <span class='ocrx_word' id='word_1_65' title='bbox 552 540 654 564; x_wconf 89' lang='lat' dir='ltr'><strong>oram</strong></span> <span class='ocrx_word' id='word_1_66' title='bbox 669 510 869 565; x_wconf 68' lang='lat' dir='ltr'><strong>’finitimam</strong></span> <span class='ocrx_word' id='word_1_67' title='bbox 889 529 1045 566; x_wconf 90' lang='lat' dir='ltr'><strong>coloniis</strong></span> <span class='ocrx_word' id='word_1_68' title='bbox 1065 531 1304 576; x_wconf 88' lang='lat' dir='ltr'><strong>occuparent:</strong></span> <span class='ocrx_word' id='word_1_69' title='bbox 1330 530 1585 574; x_wconf 75' lang='lat' dir='ltr'><strong>Athenienses,</strong></span> <span class='ocrx_word' id='word_1_70' title='bbox 1609 532 1653 566; x_wconf 91' lang='lat' dir='ltr'><strong>ut</strong></span> <span class='ocrx_word' id='word_1_71' title='bbox 1669 531 1762 567; x_wconf 82' lang='lat' dir='ltr'><strong>veri-</strong></span> 
     </span>
     <span class='ocr_line' id='line_1_9' title="bbox 243 558 1762 624; baseline 0.003 -14"><span class='ocrx_word' id='word_1_72' title='bbox 243 575 363 610; x_wconf 90' lang='lat' dir='ltr'><strong>simile</strong></span> <span class='ocrx_word' id='word_1_73' title='bbox 401 577 473 620; x_wconf 89' lang='lat' dir='ltr'><strong>est,</strong></span> <span class='ocrx_word' id='word_1_74' title='bbox 512 576 638 612; x_wconf 88' lang='lat' dir='ltr'><strong>statim</strong></span> <span class='ocrx_word' id='word_1_75' title='bbox 675 588 789 612; x_wconf 92' lang='lat' dir='ltr'><strong>verno</strong></span> <span class='ocrx_word' id='word_1_76' title='bbox 822 580 990 622; x_wconf 75' lang='lat' dir='ltr'><strong>tempore</strong></span> <span class='ocrx_word' id='word_1_77' title='bbox 1021 577 1244 613; x_wconf 87' lang='lat' dir='ltr'><strong>Thasiorum</strong></span> <span class='ocrx_word' id='word_1_78' title='bbox 1274 578 1428 613; x_wconf 83' lang='lat' dir='ltr'><strong>classem</strong></span> <span class='ocrx_word' id='word_1_79' title='bbox 1458 558 1585 613; x_wconf 78' lang='lat' dir='ltr'><strong>navali</strong></span> <span class='ocrx_word' id='word_1_80' title='bbox 1620 578 1762 624; x_wconf 80' lang='lat' dir='ltr'><strong>proelio</strong></span> 
     </span>
     <span class='ocr_line' id='line_1_10' title="bbox 244 623 1763 670; baseline 0.003 -13"><span class='ocrx_word' id='word_1_81' title='bbox 244 624 511 667; x_wconf 85' lang='lat' dir='ltr'><strong>superaverunt</strong></span> <span class='ocrx_word' id='word_1_82' title='bbox 535 626 572 658; x_wconf 90' lang='lat' dir='ltr'><strong>et</strong></span> <span class='ocrx_word' id='word_1_83' title='bbox 596 623 725 659; x_wconf 89' lang='lat' dir='ltr'><strong>urbem</strong></span> <span class='ocrx_word' id='word_1_84' title='bbox 752 624 943 660; x_wconf 88' lang='lat' dir='ltr'><strong>obsidione</strong></span> <span class='ocrx_word' id='word_1_85' title='bbox 963 624 1172 660; x_wconf 88' lang='lat' dir='ltr'><strong>cinxerunt.</strong></span> <span class='ocrx_word' id='word_1_86' title='bbox 1199 625 1373 660; x_wconf 89' lang='lat' dir='ltr'><strong>continuo</strong></span> <span class='ocrx_word' id='word_1_87' title='bbox 1394 626 1537 670; x_wconf 89' lang='lat' dir='ltr'><strong>autem,</strong></span> <span class='ocrx_word' id='word_1_88' title='bbox 1562 626 1704 662; x_wconf 84' lang='lat' dir='ltr'><strong>aestate</strong></span> <span class='ocrx_word' id='word_1_89' title='bbox 1718 625 1763 662; x_wconf 87' lang='lat' dir='ltr'><strong>¹ut</strong></span> 
     </span>
    </p>
   </div>
   <div class='ocr_carea' id='block_1_3' title="bbox 242 670 1807 764">
    <p class='ocr_par' dir='ltr' id='par_1_3' title="bbox 242 670 1807 764">
     <span class='ocr_line' id='line_1_11' title="bbox 242 670 1785 724; baseline 0.003 -20"><span class='ocrx_word' id='word_1_90' title='bbox 242 670 406 715; x_wconf 89' lang='lat' dir='ltr'><strong>videtur,</strong></span> <span class='ocrx_word' id='word_1_91' title='bbox 434 670 709 724; x_wconf 85' lang='lat' dir='ltr'><strong>expeditionem</strong></span> <span class='ocrx_word' id='word_1_92' title='bbox 734 672 782 706; x_wconf 90' lang='lat' dir='ltr'><strong>ad</strong></span> <span class='ocrx_word' id='word_1_93' title='bbox 808 672 892 717; x_wconf 84' lang='lat' dir='ltr'><strong>Stry</strong></span> <span class='ocrx_word' id='word_1_94' title='bbox 896 683 1059 717; x_wconf 88' lang='lat' dir='ltr'><strong>monem,</strong></span> <span class='ocrx_word' id='word_1_95' title='bbox 1091 683 1201 717; x_wconf 89' lang='lat' dir='ltr'><strong>quam</strong></span> <span class='ocrx_word' id='word_1_96' title='bbox 1234 673 1473 717; x_wconf 87' lang='lat' dir='ltr'><strong>paraverant,</strong></span> <span class='ocrx_word' id='word_1_97' title='bbox 1505 674 1762 718; x_wconf 78' lang='lat' dir='ltr'><strong>susceperunt3</strong></span> <span class='ocrx_word' id='word_1_98' title='bbox 1780 688 1785 689; x_wconf 45' lang='lat'><em>⁷</em></span> 
     </span>
     <span class='ocr_line' id='line_1_12' title="bbox 243 699 1807 764; baseline 0.003 -12"><span class='ocrx_word' id='word_1_99' title='bbox 243 717 307 752; x_wconf 86' lang='lat' dir='ltr'><strong>sed</strong></span> <span class='ocrx_word' id='word_1_100' title='bbox 333 699 433 752; x_wconf 83' lang='lat' dir='ltr'><strong>hau&#39;d</strong></span> <span class='ocrx_word' id='word_1_101' title='bbox 457 717 512 753; x_wconf 89' lang='lat' dir='ltr'><strong>ita</strong></span> <span class='ocrx_word' id='word_1_102' title='bbox 536 718 654 754; x_wconf 89' lang='lat' dir='ltr'><strong>multo</strong></span> <span class='ocrx_word' id='word_1_103' title='bbox 680 721 784 764; x_wconf 89' lang='lat' dir='ltr'><strong>post,</strong></span> <span class='ocrx_word' id='word_1_104' title='bbox 814 718 936 754; x_wconf 90' lang='lat' dir='ltr'><strong>hieme</strong></span> <span class='ocrx_word' id='word_1_105' title='bbox 962 718 1243 754; x_wconf 85' lang='lat' dir='ltr'><strong>Atheniensium</strong></span> <span class='ocrx_word' id='word_1_106' title='bbox 1276 719 1397 755; x_wconf 90' lang='lat' dir='ltr'><strong>coloni</strong></span> <span class='ocrx_word' id='word_1_107' title='bbox 1421 719 1584 755; x_wconf 86' lang='lat' dir='ltr'><strong>maxima</strong></span> <span class='ocrx_word' id='word_1_108' title='bbox 1609 719 1714 756; x_wconf 86' lang='lat' dir='ltr'><strong>clade</strong></span> <span class='ocrx_word' id='word_1_109' title='bbox 1739 731 1763 756; x_wconf 82' lang='lat' dir='ltr'><strong>a</strong></span> <span class='ocrx_word' id='word_1_110' title='bbox 1805 760 1807 762; x_wconf 18' lang='lat' dir='ltr'>v</span> 
     </span>
    </p>
   </div>
   <div class='ocr_carea' id='block_1_4' title="bbox 236 765 1765 1473">
    <p class='ocr_par' dir='ltr' id='par_1_4' title="bbox 236 765 1765 1473">
     <span class='ocr_line' id='line_1_13' title="bbox 243 765 1759 808; baseline 0.002 -9"><span class='ocrx_word' id='word_1_111' title='bbox 243 765 454 800; x_wconf 81' lang='lat' dir='ltr'><strong>Thracibus</strong></span> <span class='ocrx_word' id='word_1_112' title='bbox 471 765 606 808; x_wconf 64' lang='lat' dir='ltr'><strong>afflicti</strong></span> <span class='ocrx_word' id='word_1_113' title='bbox 630 767 730 801; x_wconf 87' lang='lat' dir='ltr'><strong>sunt:</strong></span> <span class='ocrx_word' id='word_1_114' title='bbox 757 767 851 801; x_wconf 90' lang='lat' dir='ltr'><strong>hanc</strong></span> <span class='ocrx_word' id='word_1_115' title='bbox 877 766 1131 801; x_wconf 76' lang='lat' dir='ltr'><strong>calamitatem</strong></span> <span class='ocrx_word' id='word_1_116' title='bbox 1157 766 1359 802; x_wconf 88' lang='lat' dir='ltr'><strong>scholiasta</strong></span> <span class='ocrx_word' id='word_1_117' title='bbox 1377 766 1570 802; x_wconf 87' lang='lat' dir='ltr'><strong>Aeschinis</strong></span> <span class='ocrx_word' id='word_1_118' title='bbox 1588 767 1623 802; x_wconf 91' lang='lat' dir='ltr'><strong>d.</strong></span> <span class='ocrx_word' id='word_1_119' title='bbox 1637 767 1662 804; x_wconf 87' lang='lat' dir='ltr'><strong>f.</strong></span> <span class='ocrx_word' id='word_1_120' title='bbox 1675 767 1700 802; x_wconf 93' lang='lat' dir='ltr'><strong>l.</strong></span> <span class='ocrx_word' id='word_1_121' title='bbox 1715 771 1759 803; x_wconf 82' lang='lat'><strong>31</strong></span> 
     </span>
     <span class='ocr_line' id='line_1_14' title="bbox 244 809 1760 859; baseline 0.002 -13"><span class='ocrx_word' id='word_1_122' title='bbox 244 809 306 847; x_wconf 79' lang='grc' dir='ltr'><strong>ἐπὶ</strong></span> <span class='ocrx_word' id='word_1_123' title='bbox 331 810 587 856; x_wconf 79' lang='grc' dir='ltr'><strong><em>Λυσικράτους</em></strong></span> <span class='ocrx_word' id='word_1_124' title='bbox 612 813 789 848; x_wconf 86' lang='lat' dir='ltr'><strong>accidisse</strong></span> <span class='ocrx_word' id='word_1_125' title='bbox 819 814 994 848; x_wconf 83' lang='lat' dir='ltr'><strong>testatur.</strong></span> <span class='ocrx_word' id='word_1_126' title='bbox 1026 813 1208 858; x_wconf 82' lang='lat' dir='ltr'><strong>praetoris</strong></span> <span class='ocrx_word' id='word_1_127' title='bbox 1239 824 1375 849; x_wconf 90' lang='lat' dir='ltr'><strong>nomen</strong></span> <span class='ocrx_word' id='word_1_128' title='bbox 1406 815 1636 859; x_wconf 87' lang='lat' dir='ltr'><strong>corruptum,</strong></span> <span class='ocrx_word' id='word_1_129' title='bbox 1667 815 1760 850; x_wconf 89' lang='lat' dir='ltr'><strong>Kru-</strong></span> 
     </span>
     <span class='ocr_line' id='line_1_15' title="bbox 241 842 1760 914; baseline 0.002 -20"><span class='ocrx_word' id='word_1_130' title='bbox 241 870 350 903; x_wconf 85' lang='lat' dir='ltr'><strong>gerus</strong></span> <span class='ocrx_word' id='word_1_131' title='bbox 375 859 556 895; x_wconf 89' lang='lat' dir='ltr'><strong>facillima</strong></span> <span class='ocrx_word' id='word_1_132' title='bbox 580 861 786 914; x_wconf 86' lang='lat' dir='ltr'><strong>mutatione</strong></span> <span class='ocrx_word' id='word_1_133' title='bbox 812 859 1064 904; x_wconf 80' lang='grc' dir='ltr'><em>Λυσιστράτου</em></span> <span class='ocrx_word' id='word_1_134' title='bbox 1090 861 1265 905; x_wconf 83' lang='lat' dir='ltr'><strong>restituit,</strong></span> <span class='ocrx_word' id='word_1_135' title='bbox 1291 862 1334 896; x_wconf 88' lang='lat' dir='ltr'><strong>ut</strong></span> <span class='ocrx_word' id='word_1_136' title='bbox 1358 861 1481 896; x_wconf 82' lang='lat' dir='ltr'><strong>clades</strong></span> <span class='ocrx_word' id='word_1_137' title='bbox 1506 860 1573 896; x_wconf 88' lang='lat' dir='ltr'><strong>illa</strong></span> <span class='ocrx_word' id='word_1_138' title='bbox 1592 842 1648 897; x_wconf 87' lang='grc'><strong>01.</strong></span> <span class='ocrx_word' id='word_1_139' title='bbox 1668 865 1724 907; x_wconf 87' lang='grc'><strong>78,</strong></span> <span class='ocrx_word' id='word_1_140' title='bbox 1738 866 1760 897; x_wconf 76' lang='grc'>2</span> 
     </span>
     <span class='ocr_line' id='line_1_16' title="bbox 241 891 1762 964; baseline 0.002 -23"><span class='ocrx_word' id='word_1_141' title='bbox 241 906 437 942; x_wconf 82' lang='lat' dir='ltr'><strong>acciderit:</strong></span> <span class='ocrx_word' id='word_1_142' title='bbox 472 908 564 942; x_wconf 89' lang='lat' dir='ltr'><strong>haec</strong></span> <span class='ocrx_word' id='word_1_143' title='bbox 589 907 685 943; x_wconf 88' lang='lat' dir='ltr'><strong>ratio</strong></span> <span class='ocrx_word' id='word_1_144' title='bbox 711 907 741 942; x_wconf 86' lang='lat' dir='ltr'><strong>si</strong></span> <span class='ocrx_word' id='word_1_145' title='bbox 765 909 866 943; x_wconf 89' lang='grc'>16616</span> <span class='ocrx_word' id='word_1_146' title='bbox 892 918 930 942; x_wconf 87' lang='grc'><strong>86</strong></span> <span class='ocrx_word' id='word_1_147' title='bbox 955 907 1127 952; x_wconf 85' lang='lat' dir='ltr'><strong>haberet,</strong></span> <span class='ocrx_word' id='word_1_148' title='bbox 1158 909 1277 953; x_wconf 87' lang='lat' dir='ltr'><strong>possis</strong></span> <span class='ocrx_word' id='word_1_149' title='bbox 1304 908 1483 954; x_wconf 87' lang='lat' dir='ltr'><strong>suspicari</strong></span> <span class='ocrx_word' id='word_1_150' title='bbox 1507 891 1762 964; x_wconf 73' lang='grc' dir='ltr'><strong><em>Λυσικράτους</em></strong></span> 
     </span>
     <span class='ocr_line' id='line_1_17' title="bbox 240 953 1764 1001; baseline 0.002 -13"><span class='ocrx_word' id='word_1_151' title='bbox 240 964 374 988; x_wconf 90' lang='lat' dir='ltr'><strong>nomen</strong></span> <span class='ocrx_word' id='word_1_152' title='bbox 399 953 482 989; x_wconf 89' lang='lat' dir='ltr'><strong>vitii</strong></span> <span class='ocrx_word' id='word_1_153' title='bbox 506 955 669 990; x_wconf 89' lang='lat' dir='ltr'><strong>immune</strong></span> <span class='ocrx_word' id='word_1_154' title='bbox 696 966 775 990; x_wconf 87' lang='lat' dir='ltr'><strong>esse</strong></span> <span class='ocrx_word' id='word_1_155' title='bbox 802 958 840 990; x_wconf 89' lang='grc'><strong>61</strong></span> <span class='ocrx_word' id='word_1_156' title='bbox 864 955 987 1001; x_wconf 89' lang='lat' dir='ltr'><strong>potius</strong></span> <span class='ocrx_word' id='word_1_157' title='bbox 1014 956 1113 1001; x_wconf 89' lang='lat' dir='ltr'><strong>apud</strong></span> <span class='ocrx_word' id='word_1_158' title='bbox 1134 955 1335 991; x_wconf 89' lang='lat' dir='ltr'><strong>Diodorum</strong></span> <span class='ocrx_word' id='word_1_159' title='bbox 1359 955 1399 991; x_wconf 88' lang='lat' dir='ltr'><strong>id</strong></span> <span class='ocrx_word' id='word_1_160' title='bbox 1424 955 1437 990; x_wconf 93' lang='lat' dir='ltr'><strong>i</strong></span> <span class='ocrx_word' id='word_1_161' title='bbox 1464 967 1545 991; x_wconf 90' lang='lat' dir='ltr'><strong>sum</strong></span> <span class='ocrx_word' id='word_1_162' title='bbox 1563 967 1698 992; x_wconf 90' lang='lat' dir='ltr'><strong>nomen</strong></span> <span class='ocrx_word' id='word_1_163' title='bbox 1721 956 1764 992; x_wconf 83' lang='lat' dir='ltr'><strong>in</strong></span> 
     </span>
     <span class='ocr_line' id='line_1_18' title="bbox 240 999 1760 1048; baseline 0.003 -13"><span class='ocrx_word' id='word_1_164' title='bbox 240 1003 361 1036; x_wconf 88' lang='lat' dir='ltr'><strong>locum</strong></span> <span class='ocrx_word' id='word_1_165' title='bbox 388 999 641 1045; x_wconf 78' lang='grc' dir='ltr'><strong><em>Λυσιστράτου</em></strong></span> <span class='ocrx_word' id='word_1_166' title='bbox 667 1002 984 1038; x_wconf 85' lang='lat' dir='ltr'><strong>substituendum:</strong></span> <span class='ocrx_word' id='word_1_167' title='bbox 1010 1005 1099 1038; x_wconf 89' lang='lat' dir='ltr'><strong>tunc</strong></span> <span class='ocrx_word' id='word_1_168' title='bbox 1125 1002 1239 1048; x_wconf 87' lang='lat' dir='ltr'><strong>igitur</strong></span> <span class='ocrx_word' id='word_1_169' title='bbox 1264 1003 1407 1038; x_wconf 88' lang='lat' dir='ltr'><strong>Thasus</strong></span> <span class='ocrx_word' id='word_1_170' title='bbox 1460 1003 1571 1039; x_wconf 87' lang='lat' dir='ltr'><strong>efecit</strong></span> <span class='ocrx_word' id='word_1_171' title='bbox 1591 1003 1760 1046; x_wconf 90' lang='grc'>01.78,1</span> 
     </span>
     <span class='ocr_line' id='line_1_19' title="bbox 240 1049 1762 1103; baseline 0.003 -21"><span class='ocrx_word' id='word_1_172' title='bbox 240 1060 284 1082; x_wconf 85' lang='lat' dir='ltr'><strong>ac</strong></span> <span class='ocrx_word' id='word_1_173' title='bbox 310 1049 403 1083; x_wconf 90' lang='lat' dir='ltr'><strong>nihil</strong></span> <span class='ocrx_word' id='word_1_174' title='bbox 429 1049 620 1095; x_wconf 88' lang='lat' dir='ltr'><strong>prohibet,</strong></span> <span class='ocrx_word' id='word_1_175' title='bbox 645 1050 842 1094; x_wconf 89' lang='lat' dir='ltr'><strong>quominus</strong></span> <span class='ocrx_word' id='word_1_176' title='bbox 862 1050 1070 1103; x_wconf 75' lang='lat' dir='ltr'><strong>Kriigerum</strong></span> <span class='ocrx_word' id='word_1_177' title='bbox 1091 1051 1209 1086; x_wconf 90' lang='lat' dir='ltr'><strong>secuti</strong></span> <span class='ocrx_word' id='word_1_178' title='bbox 1229 1049 1392 1085; x_wconf 88' lang='lat' dir='ltr'><strong>Cimonis</strong></span> <span class='ocrx_word' id='word_1_179' title='bbox 1419 1050 1614 1086; x_wconf 87' lang='lat' dir='ltr'><strong>victoriam</strong></span> <span class='ocrx_word' id='word_1_180' title='bbox 1637 1051 1686 1086; x_wconf 85' lang='lat' dir='ltr'><strong>ad</strong></span> <span class='ocrx_word' id='word_1_181' title='bbox 1706 1050 1762 1087; x_wconf 89' lang='lat' dir='ltr'><strong>Ol.</strong></span> 
     </span>
     <span class='ocr_line' id='line_1_20' title="bbox 240 1096 1764 1142; baseline 0.002 -12"><span class='ocrx_word' id='word_1_182' title='bbox 240 1099 295 1140; x_wconf 91' lang='lat'><strong>77,</strong></span> <span class='ocrx_word' id='word_1_183' title='bbox 322 1100 343 1130; x_wconf 90' lang='lat'><strong>3</strong></span> <span class='ocrx_word' id='word_1_184' title='bbox 369 1096 582 1132; x_wconf 88' lang='lat' dir='ltr'><strong>referamus.</strong></span> <span class='ocrx_word' id='word_1_185' title='bbox 634 1097 706 1132; x_wconf 85' lang='lat' dir='ltr'><strong>Sed</strong></span> <span class='ocrx_word' id='word_1_186' title='bbox 740 1109 823 1132; x_wconf 88' lang='lat' dir='ltr'><strong>cum</strong></span> <span class='ocrx_word' id='word_1_187' title='bbox 854 1098 1107 1142; x_wconf 87' lang='lat' dir='ltr'><strong>proximorum</strong></span> <span class='ocrx_word' id='word_1_188' title='bbox 1141 1108 1319 1132; x_wconf 89' lang='lat' dir='ltr'><strong>annorum</strong></span> <span class='ocrx_word' id='word_1_189' title='bbox 1346 1097 1588 1142; x_wconf 84' lang='lat' dir='ltr'><strong>magistratus</strong></span> <span class='ocrx_word' id='word_1_190' title='bbox 1613 1097 1764 1133; x_wconf 86' lang='lat' dir='ltr'><strong>nomina</strong></span> 
     </span>
     <span class='ocr_line' id='line_1_21' title="bbox 239 1142 1765 1188; baseline 0.002 -11"><span class='ocrx_word' id='word_1_191' title='bbox 239 1142 377 1178; x_wconf 87' lang='lat' dir='ltr'><strong>similia</strong></span> <span class='ocrx_word' id='word_1_192' title='bbox 396 1146 538 1188; x_wconf 83' lang='lat' dir='ltr'><strong>gerant,</strong></span> <span class='ocrx_word' id='word_1_193' title='bbox 566 1144 620 1179; x_wconf 92' lang='lat' dir='ltr'><strong>Ol.</strong></span> <span class='ocrx_word' id='word_1_194' title='bbox 645 1147 700 1186; x_wconf 89' lang='lat'><strong>78,</strong></span> <span class='ocrx_word' id='word_1_195' title='bbox 722 1149 742 1179; x_wconf 88' lang='grc'><strong>3</strong></span> <span class='ocrx_word' id='word_1_196' title='bbox 761 1145 964 1188; x_wconf 81' lang='grc' dir='ltr'><strong><em>Λυσανίας,</em></strong></span> <span class='ocrx_word' id='word_1_197' title='bbox 991 1144 1045 1179; x_wconf 90' lang='lat' dir='ltr'><strong>Ol.</strong></span> <span class='ocrx_word' id='word_1_198' title='bbox 1068 1149 1123 1188; x_wconf 86' lang='lat'><strong>78,</strong></span> <span class='ocrx_word' id='word_1_199' title='bbox 1144 1149 1166 1179; x_wconf 87' lang='grc'><strong>4</strong></span> <span class='ocrx_word' id='word_1_200' title='bbox 1186 1146 1383 1188; x_wconf 81' lang='grc' dir='ltr'><strong><em>Λυσίθεος,</em></strong></span> <span class='ocrx_word' id='word_1_201' title='bbox 1403 1145 1546 1180; x_wconf 87' lang='lat' dir='ltr'><strong>incerta</strong></span> <span class='ocrx_word' id='word_1_202' title='bbox 1564 1145 1623 1180; x_wconf 89' lang='lat' dir='ltr'><strong>est</strong></span> <span class='ocrx_word' id='word_1_203' title='bbox 1640 1157 1765 1181; x_wconf 84' lang='grc'>6111611-</span> 
     </span>
     <span class='ocr_line' id='line_1_22' title="bbox 239 1190 1763 1235; baseline 0.002 -11"><span class='ocrx_word' id='word_1_204' title='bbox 239 1190 359 1232; x_wconf 83' lang='lat' dir='ltr'><strong>dati03</strong></span> <span class='ocrx_word' id='word_1_205' title='bbox 385 1190 479 1226; x_wconf 90' lang='lat' dir='ltr'><strong>illud</strong></span> <span class='ocrx_word' id='word_1_206' title='bbox 505 1191 662 1235; x_wconf 88' lang='lat' dir='ltr'><strong>certum,</strong></span> <span class='ocrx_word' id='word_1_207' title='bbox 690 1204 804 1226; x_wconf 90' lang='lat' dir='ltr'><strong>unum</strong></span> <span class='ocrx_word' id='word_1_208' title='bbox 830 1204 874 1227; x_wconf 89' lang='lat' dir='ltr'><strong>ex</strong></span> <span class='ocrx_word' id='word_1_209' title='bbox 898 1191 1017 1227; x_wconf 89' lang='lat' dir='ltr'><strong>tribus</strong></span> <span class='ocrx_word' id='word_1_210' title='bbox 1035 1192 1144 1226; x_wconf 90' lang='lat' dir='ltr'><strong>huius</strong></span> <span class='ocrx_word' id='word_1_211' title='bbox 1165 1192 1316 1227; x_wconf 89' lang='lat' dir='ltr'><strong>triennii</strong></span> <span class='ocrx_word' id='word_1_212' title='bbox 1334 1191 1545 1227; x_wconf 87' lang='lat' dir='ltr'><strong>nominibus</strong></span> <span class='ocrx_word' id='word_1_213' title='bbox 1565 1193 1763 1228; x_wconf 88' lang='lat' dir='ltr'><strong>restituen-</strong></span> 
     </span>
     <span class='ocr_line' id='line_1_23' title="bbox 238 1237 1764 1282; baseline 0.003 -11"><span class='ocrx_word' id='word_1_214' title='bbox 238 1237 325 1272; x_wconf 88' lang='lat' dir='ltr'><strong>dum</strong></span> <span class='ocrx_word' id='word_1_215' title='bbox 352 1249 440 1272; x_wconf 89' lang='lat' dir='ltr'><strong>esse.</strong></span> <span class='ocrx_word' id='word_1_216' title='bbox 484 1237 666 1282; x_wconf 89' lang='lat' dir='ltr'><strong>Equidem</strong></span> <span class='ocrx_word' id='word_1_217' title='bbox 693 1239 863 1274; x_wconf 88' lang='lat' dir='ltr'><strong>omnibus</strong></span> <span class='ocrx_word' id='word_1_218' title='bbox 888 1250 1008 1274; x_wconf 85' lang='lat' dir='ltr'><strong>rerum</strong></span> <span class='ocrx_word' id='word_1_219' title='bbox 1035 1239 1232 1274; x_wconf 89' lang='lat' dir='ltr'><strong>momentis</strong></span> <span class='ocrx_word' id='word_1_220' title='bbox 1253 1239 1474 1274; x_wconf 81' lang='lat' dir='ltr'><strong>examinatis</strong></span> <span class='ocrx_word' id='word_1_221' title='bbox 1495 1239 1657 1275; x_wconf 89' lang='lat' dir='ltr'><strong>Clintoni</strong></span> <span class='ocrx_word' id='word_1_222' title='bbox 1677 1251 1764 1275; x_wconf 89' lang='lat' dir='ltr'><strong>con-</strong></span> 
     </span>
     <span class='ocr_line' id='line_1_24' title="bbox 237 1284 1762 1332; baseline 0.003 -14"><span class='ocrx_word' id='word_1_223' title='bbox 237 1284 416 1319; x_wconf 81' lang='lat' dir='ltr'><strong>iecturam</strong></span> <span class='ocrx_word' id='word_1_224' title='bbox 442 1296 576 1329; x_wconf 85' lang='lat' dir='ltr'><strong>sequor</strong></span> <span class='ocrx_word' id='word_1_225' title='bbox 602 1284 662 1320; x_wconf 83' lang='grc' dir='ltr'><strong>ἐπὶ</strong></span> <span class='ocrx_word' id='word_1_226' title='bbox 688 1285 898 1331; x_wconf 76' lang='grc' dir='ltr'><strong><em>Λυσιθὲου,</em></strong></span> <span class='ocrx_word' id='word_1_227' title='bbox 932 1287 1101 1331; x_wconf 87' lang='lat' dir='ltr'><strong>quamvis</strong></span> <span class='ocrx_word' id='word_1_228' title='bbox 1133 1286 1254 1321; x_wconf 91' lang='lat' dir='ltr'><strong>minus</strong></span> <span class='ocrx_word' id='word_1_229' title='bbox 1286 1286 1407 1321; x_wconf 80' lang='lat' dir='ltr'><strong>facilis</strong></span> <span class='ocrx_word' id='word_1_230' title='bbox 1432 1286 1619 1330; x_wconf 84' lang='lat' dir='ltr'><strong>videatur,</strong></span> <span class='ocrx_word' id='word_1_231' title='bbox 1649 1298 1762 1332; x_wconf 86' lang='lat' dir='ltr'><strong>quam</strong></span> 
     </span>
     <span class='ocr_line' id='line_1_25' title="bbox 236 1315 1763 1379; baseline 0.002 -12"><span class='ocrx_word' id='word_1_232' title='bbox 236 1334 323 1376; x_wconf 89' lang='lat' dir='ltr'><strong>post</strong></span> <span class='ocrx_word' id='word_1_233' title='bbox 342 1332 435 1367; x_wconf 90' lang='lat' dir='ltr'><strong>alios</strong></span> <span class='ocrx_word' id='word_1_234' title='bbox 456 1334 568 1368; x_wconf 87' lang='lat' dir='ltr'><strong>etiam</strong></span> <span class='ocrx_word' id='word_1_235' title='bbox 590 1332 766 1368; x_wconf 84' lang='lat' dir='ltr'><strong>Schaefer</strong></span> <span class='ocrx_word' id='word_1_236' title='bbox 784 1333 968 1378; x_wconf 86' lang='lat' dir='ltr'><strong>probavit.</strong></span> <span class='ocrx_word' id='word_1_237' title='bbox 1008 1333 1111 1368; x_wconf 89' lang='lat' dir='ltr'><strong>Tunc</strong></span> <span class='ocrx_word' id='word_1_238' title='bbox 1130 1333 1243 1379; x_wconf 89' lang='lat' dir='ltr'><strong>igitur</strong></span> <span class='ocrx_word' id='word_1_239' title='bbox 1265 1333 1407 1369; x_wconf 90' lang='lat' dir='ltr'><strong>Thasus</strong></span> <span class='ocrx_word' id='word_1_240' title='bbox 1427 1333 1565 1369; x_wconf 88' lang='lat' dir='ltr'><strong>defecit</strong></span> <span class='ocrx_word' id='word_1_241' title='bbox 1584 1315 1639 1369; x_wconf 85' lang='lat'>0&#39;1.</span> <span class='ocrx_word' id='word_1_242' title='bbox 1656 1337 1700 1369; x_wconf 91' lang='grc'><strong>78</strong></span> <span class='ocrx_word' id='word_1_243' title='bbox 1704 1338 1763 1379; x_wconf 75' lang='lat'><strong>,33</strong></span> 
     </span>
     <span class='ocr_line' id='line_1_26' title="bbox 238 1379 1763 1427; baseline 0.002 -13"><span class='ocrx_word' id='word_1_244' title='bbox 238 1391 281 1414; x_wconf 87' lang='lat' dir='ltr'><strong>ac</strong></span> <span class='ocrx_word' id='word_1_245' title='bbox 301 1379 332 1414; x_wconf 87' lang='lat' dir='ltr'><strong>si</strong></span> <span class='ocrx_word' id='word_1_246' title='bbox 351 1379 549 1415; x_wconf 86' lang='lat' dir='ltr'><strong>statuimus</strong></span> <span class='ocrx_word' id='word_1_247' title='bbox 569 1380 667 1415; x_wconf 86' lang='lat' dir='ltr'><strong>circa</strong></span> <span class='ocrx_word' id='word_1_248' title='bbox 686 1379 834 1418; x_wconf 88' lang='lat' dir='ltr'><strong>initium</strong></span> <span class='ocrx_word' id='word_1_249' title='bbox 855 1381 910 1415; x_wconf 85' lang='grc'><strong>01.</strong></span> <span class='ocrx_word' id='word_1_250' title='bbox 927 1385 970 1416; x_wconf 90' lang='grc'><strong>78</strong></span> <span class='ocrx_word' id='word_1_251' title='bbox 991 1381 1090 1426; x_wconf 91' lang='lat' dir='ltr'><strong>apud</strong></span> <span class='ocrx_word' id='word_1_252' title='bbox 1109 1380 1422 1426; x_wconf 87' lang='lat' dir='ltr'><strong>Eurymedontem</strong></span> <span class='ocrx_word' id='word_1_253' title='bbox 1441 1382 1648 1426; x_wconf 86' lang='lat' dir='ltr'><strong>pugnatum</strong></span> <span class='ocrx_word' id='word_1_254' title='bbox 1669 1391 1763 1427; x_wconf 87' lang='grc'>6886,</span> 
     </span>
     <span class='ocr_line' id='line_1_27' title="bbox 237 1426 1508 1473; baseline 0.002 -12"><span class='ocrx_word' id='word_1_255' title='bbox 237 1426 498 1470; x_wconf 84' lang='lat' dir='ltr'><strong>interstitium,</strong></span> <span class='ocrx_word' id='word_1_256' title='bbox 524 1428 622 1472; x_wconf 91' lang='lat' dir='ltr'><strong>quod</strong></span> <span class='ocrx_word' id='word_1_257' title='bbox 649 1428 878 1473; x_wconf 84' lang='lat' dir='ltr'><strong>Thucydidis</strong></span> <span class='ocrx_word' id='word_1_258' title='bbox 904 1428 1019 1463; x_wconf 87' lang='lat' dir='ltr'><strong>verba</strong></span> <span class='ocrx_word' id='word_1_259' title='bbox 1043 1429 1221 1473; x_wconf 85' lang='lat' dir='ltr'><strong>arguunt,</strong></span> <span class='ocrx_word' id='word_1_260' title='bbox 1246 1428 1348 1463; x_wconf 89' lang='lat' dir='ltr'><strong>nacti</strong></span> <span class='ocrx_word' id='word_1_261' title='bbox 1372 1439 1508 1465; x_wconf 89' lang='lat' dir='ltr'><strong>sumus.</strong></span> 
     </span>
    </p>
   </div>
   <div class='ocr_carea' id='block_1_5' title="bbox 208 1498 1763 2630">
    <p class='ocr_par' dir='ltr' id='par_1_5' title="bbox 208 1498 1763 2630">
     <span class='ocr_line' id='line_1_28' title="bbox 331 1498 1763 1544; baseline 0.002 -12"><span class='ocrx_word' id='word_1_262' title='bbox 331 1498 534 1543; x_wconf 87' lang='lat' dir='ltr'><strong>Postquam</strong></span> <span class='ocrx_word' id='word_1_263' title='bbox 554 1498 820 1534; x_wconf 86' lang='lat' dir='ltr'><strong>Themistocles</strong></span> <span class='ocrx_word' id='word_1_264' title='bbox 839 1500 1021 1534; x_wconf 89' lang='lat' dir='ltr'><strong>testarum</strong></span> <span class='ocrx_word' id='word_1_265' title='bbox 1047 1498 1231 1544; x_wconf 87' lang='lat' dir='ltr'><strong>suffragiis</strong></span> <span class='ocrx_word' id='word_1_266' title='bbox 1257 1499 1412 1534; x_wconf 87' lang='lat' dir='ltr'><strong>extorris</strong></span> <span class='ocrx_word' id='word_1_267' title='bbox 1436 1499 1557 1534; x_wconf 88' lang='lat' dir='ltr'><strong>factus</strong></span> <span class='ocrx_word' id='word_1_268' title='bbox 1583 1501 1675 1543; x_wconf 87' lang='lat' dir='ltr'><strong>erat,</strong></span> <span class='ocrx_word' id='word_1_269' title='bbox 1702 1499 1763 1535; x_wconf 86' lang='lat' dir='ltr'><strong>Oi-</strong></span> 
     </span>
     <span class='ocr_line' id='line_1_29' title="bbox 237 1543 1762 1592; baseline 0.001 -12"><span class='ocrx_word' id='word_1_270' title='bbox 237 1546 356 1580; x_wconf 87' lang='lat' dir='ltr'><strong>monis</strong></span> <span class='ocrx_word' id='word_1_271' title='bbox 381 1546 498 1581; x_wconf 90' lang='lat' dir='ltr'><strong>virtus</strong></span> <span class='ocrx_word' id='word_1_272' title='bbox 523 1546 674 1588; x_wconf 86' lang='lat' dir='ltr'><strong>enituit,</strong></span> <span class='ocrx_word' id='word_1_273' title='bbox 701 1547 739 1581; x_wconf 91' lang='lat' dir='ltr'><strong>et</strong></span> <span class='ocrx_word' id='word_1_274' title='bbox 756 1546 850 1582; x_wconf 89' lang='lat' dir='ltr'><strong>Eion</strong></span> <span class='ocrx_word' id='word_1_275' title='bbox 875 1547 1025 1591; x_wconf 88' lang='lat' dir='ltr'><strong>quidem</strong></span> <span class='ocrx_word' id='word_1_276' title='bbox 1053 1548 1163 1591; x_wconf 89' lang='lat' dir='ltr'><strong>capta</strong></span> <span class='ocrx_word' id='word_1_277' title='bbox 1189 1546 1244 1581; x_wconf 89' lang='lat' dir='ltr'><strong>Ol.</strong></span> <span class='ocrx_word' id='word_1_278' title='bbox 1267 1551 1321 1590; x_wconf 95' lang='grc'><strong>77,</strong></span> <span class='ocrx_word' id='word_1_279' title='bbox 1342 1551 1363 1581; x_wconf 87' lang='grc'><strong>3</strong></span> <span class='ocrx_word' id='word_1_280' title='bbox 1390 1543 1467 1591; x_wconf 78' lang='grc' dir='ltr'>(ἐπὶ</span> <span class='ocrx_word' id='word_1_281' title='bbox 1487 1547 1762 1592; x_wconf 74' lang='grc' dir='ltr'><strong>Δημοτίωνος),</strong></span> 
     </span>
     <span class='ocr_line' id='line_1_30' title="bbox 237 1592 1760 1639; baseline 0.002 -13"><span class='ocrx_word' id='word_1_282' title='bbox 237 1592 382 1627; x_wconf 87' lang='lat' dir='ltr'><strong>Cimoni</strong></span> <span class='ocrx_word' id='word_1_283' title='bbox 402 1594 440 1627; x_wconf 92' lang='lat' dir='ltr'><strong>et</strong></span> <span class='ocrx_word' id='word_1_284' title='bbox 459 1593 613 1639; x_wconf 83' lang='lat' dir='ltr'><strong>collegis</strong></span> <span class='ocrx_word' id='word_1_285' title='bbox 625 1593 828 1629; x_wconf 87' lang='lat' dir='ltr'><strong>victoribus</strong></span> <span class='ocrx_word' id='word_1_286' title='bbox 843 1594 1087 1629; x_wconf 88' lang='lat' dir='ltr'><strong>Athenienses</strong></span> <span class='ocrx_word' id='word_1_287' title='bbox 1108 1594 1316 1629; x_wconf 85' lang='lat' dir='ltr'><strong>hermarum</strong></span> <span class='ocrx_word' id='word_1_288' title='bbox 1338 1593 1626 1629; x_wconf 86' lang='lat' dir='ltr'><strong>dedicandorum</strong></span> <span class='ocrx_word' id='word_1_289' title='bbox 1645 1594 1760 1630; x_wconf 91' lang='lat' dir='ltr'><strong>hono-</strong></span> 
     </span>
     <span class='ocr_line' id='line_1_31' title="bbox 235 1640 1762 1686; baseline 0.003 -12"><span class='ocrx_word' id='word_1_290' title='bbox 235 1651 313 1674; x_wconf 87' lang='lat' dir='ltr'><strong>rem</strong></span> <span class='ocrx_word' id='word_1_291' title='bbox 339 1643 601 1676; x_wconf 87' lang='lat' dir='ltr'><strong>concesserunt</strong></span> <span class='ocrx_word' id='word_1_292' title='bbox 626 1640 713 1686; x_wconf 92' lang='lat' dir='ltr'><strong>(vid.</strong></span> <span class='ocrx_word' id='word_1_293' title='bbox 740 1640 912 1676; x_wconf 87' lang='lat' dir='ltr'><strong>Aeschin.</strong></span> <span class='ocrx_word' id='word_1_294' title='bbox 936 1641 974 1675; x_wconf 91' lang='lat' dir='ltr'><strong>in</strong></span> <span class='ocrx_word' id='word_1_295' title='bbox 995 1640 1157 1686; x_wconf 88' lang='lat' dir='ltr'><strong>Ctesiph.</strong></span> <span class='ocrx_word' id='word_1_296' title='bbox 1181 1644 1246 1676; x_wconf 88' lang='lat'><strong>183</strong></span> <span class='ocrx_word' id='word_1_297' title='bbox 1262 1644 1364 1686; x_wconf 87' lang='lat' dir='ltr'><strong>seq.),</strong></span> <span class='ocrx_word' id='word_1_298' title='bbox 1391 1640 1593 1685; x_wconf 87' lang='lat' dir='ltr'><strong>statimque</strong></span> <span class='ocrx_word' id='word_1_299' title='bbox 1614 1641 1762 1678; x_wconf 79' lang='lat' dir='ltr'><strong>colonia</strong></span> 
     </span>
     <span class='ocr_line' id='line_1_32' title="bbox 235 1686 1758 1733; baseline 0.002 -12"><span class='ocrx_word' id='word_1_300' title='bbox 235 1686 326 1721; x_wconf 92' lang='lat' dir='ltr'><strong>illuc</strong></span> <span class='ocrx_word' id='word_1_301' title='bbox 352 1687 523 1732; x_wconf 87' lang='lat' dir='ltr'><strong>deducta,</strong></span> <span class='ocrx_word' id='word_1_302' title='bbox 538 1687 708 1723; x_wconf 67' lang='lat' dir='ltr'><strong>vfortasse</strong></span> <span class='ocrx_word' id='word_1_303' title='bbox 733 1689 804 1723; x_wconf 91' lang='lat' dir='ltr'><strong>hoc</strong></span> <span class='ocrx_word' id='word_1_304' title='bbox 829 1688 912 1733; x_wconf 87' lang='lat' dir='ltr'><strong>ipso</strong></span> <span class='ocrx_word' id='word_1_305' title='bbox 939 1699 1052 1731; x_wconf 67' lang='lat' dir='ltr'><strong>anno,</strong></span> <span class='ocrx_word' id='word_1_306' title='bbox 1079 1689 1143 1723; x_wconf 92' lang='lat' dir='ltr'><strong>sed</strong></span> <span class='ocrx_word' id='word_1_307' title='bbox 1170 1688 1275 1723; x_wconf 88' lang='lat' dir='ltr'><strong>clade</strong></span> <span class='ocrx_word' id='word_1_308' title='bbox 1299 1688 1352 1723; x_wconf 88' lang='lat' dir='ltr'><strong>ibi</strong></span> <span class='ocrx_word' id='word_1_309' title='bbox 1377 1687 1509 1724; x_wconf 87' lang='lat' dir='ltr'><strong>afflicti</strong></span> <span class='ocrx_word' id='word_1_310' title='bbox 1535 1690 1621 1724; x_wconf 88' lang='lat' dir='ltr'><strong>sunt</strong></span> <span class='ocrx_word' id='word_1_311' title='bbox 1644 1688 1758 1724; x_wconf 87' lang='lat' dir='ltr'><strong>Athe·</strong></span> 
     </span>
     <span class='ocr_line' id='line_1_33' title="bbox 235 1732 1758 1780; baseline 0.003 -12"><span class='ocrx_word' id='word_1_312' title='bbox 235 1734 378 1769; x_wconf 88' lang='lat' dir='ltr'><strong>nienses</strong></span> <span class='ocrx_word' id='word_1_313' title='bbox 403 1734 573 1780; x_wconf 88' lang='lat' dir='ltr'><strong>proximo</strong></span> <span class='ocrx_word' id='word_1_314' title='bbox 599 1747 695 1770; x_wconf 89' lang='lat' dir='ltr'><strong>anno</strong></span> <span class='ocrx_word' id='word_1_315' title='bbox 721 1735 777 1770; x_wconf 91' lang='lat' dir='ltr'><strong>Ol.</strong></span> <span class='ocrx_word' id='word_1_316' title='bbox 805 1739 861 1779; x_wconf 93' lang='lat'><strong>77,</strong></span> <span class='ocrx_word' id='word_1_317' title='bbox 887 1739 909 1770; x_wconf 88' lang='grc'>4</span> <span class='ocrx_word' id='word_1_318' title='bbox 935 1733 1013 1779; x_wconf 80' lang='grc' dir='ltr'>(ἐπὶ</span> <span class='ocrx_word' id='word_1_319' title='bbox 1034 1732 1296 1780; x_wconf 79' lang='grc' dir='ltr'><strong><em>Ἆψεφίωνος);</em></strong></span> <span class='ocrx_word' id='word_1_320' title='bbox 1334 1746 1419 1770; x_wconf 89' lang='lat' dir='ltr'><strong>nam</strong></span> <span class='ocrx_word' id='word_1_321' title='bbox 1452 1735 1655 1771; x_wconf 81' lang='lat' dir='ltr'><strong>scholiasta</strong></span> <span class='ocrx_word' id='word_1_322' title='bbox 1687 1737 1758 1772; x_wconf 83' lang='lat' dir='ltr'><strong>Ae-</strong></span> 
     </span>
     <span class='ocr_line' id='line_1_34' title="bbox 235 1781 1760 1828; baseline 0.002 -13"><span class='ocrx_word' id='word_1_323' title='bbox 235 1781 372 1816; x_wconf 80' lang='lat' dir='ltr'><strong>schinis</strong></span> <span class='ocrx_word' id='word_1_324' title='bbox 397 1792 471 1816; x_wconf 92' lang='lat' dir='ltr'><strong>non</strong></span> <span class='ocrx_word' id='word_1_325' title='bbox 496 1782 585 1817; x_wconf 85' lang='lat' dir='ltr'><strong>satis</strong></span> <span class='ocrx_word' id='word_1_326' title='bbox 605 1783 805 1827; x_wconf 86' lang='lat' dir='ltr'><strong>diligenter</strong></span> <span class='ocrx_word' id='word_1_327' title='bbox 823 1794 901 1818; x_wconf 90' lang='lat' dir='ltr'><strong>rem</strong></span> <span class='ocrx_word' id='word_1_328' title='bbox 922 1784 1081 1827; x_wconf 89' lang='lat' dir='ltr'><strong>enarrat,</strong></span> <span class='ocrx_word' id='word_1_329' title='bbox 1108 1784 1213 1827; x_wconf 86' lang='lat' dir='ltr'><strong>quasi</strong></span> <span class='ocrx_word' id='word_1_330' title='bbox 1231 1782 1346 1818; x_wconf 88' lang='lat' dir='ltr'><strong>iidem</strong></span> <span class='ocrx_word' id='word_1_331' title='bbox 1365 1783 1489 1827; x_wconf 89' lang='lat' dir='ltr'><strong>duces,</strong></span> <span class='ocrx_word' id='word_1_332' title='bbox 1509 1782 1574 1827; x_wconf 89' lang='lat' dir='ltr'><strong>qui</strong></span> <span class='ocrx_word' id='word_1_333' title='bbox 1592 1783 1760 1828; x_wconf 81' lang='lat' dir='ltr'><strong>ceperint</strong></span> 
     </span>
     <span class='ocr_line' id='line_1_35' title="bbox 234 1828 1760 1875; baseline 0.002 -12"><span class='ocrx_word' id='word_1_334' title='bbox 234 1828 401 1872; x_wconf 87' lang='lat' dir='ltr'><strong>Eionem,</strong></span> <span class='ocrx_word' id='word_1_335' title='bbox 428 1829 546 1864; x_wconf 89' lang='lat' dir='ltr'><strong>cladis</strong></span> <span class='ocrx_word' id='word_1_336' title='bbox 571 1830 816 1874; x_wconf 86' lang='lat' dir='ltr'><strong>ignominiam</strong></span> <span class='ocrx_word' id='word_1_337' title='bbox 841 1829 1007 1875; x_wconf 88' lang='lat' dir='ltr'><strong>perpessi</strong></span> <span class='ocrx_word' id='word_1_338' title='bbox 1027 1829 1110 1865; x_wconf 84' lang='lat' dir='ltr'><strong>sint.</strong></span> <span class='ocrx_word' id='word_1_339' title='bbox 1156 1829 1296 1866; x_wconf 89' lang='lat' dir='ltr'><strong>Eodem</strong></span> <span class='ocrx_word' id='word_1_340' title='bbox 1315 1841 1411 1865; x_wconf 88' lang='lat' dir='ltr'><strong>anno</strong></span> <span class='ocrx_word' id='word_1_341' title='bbox 1433 1830 1488 1866; x_wconf 93' lang='lat' dir='ltr'><strong>Ol.</strong></span> <span class='ocrx_word' id='word_1_342' title='bbox 1510 1834 1566 1874; x_wconf 92' lang='lat'><strong>77,</strong></span> <span class='ocrx_word' id='word_1_343' title='bbox 1585 1833 1608 1865; x_wconf 87' lang='lat'>4</span> <span class='ocrx_word' id='word_1_344' title='bbox 1629 1830 1760 1866; x_wconf 87' lang='lat' dir='ltr'><strong>Cimon</strong></span> 
     </span>
     <span class='ocr_line' id='line_1_36' title="bbox 237 1875 1758 1922; baseline 0.002 -12"><span class='ocrx_word' id='word_1_345' title='bbox 237 1875 388 1920; x_wconf 85' lang='lat' dir='ltr'><strong>Scyrum</strong></span> <span class='ocrx_word' id='word_1_346' title='bbox 415 1877 643 1921; x_wconf 84' lang='lat' dir='ltr'><strong>expugnavit</strong></span> <span class='ocrx_word' id='word_1_347' title='bbox 673 1879 710 1912; x_wconf 91' lang='lat' dir='ltr'><strong>et</strong></span> <span class='ocrx_word' id='word_1_348' title='bbox 735 1877 869 1912; x_wconf 87' lang='lat' dir='ltr'><strong>Thesei</strong></span> <span class='ocrx_word' id='word_1_349' title='bbox 894 1888 978 1912; x_wconf 89' lang='lat' dir='ltr'><strong>ossa</strong></span> <span class='ocrx_word' id='word_1_350' title='bbox 1004 1876 1168 1912; x_wconf 85' lang='lat' dir='ltr'><strong>Athenas</strong></span> <span class='ocrx_word' id='word_1_351' title='bbox 1200 1877 1370 1921; x_wconf 87' lang='lat' dir='ltr'><strong>deduxit,</strong></span> <span class='ocrx_word' id='word_1_352' title='bbox 1403 1877 1585 1922; x_wconf 86' lang='lat' dir='ltr'><strong>simulque</strong></span> <span class='ocrx_word' id='word_1_353' title='bbox 1617 1876 1758 1913; x_wconf 89' lang='lat' dir='ltr'><strong>bellum</strong></span> 
     </span>
     <span class='ocr_line' id='line_1_37' title="bbox 235 1922 1756 1968; baseline 0.002 -11"><span class='ocrx_word' id='word_1_354' title='bbox 235 1934 318 1958; x_wconf 90' lang='lat' dir='ltr'><strong>cum</strong></span> <span class='ocrx_word' id='word_1_355' title='bbox 350 1922 528 1968; x_wconf 86' lang='lat' dir='ltr'><strong>Carystiis</strong></span> <span class='ocrx_word' id='word_1_356' title='bbox 561 1923 714 1958; x_wconf 85' lang='lat' dir='ltr'><strong>exarsit:</strong></span> <span class='ocrx_word' id='word_1_357' title='bbox 750 1923 872 1958; x_wconf 90' lang='lat' dir='ltr'><strong>hieme</strong></span> <span class='ocrx_word' id='word_1_358' title='bbox 907 1924 1054 1959; x_wconf 88' lang='lat' dir='ltr'><strong>videtur</strong></span> <span class='ocrx_word' id='word_1_359' title='bbox 1085 1924 1211 1959; x_wconf 89' lang='lat' dir='ltr'><strong>Naxos</strong></span> <span class='ocrx_word' id='word_1_360' title='bbox 1243 1924 1437 1968; x_wconf 86' lang='lat' dir='ltr'><strong>defecisse,</strong></span> <span class='ocrx_word' id='word_1_361' title='bbox 1476 1924 1579 1960; x_wconf 91' lang='lat' dir='ltr'><strong>cuius</strong></span> <span class='ocrx_word' id='word_1_362' title='bbox 1611 1924 1756 1960; x_wconf 82' lang='lat' dir='ltr'><strong>insulae</strong></span> 
     </span>
     <span class='ocr_line' id='line_1_38' title="bbox 235 1969 1757 2015; baseline 0.001 -10"><span class='ocrx_word' id='word_1_363' title='bbox 235 1969 379 2005; x_wconf 89' lang='lat' dir='ltr'><strong>obsidio</strong></span> <span class='ocrx_word' id='word_1_364' title='bbox 405 1970 506 2005; x_wconf 91' lang='lat' dir='ltr'><strong>haud</strong></span> <span class='ocrx_word' id='word_1_365' title='bbox 531 1970 642 2006; x_wconf 89' lang='lat' dir='ltr'><strong>dubie</strong></span> <span class='ocrx_word' id='word_1_366' title='bbox 668 1970 843 2005; x_wconf 87' lang='lat' dir='ltr'><strong>diuturna</strong></span> <span class='ocrx_word' id='word_1_367' title='bbox 860 1970 949 2015; x_wconf 86' lang='lat' dir='ltr'><strong>fuit;</strong></span> <span class='ocrx_word' id='word_1_368' title='bbox 975 1971 1154 2006; x_wconf 86' lang='lat' dir='ltr'><strong>defecisse</strong></span> <span class='ocrx_word' id='word_1_369' title='bbox 1173 1970 1333 2006; x_wconf 85' lang='lat' dir='ltr'><strong>insulam</strong></span> <span class='ocrx_word' id='word_1_370' title='bbox 1352 1972 1438 2006; x_wconf 91' lang='lat' dir='ltr'><strong>ante</strong></span> <span class='ocrx_word' id='word_1_371' title='bbox 1458 1971 1621 2007; x_wconf 89' lang='lat' dir='ltr'><strong>Cimonis</strong></span> <span class='ocrx_word' id='word_1_372' title='bbox 1641 1971 1757 2008; x_wconf 83' lang='lat' dir='ltr'><strong>victo-</strong></span> 
     </span>
     <span class='ocr_line' id='line_1_39' title="bbox 235 2016 1759 2063; baseline 0.002 -12"><span class='ocrx_word' id='word_1_373' title='bbox 235 2016 328 2052; x_wconf 87' lang='lat' dir='ltr'><strong>riam</strong></span> <span class='ocrx_word' id='word_1_374' title='bbox 354 2020 496 2052; x_wconf 90' lang='lat' dir='ltr'><strong>certum</strong></span> <span class='ocrx_word' id='word_1_375' title='bbox 523 2019 596 2062; x_wconf 87' lang='lat' dir='ltr'><strong>est,</strong></span> <span class='ocrx_word' id='word_1_376' title='bbox 630 2018 694 2053; x_wconf 90' lang='lat' dir='ltr'><strong>sed</strong></span> <span class='ocrx_word' id='word_1_377' title='bbox 726 2018 919 2052; x_wconf 87' lang='lat' dir='ltr'><strong>subactam</strong></span> <span class='ocrx_word' id='word_1_378' title='bbox 951 2029 1031 2053; x_wconf 90' lang='lat' dir='ltr'><strong>esse</strong></span> <span class='ocrx_word' id='word_1_379' title='bbox 1062 2019 1265 2063; x_wconf 85' lang='lat' dir='ltr'><strong>antequam</strong></span> <span class='ocrx_word' id='word_1_380' title='bbox 1291 2017 1394 2054; x_wconf 89' lang='lat' dir='ltr'><strong>Cimo</strong></span> <span class='ocrx_word' id='word_1_381' title='bbox 1421 2018 1695 2063; x_wconf 86' lang='lat' dir='ltr'><strong>expeditionem</strong></span> <span class='ocrx_word' id='word_1_382' title='bbox 1719 2017 1759 2054; x_wconf 90' lang='lat' dir='ltr'><strong>in</strong></span> 
     </span>
     <span class='ocr_line' id='line_1_40' title="bbox 233 2064 1756 2110; baseline 0.001 -11"><span class='ocrx_word' id='word_1_383' title='bbox 233 2064 361 2099; x_wconf 88' lang='lat' dir='ltr'><strong>Asiam</strong></span> <span class='ocrx_word' id='word_1_384' title='bbox 386 2064 566 2110; x_wconf 85' lang='lat' dir='ltr'><strong>suscepit,</strong></span> <span class='ocrx_word' id='word_1_385' title='bbox 592 2065 745 2100; x_wconf 88' lang='lat' dir='ltr'><strong>minime</strong></span> <span class='ocrx_word' id='word_1_386' title='bbox 771 2076 815 2100; x_wconf 90' lang='lat' dir='ltr'><strong>ex</strong></span> <span class='ocrx_word' id='word_1_387' title='bbox 839 2064 1063 2110; x_wconf 88' lang='lat' dir='ltr'><strong>Thucydidis</strong></span> <span class='ocrx_word' id='word_1_388' title='bbox 1088 2065 1211 2100; x_wconf 87' lang='lat' dir='ltr'><strong>verbis</strong></span> <span class='ocrx_word' id='word_1_389' title='bbox 1237 2065 1426 2109; x_wconf 89' lang='lat' dir='ltr'><strong>conficias,</strong></span> <span class='ocrx_word' id='word_1_390' title='bbox 1464 2065 1528 2110; x_wconf 93' lang='lat' dir='ltr'><strong>qui</strong></span> <span class='ocrx_word' id='word_1_391' title='bbox 1552 2076 1598 2100; x_wconf 90' lang='lat' dir='ltr'><strong>ne</strong></span> <span class='ocrx_word' id='word_1_392' title='bbox 1623 2065 1756 2100; x_wconf 88' lang='lat' dir='ltr'><strong>intem-</strong></span> 
     </span>
     <span class='ocr_line' id='line_1_41' title="bbox 232 2111 1757 2158; baseline 0.001 -11"><span class='ocrx_word' id='word_1_393' title='bbox 232 2111 377 2156; x_wconf 91' lang='lat' dir='ltr'><strong>pestive</strong></span> <span class='ocrx_word' id='word_1_394' title='bbox 408 2112 658 2148; x_wconf 86' lang='lat' dir='ltr'><strong>narrationem</strong></span> <span class='ocrx_word' id='word_1_395' title='bbox 696 2113 976 2156; x_wconf 87' lang='lat' dir='ltr'><strong>intermitteret,</strong></span> <span class='ocrx_word' id='word_1_396' title='bbox 1015 2113 1081 2147; x_wconf 91' lang='lat' dir='ltr'><strong>ubi</strong></span> <span class='ocrx_word' id='word_1_397' title='bbox 1110 2111 1210 2147; x_wconf 82' lang='lat' dir='ltr'><strong>Naxi</strong></span> <span class='ocrx_word' id='word_1_398' title='bbox 1241 2112 1487 2148; x_wconf 89' lang='lat' dir='ltr'><strong>defectionem</strong></span> <span class='ocrx_word' id='word_1_399' title='bbox 1525 2112 1757 2158; x_wconf 79' lang='lat' dir='ltr'><strong>memoravit,</strong></span> 
     </span>
     <span class='ocr_line' id='line_1_42' title="bbox 208 2141 1756 2205; baseline 0.001 -11"><span class='ocrx_word' id='word_1_400' title='bbox 208 2174 212 2177; x_wconf 68' lang='grc'><strong>-</strong></span> <span class='ocrx_word' id='word_1_401' title='bbox 234 2159 361 2194; x_wconf 86' lang='lat' dir='ltr'><strong>statim</strong></span> <span class='ocrx_word' id='word_1_402' title='bbox 388 2160 575 2204; x_wconf 90' lang='lat' dir='ltr'><strong>quomodo</strong></span> <span class='ocrx_word' id='word_1_403' title='bbox 601 2160 843 2195; x_wconf 85' lang='lat' dir='ltr'><strong>Athenienses</strong></span> <span class='ocrx_word' id='word_1_404' title='bbox 870 2141 998 2195; x_wconf 87' lang='lat' dir='ltr'><strong>Naxiis</strong></span> <span class='ocrx_word' id='word_1_405' title='bbox 1025 2159 1189 2194; x_wconf 90' lang='lat' dir='ltr'><strong>subactis</strong></span> <span class='ocrx_word' id='word_1_406' title='bbox 1221 2159 1491 2205; x_wconf 84' lang='lat' dir='ltr'><strong>consuluerint,</strong></span> <span class='ocrx_word' id='word_1_407' title='bbox 1523 2159 1646 2195; x_wconf 84' lang='lat' dir='ltr'><strong>addit:</strong></span> <span class='ocrx_word' id='word_1_408' title='bbox 1681 2159 1756 2195; x_wconf 81' lang='lat' dir='ltr'><strong>for-</strong></span> 
     </span>
     <span class='ocr_line' id='line_1_43' title="bbox 231 2206 1758 2266; baseline 0.001 -25"><span class='ocrx_word' id='word_1_409' title='bbox 231 2207 333 2241; x_wconf 87' lang='lat' dir='ltr'><strong>tasse</strong></span> <span class='ocrx_word' id='word_1_410' title='bbox 359 2207 484 2241; x_wconf 85' lang='lat' dir='ltr'><strong>Naxus</strong></span> <span class='ocrx_word' id='word_1_411' title='bbox 506 2206 562 2242; x_wconf 91' lang='lat' dir='ltr'><strong>Ol.</strong></span> <span class='ocrx_word' id='word_1_412' title='bbox 584 2210 639 2250; x_wconf 89' lang='grc'><strong>78,</strong></span> <span class='ocrx_word' id='word_1_413' title='bbox 660 2211 680 2242; x_wconf 81' lang='grc'>2</span> <span class='ocrx_word' id='word_1_414' title='bbox 706 2207 854 2242; x_wconf 90' lang='lat' dir='ltr'><strong>demum</strong></span> <span class='ocrx_word' id='word_1_415' title='bbox 880 2218 1011 2242; x_wconf 89' lang='lat' dir='ltr'><strong>manus</strong></span> <span class='ocrx_word' id='word_1_416' title='bbox 1032 2207 1153 2242; x_wconf 88' lang='lat' dir='ltr'><strong>dedit.</strong></span> <span class='ocrx_word' id='word_1_417' title='bbox 1176 2207 1256 2252; x_wconf 89' lang='lat' dir='ltr'><strong>ipse</strong></span> <span class='ocrx_word' id='word_1_418' title='bbox 1276 2207 1477 2266; x_wconf 89' lang='lat' dir='ltr'><strong>aliquando</strong></span> <span class='ocrx_word' id='word_1_419' title='bbox 1496 2207 1639 2242; x_wconf 88' lang='lat' dir='ltr'><strong>conieci</strong></span> <span class='ocrx_word' id='word_1_420' title='bbox 1657 2207 1758 2264; x_wconf 87' lang='lat' dir='ltr'><strong>apud</strong></span> 
     </span>
     <span class='ocr_line' id='line_1_44' title="bbox 232 2251 1756 2308; baseline 0.001 -21"><span class='ocrx_word' id='word_1_421' title='bbox 232 2253 347 2289; x_wconf 90' lang='lat' dir='ltr'><strong>schol.</strong></span> <span class='ocrx_word' id='word_1_422' title='bbox 368 2254 477 2290; x_wconf 88' lang='lat' dir='ltr'><strong>Arist.</strong></span> <span class='ocrx_word' id='word_1_423' title='bbox 499 2255 599 2299; x_wconf 90' lang='lat' dir='ltr'><strong>Vesp</strong></span> <span class='ocrx_word' id='word_1_424' title='bbox 602 2267 657 2289; x_wconf 90' lang='lat' dir='ltr'><strong>v.</strong></span> <span class='ocrx_word' id='word_1_425' title='bbox 672 2258 752 2298; x_wconf 84' lang='lat'><strong>355,</strong></span> <span class='ocrx_word' id='word_1_426' title='bbox 778 2253 843 2290; x_wconf 91' lang='lat' dir='ltr'><strong>ubi</strong></span> <span class='ocrx_word' id='word_1_427' title='bbox 863 2253 998 2290; x_wconf 87' lang='lat' dir='ltr'><strong>dicitur</strong></span> <span class='ocrx_word' id='word_1_428' title='bbox 1017 2255 1143 2290; x_wconf 89' lang='lat' dir='ltr'><strong>Naxus</strong></span> <span class='ocrx_word' id='word_1_429' title='bbox 1163 2256 1274 2308; x_wconf 80' lang='lat' dir='ltr'><strong>capta</strong></span> <span class='ocrx_word' id='word_1_430' title='bbox 1293 2265 1372 2290; x_wconf 89' lang='lat' dir='ltr'><strong>esse</strong></span> <span class='ocrx_word' id='word_1_431' title='bbox 1392 2251 1456 2290; x_wconf 80' lang='grc' dir='ltr'><strong>ἐπὶ</strong></span> <span class='ocrx_word' id='word_1_432' title='bbox 1473 2251 1756 2300; x_wconf 80' lang='grc' dir='ltr'><strong><em>Πεισιστράτου,</em></strong></span> 
     </span>
     <span class='ocr_line' id='line_1_45' title="bbox 233 2267 1756 2347; baseline 0.001 -12"><span class='ocrx_word' id='word_1_433' title='bbox 233 2301 433 2346; x_wconf 89' lang='lat' dir='ltr'><strong>legendum</strong></span> <span class='ocrx_word' id='word_1_434' title='bbox 453 2313 531 2337; x_wconf 87' lang='lat' dir='ltr'><strong>esse</strong></span> <span class='ocrx_word' id='word_1_435' title='bbox 552 2267 614 2337; x_wconf 73' lang='grc' dir='ltr'>ἐπ1,</span> <span class='ocrx_word' id='word_1_436' title='bbox 633 2299 900 2347; x_wconf 78' lang='grc' dir='ltr'><strong><em>Λυσιστράτου,</em></strong></span> <span class='ocrx_word' id='word_1_437' title='bbox 924 2313 1012 2337; x_wconf 89' lang='lat' dir='ltr'><strong>nam</strong></span> <span class='ocrx_word' id='word_1_438' title='bbox 1030 2301 1140 2336; x_wconf 88' lang='lat' dir='ltr'><strong>nimis</strong></span> <span class='ocrx_word' id='word_1_439' title='bbox 1159 2301 1283 2346; x_wconf 86' lang='lat' dir='ltr'><strong>gravis</strong></span> <span class='ocrx_word' id='word_1_440' title='bbox 1303 2313 1404 2337; x_wconf 86' lang='lat' dir='ltr'><strong>error</strong></span> <span class='ocrx_word' id='word_1_441' title='bbox 1422 2301 1656 2346; x_wconf 85' lang='lat' dir='ltr'><strong>grammatici</strong></span> <span class='ocrx_word' id='word_1_442' title='bbox 1675 2312 1756 2337; x_wconf 86' lang='lat' dir='ltr'><strong>esse</strong></span> 
     </span>
     <span class='ocr_line' id='line_1_46' title="bbox 233 2348 1755 2394; baseline 0.001 -11"><span class='ocrx_word' id='word_1_443' title='bbox 233 2348 447 2392; x_wconf 88' lang='lat' dir='ltr'><strong>videbatur,</strong></span> <span class='ocrx_word' id='word_1_444' title='bbox 481 2349 546 2393; x_wconf 90' lang='lat' dir='ltr'><strong>qui</strong></span> <span class='ocrx_word' id='word_1_445' title='bbox 571 2349 860 2394; x_wconf 87' lang='lat' dir='ltr'><strong>Aristophanem</strong></span> <span class='ocrx_word' id='word_1_446' title='bbox 885 2348 1074 2384; x_wconf 87' lang='lat' dir='ltr'><strong>Pisistrati</strong></span> <span class='ocrx_word' id='word_1_447' title='bbox 1099 2349 1370 2393; x_wconf 84' lang='lat' dir='ltr'><strong>expeditionem</strong></span> <span class='ocrx_word' id='word_1_448' title='bbox 1403 2349 1609 2394; x_wconf 85' lang='lat' dir='ltr'><strong>respexisse</strong></span> <span class='ocrx_word' id='word_1_449' title='bbox 1640 2348 1755 2384; x_wconf 79' lang='lat' dir='ltr'><strong>credi-</strong></span> 
     </span>
     <span class='ocr_line' id='line_1_47' title="bbox 233 2395 1756 2441; baseline 0.001 -11"><span class='ocrx_word' id='word_1_450' title='bbox 233 2395 346 2430; x_wconf 88' lang='lat' dir='ltr'><strong>derit:</strong></span> <span class='ocrx_word' id='word_1_451' title='bbox 373 2396 436 2431; x_wconf 88' lang='lat' dir='ltr'><strong>sed</strong></span> <span class='ocrx_word' id='word_1_452' title='bbox 457 2396 577 2431; x_wconf 90' lang='lat' dir='ltr'><strong>haec</strong></span> <span class='ocrx_word' id='word_1_453' title='bbox 567 2409 606 2431; x_wconf 89' lang='lat' dir='ltr'><strong>1n</strong></span> <span class='ocrx_word' id='word_1_454' title='bbox 625 2395 748 2431; x_wconf 91' lang='lat' dir='ltr'><strong>medio</strong></span> <span class='ocrx_word' id='word_1_455' title='bbox 768 2396 948 2440; x_wconf 88' lang='lat' dir='ltr'><strong>relinquo.</strong></span> <span class='ocrx_word' id='word_1_456' title='bbox 986 2396 1108 2431; x_wconf 89' lang='lat' dir='ltr'><strong>Verno</strong></span> <span class='ocrx_word' id='word_1_457' title='bbox 1128 2397 1259 2431; x_wconf 89' lang='lat' dir='ltr'><strong>autem</strong></span> <span class='ocrx_word' id='word_1_458' title='bbox 1276 2396 1445 2441; x_wconf 88' lang='lat' dir='ltr'><strong>tempore</strong></span> <span class='ocrx_word' id='word_1_459' title='bbox 1460 2395 1516 2431; x_wconf 86' lang='grc'><strong>01.</strong></span> <span class='ocrx_word' id='word_1_460' title='bbox 1533 2400 1588 2439; x_wconf 84' lang='grc'><strong>77,</strong></span> <span class='ocrx_word' id='word_1_461' title='bbox 1600 2399 1635 2439; x_wconf 82' lang='grc'>4,</span> <span class='ocrx_word' id='word_1_462' title='bbox 1653 2397 1756 2441; x_wconf 81' lang='lat' dir='ltr'><strong>post-</strong></span> 
     </span>
     <span class='ocr_line' id='line_1_48' title="bbox 232 2442 1753 2488; baseline 0 -10"><span class='ocrx_word' id='word_1_463' title='bbox 232 2454 344 2488; x_wconf 89' lang='lat' dir='ltr'><strong>quam</strong></span> <span class='ocrx_word' id='word_1_464' title='bbox 364 2443 568 2488; x_wconf 79' lang='lat' dir='ltr'><strong>Sophocles</strong></span> <span class='ocrx_word' id='word_1_465' title='bbox 587 2442 775 2488; x_wconf 87' lang='lat' dir='ltr'><strong>Dionysiis</strong></span> <span class='ocrx_word' id='word_1_466' title='bbox 799 2443 950 2478; x_wconf 90' lang='lat' dir='ltr'><strong>urbanis</strong></span> <span class='ocrx_word' id='word_1_467' title='bbox 975 2442 1095 2478; x_wconf 87' lang='lat' dir='ltr'><strong>victor</strong></span> <span class='ocrx_word' id='word_1_468' title='bbox 1119 2443 1352 2478; x_wconf 86' lang='lat' dir='ltr'><strong>renuntiatus</strong></span> <span class='ocrx_word' id='word_1_469' title='bbox 1372 2445 1430 2478; x_wconf 89' lang='lat' dir='ltr'><strong>est</strong></span> <span class='ocrx_word' id='word_1_470' title='bbox 1447 2443 1534 2488; x_wconf 88' lang='lat' dir='ltr'><strong>(vid.</strong></span> <span class='ocrx_word' id='word_1_471' title='bbox 1553 2442 1620 2478; x_wconf 88' lang='lat' dir='ltr'><strong>vit.</strong></span> <span class='ocrx_word' id='word_1_472' title='bbox 1641 2442 1753 2488; x_wconf 87' lang='lat' dir='ltr'><strong>Soph.</strong></span> 
     </span>
     <span class='ocr_line' id='line_1_49' title="bbox 232 2489 1753 2536; baseline 0 -11"><span class='ocrx_word' id='word_1_473' title='bbox 232 2502 268 2535; x_wconf 90' lang='lat' dir='ltr'><strong>p.</strong></span> <span class='ocrx_word' id='word_1_474' title='bbox 288 2490 357 2525; x_wconf 91' lang='lat' dir='ltr'><strong>XII</strong></span> <span class='ocrx_word' id='word_1_475' title='bbox 377 2503 411 2525; x_wconf 92' lang='lat' dir='ltr'><strong>n.</strong></span> <span class='ocrx_word' id='word_1_476' title='bbox 433 2492 504 2535; x_wconf 89' lang='lat'><strong>35),</strong></span> <span class='ocrx_word' id='word_1_477' title='bbox 532 2489 662 2526; x_wconf 86' lang='lat' dir='ltr'><strong>Cimon</strong></span> <span class='ocrx_word' id='word_1_478' title='bbox 688 2490 963 2536; x_wconf 89' lang='lat' dir='ltr'><strong>expeditionem</strong></span> <span class='ocrx_word' id='word_1_479' title='bbox 988 2490 1026 2525; x_wconf 90' lang='lat' dir='ltr'><strong>in</strong></span> <span class='ocrx_word' id='word_1_480' title='bbox 1046 2490 1173 2525; x_wconf 81' lang='lat' dir='ltr'><strong>Asiam</strong></span> <span class='ocrx_word' id='word_1_481' title='bbox 1199 2491 1378 2535; x_wconf 89' lang='lat' dir='ltr'><strong>suscepit,</strong></span> <span class='ocrx_word' id='word_1_482' title='bbox 1404 2491 1446 2526; x_wconf 85' lang='lat' dir='ltr'><strong>et</strong></span> <span class='ocrx_word' id='word_1_483' title='bbox 1468 2489 1592 2525; x_wconf 84' lang='lat' dir='ltr'><strong>media</strong></span> <span class='ocrx_word' id='word_1_484' title='bbox 1610 2490 1753 2525; x_wconf 85' lang='lat' dir='ltr'><strong>aestate</strong></span> 
     </span>
     <span class='ocr_line' id='line_1_50' title="bbox 233 2536 1754 2619; baseline 0 -47"><span class='ocrx_word' id='word_1_485' title='bbox 233 2537 318 2619; x_wconf 73' lang='lat' dir='ltr'><strong>sivef</strong></span> <span class='ocrx_word' id='word_1_486' title='bbox 331 2538 387 2573; x_wconf 92' lang='lat' dir='ltr'><strong>Ol.</strong></span> <span class='ocrx_word' id='word_1_487' title='bbox 411 2542 466 2583; x_wconf 87' lang='lat'><strong>77,</strong></span> <span class='ocrx_word' id='word_1_488' title='bbox 487 2542 509 2573; x_wconf 88' lang='lat'>4</span> <span class='ocrx_word' id='word_1_489' title='bbox 529 2539 694 2573; x_wconf 89' lang='lat' dir='ltr'><strong>extremo</strong></span> <span class='ocrx_word' id='word_1_490' title='bbox 716 2538 793 2573; x_wconf 88' lang='lat' dir='ltr'><strong>sive</strong></span> <span class='ocrx_word' id='word_1_491' title='bbox 814 2538 870 2573; x_wconf 93' lang='lat' dir='ltr'><strong>Ol.</strong></span> <span class='ocrx_word' id='word_1_492' title='bbox 893 2541 947 2582; x_wconf 92' lang='lat'><strong>78,</strong></span> <span class='ocrx_word' id='word_1_493' title='bbox 970 2542 988 2572; x_wconf 92' lang='lat'>1</span> <span class='ocrx_word' id='word_1_494' title='bbox 1015 2538 1165 2573; x_wconf 90' lang='lat' dir='ltr'><strong>ineunte</strong></span> <span class='ocrx_word' id='word_1_495' title='bbox 1184 2537 1315 2573; x_wconf 89' lang='lat' dir='ltr'><strong>Persas</strong></span> <span class='ocrx_word' id='word_1_496' title='bbox 1338 2538 1440 2573; x_wconf 88' lang='lat' dir='ltr'><strong>terra</strong></span> <span class='ocrx_word' id='word_1_497' title='bbox 1464 2537 1630 2582; x_wconf 87' lang='lat' dir='ltr'><strong>marique</strong></span> <span class='ocrx_word' id='word_1_498' title='bbox 1654 2536 1754 2572; x_wconf 89' lang='lat' dir='ltr'><strong>fudit</strong></span> 
     </span>
     <span class='ocr_line' id='line_1_51' title="bbox 231 2585 456 2630; baseline 0.009 -12"><span class='ocrx_word' id='word_1_499' title='bbox 231 2596 274 2619; x_wconf 85' lang='lat' dir='ltr'><strong>ac</strong></span> <span class='ocrx_word' id='word_1_500' title='bbox 315 2585 456 2630; x_wconf 89' lang='lat' dir='ltr'><strong>ugavit.</strong></span> 
     </span>
    </p>
   </div>
   <div class='ocr_carea' id='block_1_6' title="bbox 232 2640 1753 2925">
    <p class='ocr_par' dir='ltr' id='par_1_6' title="bbox 232 2640 1753 2925">
     <span class='ocr_line' id='line_1_52' title="bbox 328 2640 1752 2697; baseline 0 -19"><span class='ocrx_word' id='word_1_501' title='bbox 328 2643 524 2697; x_wconf 84' lang='lat' dir='ltr'><strong>Quaeritur</strong></span> <span class='ocrx_word' id='word_1_502' title='bbox 555 2643 730 2689; x_wconf 89' lang='lat' dir='ltr'><strong>denique,</strong></span> <span class='ocrx_word' id='word_1_503' title='bbox 762 2645 886 2678; x_wconf 91' lang='lat' dir='ltr'><strong>utrum</strong></span> <span class='ocrx_word' id='word_1_504' title='bbox 916 2643 1013 2679; x_wconf 89' lang='lat' dir='ltr'><strong>inter</strong></span> <span class='ocrx_word' id='word_1_505' title='bbox 1045 2641 1242 2688; x_wconf 77' lang='grc' dir='ltr'><strong><em>ἐπικήδεια</em></strong></span> <span class='ocrx_word' id='word_1_506' title='bbox 1273 2654 1321 2679; x_wconf 90' lang='lat' dir='ltr'><strong>an</strong></span> <span class='ocrx_word' id='word_1_507' title='bbox 1350 2644 1448 2679; x_wconf 88' lang='lat' dir='ltr'><strong>inter</strong></span> <span class='ocrx_word' id='word_1_508' title='bbox 1481 2640 1752 2687; x_wconf 76' lang='grc' dir='ltr'><strong><em>ἄναθηματικά</em></strong></span> 
     </span>
     <span class='ocr_line' id='line_1_53' title="bbox 232 2690 1753 2736; baseline 0 -12"><span class='ocrx_word' id='word_1_509' title='bbox 232 2691 302 2726; x_wconf 85' lang='grc'>1106</span> <span class='ocrx_word' id='word_1_510' title='bbox 328 2691 559 2736; x_wconf 86' lang='lat' dir='ltr'><strong>epigramma</strong></span> <span class='ocrx_word' id='word_1_511' title='bbox 583 2691 815 2726; x_wconf 87' lang='lat' dir='ltr'><strong>referendum</strong></span> <span class='ocrx_word' id='word_1_512' title='bbox 840 2691 905 2726; x_wconf 89' lang='lat' dir='ltr'><strong>sit·</strong></span> <span class='ocrx_word' id='word_1_513' title='bbox 931 2702 1019 2726; x_wconf 89' lang='lat' dir='ltr'><strong>sane</strong></span> <span class='ocrx_word' id='word_1_514' title='bbox 1044 2691 1083 2725; x_wconf 90' lang='lat' dir='ltr'><strong>in</strong></span> <span class='ocrx_word' id='word_1_515' title='bbox 1108 2690 1338 2736; x_wconf 84' lang='lat' dir='ltr'><strong>Anthologia</strong></span> <span class='ocrx_word' id='word_1_516' title='bbox 1362 2691 1436 2726; x_wconf 90' lang='lat' dir='ltr'><strong>illis</strong></span> <span class='ocrx_word' id='word_1_517' title='bbox 1460 2691 1686 2734; x_wconf 85' lang='lat' dir='ltr'><strong>accensetur,</strong></span> <span class='ocrx_word' id='word_1_518' title='bbox 1711 2690 1753 2725; x_wconf 90' lang='lat' dir='ltr'><strong>at</strong></span> 
     </span>
     <span class='ocr_line' id='line_1_54' title="bbox 232 2717 1750 2793; baseline 0.001 -22"><span class='ocrx_word' id='word_1_519' title='bbox 232 2737 416 2773; x_wconf 83' lang='lat' dir='ltr'><strong>Diodorus</strong></span> <span class='ocrx_word' id='word_1_520' title='bbox 442 2738 621 2773; x_wconf 88' lang='lat' dir='ltr'><strong>dilucide:</strong></span> <span class='ocrx_word' id='word_1_521' title='bbox 658 2735 677 2773; x_wconf 86' lang='grc' dir='ltr'><em>ὃ</em></span> <span class='ocrx_word' id='word_1_522' title='bbox 711 2737 754 2773; x_wconf 83' lang='grc' dir='ltr'><strong>δε</strong></span> <span class='ocrx_word' id='word_1_523' title='bbox 787 2738 902 2783; x_wconf 84' lang='grc' dir='ltr'><strong><em>δῆμος</em></strong></span> <span class='ocrx_word' id='word_1_524' title='bbox 934 2738 1007 2772; x_wconf 81' lang='grc' dir='ltr'><strong>τῶν</strong></span> <span class='ocrx_word' id='word_1_525' title='bbox 1034 2734 1240 2782; x_wconf 80' lang='grc' dir='ltr'><strong><em>Ἀθηναίων</em></strong></span> <span class='ocrx_word' id='word_1_526' title='bbox 1272 2735 1434 2782; x_wconf 81' lang='grc' dir='ltr'><strong><em>δεκάτην</em></strong></span> <span class='ocrx_word' id='word_1_527' title='bbox 1465 2717 1686 2793; x_wconf 77' lang='grc' dir='ltr'><strong><em>ἐξελόμενος</em></strong></span> <span class='ocrx_word' id='word_1_528' title='bbox 1707 2733 1750 2773; x_wconf 75' lang='grc' dir='ltr'><strong>ἐκ</strong></span> 
     </span>
     <span class='ocr_line' id='line_1_55' title="bbox 232 2781 1750 2841; baseline 0 -23"><span class='ocrx_word' id='word_1_529' title='bbox 232 2785 305 2818; x_wconf 86' lang='grc' dir='ltr'><strong>τῶν</strong></span> <span class='ocrx_word' id='word_1_530' title='bbox 330 2783 509 2841; x_wconf 80' lang='grc' dir='ltr'><strong><em>λαφύρων</em></strong></span> <span class='ocrx_word' id='word_1_531' title='bbox 534 2782 702 2830; x_wconf 74' lang='grc' dir='ltr'><strong><em>ἀνέθηκε</em></strong></span> <span class='ocrx_word' id='word_1_532' title='bbox 729 2786 778 2832; x_wconf 82' lang='grc' dir='ltr'><strong>τῷ</strong></span> <span class='ocrx_word' id='word_1_533' title='bbox 805 2785 885 2833; x_wconf 80' lang='grc' dir='ltr'><strong>θεῷ</strong></span> <span class='ocrx_word' id='word_1_534' title='bbox 911 2788 1019 2829; x_wconf 87' lang='lat' dir='ltr'><strong>(unus</strong></span> <span class='ocrx_word' id='word_1_535' title='bbox 1039 2785 1117 2820; x_wconf 87' lang='lat' dir='ltr'><strong>cod.</strong></span> <span class='ocrx_word' id='word_1_536' title='bbox 1138 2786 1153 2819; x_wconf 97' lang='grc' dir='ltr'><strong>Ι</strong></span> <span class='ocrx_word' id='word_1_537' title='bbox 1173 2785 1216 2831; x_wconf 86' lang='grc' dir='ltr'><strong>τῇ</strong></span> <span class='ocrx_word' id='word_1_538' title='bbox 1235 2785 1332 2833; x_wconf 76' lang='grc' dir='ltr'>θεῷ)</span> <span class='ocrx_word' id='word_1_539' title='bbox 1357 2783 1421 2820; x_wconf 79' lang='grc' dir='ltr'><strong>καὶ</strong></span> <span class='ocrx_word' id='word_1_540' title='bbox 1439 2781 1508 2828; x_wconf 88' lang='grc' dir='ltr'><strong>τὴν</strong></span> <span class='ocrx_word' id='word_1_541' title='bbox 1534 2781 1750 2829; x_wconf 77' lang='grc' dir='ltr'><strong><em>ἐπιγραφὴν</em></strong></span> 
     </span>
     <span class='ocr_line' id='line_1_56' title="bbox 234 2821 1750 2877; baseline 0.001 -13"><span class='ocrx_word' id='word_1_542' title='bbox 234 2828 295 2865; x_wconf 81' lang='grc' dir='ltr'><strong>ἐπι</strong></span> <span class='ocrx_word' id='word_1_543' title='bbox 329 2830 370 2867; x_wconf 90' lang='grc' dir='ltr'><strong>τὸ</strong></span> <span class='ocrx_word' id='word_1_544' title='bbox 403 2831 716 2868; x_wconf 77' lang='grc' dir='ltr'><strong><em>κατασκευασθὲν</em></strong></span> <span class='ocrx_word' id='word_1_545' title='bbox 747 2822 933 2877; x_wconf 71' lang='grc' dir='ltr'><strong><em>ἀνάθημα</em></strong></span> <span class='ocrx_word' id='word_1_546' title='bbox 965 2829 1155 2877; x_wconf 75' lang='grc' dir='ltr'><strong><em>ἐπέγραψε</em></strong></span> <span class='ocrx_word' id='word_1_547' title='bbox 1188 2821 1312 2876; x_wconf 80' lang='grc' dir='ltr'><strong><em>τήνδε.</em></strong></span> <span class='ocrx_word' id='word_1_548' title='bbox 1367 2830 1547 2866; x_wconf 84' lang='lat' dir='ltr'><strong>Aristides</strong></span> <span class='ocrx_word' id='word_1_549' title='bbox 1577 2830 1671 2866; x_wconf 88' lang='lat' dir='ltr'><strong>nihil</strong></span> <span class='ocrx_word' id='word_1_550' title='bbox 1701 2831 1750 2866; x_wconf 83' lang='lat' dir='ltr'><strong>ad</strong></span> 
     </span>
     <span class='ocr_line' id='line_1_57' title="bbox 233 2878 1747 2925; baseline 0.002 -15.038"><span class='ocrx_word' id='word_1_551' title='bbox 233 2878 446 2914; x_wconf 81' lang='lat' dir='ltr'><strong>solvendam</strong></span> <span class='ocrx_word' id='word_1_552' title='bbox 473 2880 728 2923; x_wconf 81' lang='lat' dir='ltr'><strong>quaestionem</strong></span> <span class='ocrx_word' id='word_1_553' title='bbox 754 2879 907 2916; x_wconf 84' lang='lat' dir='ltr'><strong>confert.</strong></span> <span class='ocrx_word' id='word_1_554' title='bbox 957 2879 1146 2925; x_wconf 78' lang='lat' dir='ltr'><strong>Krugcrus</strong></span> <span class='ocrx_word' id='word_1_555' title='bbox 1172 2879 1188 2913; x_wconf 88' lang='grc' dir='ltr'>Ι</span> <span class='ocrx_word' id='word_1_556' title='bbox 1213 2883 1257 2914; x_wconf 87' lang='grc'>67</span> <span class='ocrx_word' id='word_1_557' title='bbox 1272 2889 1348 2923; x_wconf 85' lang='lat' dir='ltr'><strong>seq.</strong></span> <span class='ocrx_word' id='word_1_558' title='bbox 1372 2878 1526 2914; x_wconf 83' lang='lat' dir='ltr'><strong>funebre</strong></span> <span class='ocrx_word' id='word_1_559' title='bbox 1560 2889 1639 2914; x_wconf 88' lang='lat' dir='ltr'><strong>esse</strong></span> <span class='ocrx_word' id='word_1_560' title='bbox 1671 2890 1747 2914; x_wconf 84' lang='lat' dir='ltr'><strong>car</strong></span> 
     </span>
    </p>
   </div>
   <div class='ocr_carea' id='block_1_7' title="bbox 1836 2585 1864 2820">
    <p class='ocr_par' dir='ltr' id='par_1_7' title="bbox 1836 2585 1864 2820">
     <span class='ocr_line' id='line_1_58' title="bbox 1840 2585 1864 2610; baseline 0 0"><span class='ocrx_word' id='word_1_561' title='bbox 1840 2585 1864 2610; x_wconf 59' lang='lat'><strong>³!</strong></span> 
     </span>
     <span class='ocr_line' id='line_1_59' title="bbox 1855 2613 1864 2629; baseline 0 0"><span class='ocrx_word' id='word_1_562' title='bbox 1855 2613 1864 2629; x_wconf 68' lang='grc'><strong>1</strong></span> 
     </span>
     <span class='ocr_line' id='line_1_60' title="bbox 1836 2655 1864 2717; baseline -0.321 1"><span class='ocrx_word' id='word_1_563' title='bbox 1836 2655 1864 2717; x_wconf 57' lang='lat' dir='ltr'><strong>&#39;fi</strong></span> 
     </span>
     <span class='ocr_line' id='line_1_61' title="bbox 1853 2713 1864 2743; baseline 0 -2"><span class='ocrx_word' id='word_1_564' title='bbox 1853 2713 1864 2743; x_wconf 67' lang='grc' dir='ltr'>Ξ</span> 
     </span>
     <span class='ocr_line' id='line_1_62' title="bbox 1843 2746 1864 2787; baseline 0 0"><span class='ocrx_word' id='word_1_565' title='bbox 1843 2746 1864 2787; x_wconf 68' lang='grc'><strong>’1</strong></span> 
     </span>
     <span class='ocr_line' id='line_1_63' title="bbox 1847 2790 1864 2820; baseline 0 0"><span class='ocrx_word' id='word_1_566' title='bbox 1847 2790 1864 2820; x_wconf 60' lang='grc'><strong>1</strong></span> 
     </span>
    </p>
   </div>
   <div class='ocr_carea' id='block_1_8' title="bbox 1826 2817 1864 3126">
    <p class='ocr_par' dir='ltr' id='par_1_8' title="bbox 1826 2817 1864 3126">
     <span class='ocr_line' id='line_1_64' title="bbox 1826 2817 1864 3126; baseline 0 0"><span class='ocrx_word' id='word_1_567' title='bbox 1826 2817 1864 3126; x_wconf 95' lang='lat' dir='ltr'><strong> </strong></span> 
     </span>
    </p>
   </div>
  </div>
 </body>
</html>
