<?xml version="1.0" encoding="UTF-8"?>
<!DOCTYPE html PUBLIC "-//W3C//DTD XHTML 1.0 Transitional//EN"
    "http://www.w3.org/TR/xhtml1/DTD/xhtml1-transitional.dtd">
<html xmlns="http://www.w3.org/1999/xhtml" xml:lang="en" lang="en">
 <head>
  <title>
</title>
<meta http-equiv="Content-Type" content="text/html;charset=utf-8" />
  <meta name='ocr-system' content='tesseract 3.04.00' />
  <meta name='ocr-capabilities' content='ocr_page ocr_carea ocr_par ocr_line ocrx_word'/>
</head>
<body>
  <div class='ocr_page' id='page_1' title='image "./poetaelyricigrae03berguoft_0189.png"; bbox 0 0 1864 3126; ppageno 0'>
   <div class='ocr_carea' id='block_1_1' title="bbox 0 0 145 139">
    <p class='ocr_par' dir='ltr' id='par_1_1' title="bbox 0 0 145 139">
     <span class='ocr_line' id='line_1_1' title="bbox 0 0 145 139; baseline 0 2987"><span class='ocrx_word' id='word_1_1' title='bbox 0 0 145 139; x_wconf 95' lang='lat' dir='ltr'><em> </em></span> 
     </span>
    </p>
   </div>
   <div class='ocr_carea' id='block_1_2' title="bbox 793 149 1676 192">
    <p class='ocr_par' dir='ltr' id='par_1_2' title="bbox 793 149 1676 192">
     <span class='ocr_line' id='line_1_2' title="bbox 793 149 1676 192; baseline 0.003 -3"><span class='ocrx_word' id='word_1_2' title='bbox 793 151 1026 190; x_wconf 73' lang='lat' dir='ltr'><strong>ALOAEUS.</strong></span> <span class='ocrx_word' id='word_1_3' title='bbox 1592 149 1613 192; x_wconf 88' lang='grc'>1</span> <span class='ocrx_word' id='word_1_4' title='bbox 1621 149 1676 192; x_wconf 78' lang='grc'><em>79</em></span> 
     </span>
    </p>
   </div>
   <div class='ocr_carea' id='block_1_3' title="bbox 217 231 1263 400">
    <p class='ocr_par' dir='ltr' id='par_1_3' title="bbox 217 231 1263 400">
     <span class='ocr_line' id='line_1_3' title="bbox 762 231 1015 315; baseline 0 -11"><span class='ocrx_word' id='word_1_5' title='bbox 762 231 788 256; x_wconf 74' lang='grc'><em>“</em></span> <span class='ocrx_word' id='word_1_6' title='bbox 805 261 874 304; x_wconf 87' lang='lat'><strong>88.</strong></span> <span class='ocrx_word' id='word_1_7' title='bbox 908 262 1015 315; x_wconf 69' lang='lat'><strong>[72]</strong></span> 
     </span>
     <span class='ocr_line' id='line_1_4' title="bbox 217 340 1263 400; baseline -0.003 -11"><span class='ocrx_word' id='word_1_8' title='bbox 217 340 343 399; x_wconf 69' lang='lat' dir='ltr'><em>Mnd&#39;</em></span> <span class='ocrx_word' id='word_1_9' title='bbox 378 340 524 395; x_wconf 83' lang='grc' dir='ltr'><em>ὀνίαις</em></span> <span class='ocrx_word' id='word_1_10' title='bbox 553 351 646 394; x_wconf 77' lang='grc' dir='ltr'><em>τοῖς</em></span> <span class='ocrx_word' id='word_1_11' title='bbox 676 344 810 395; x_wconf 80' lang='grc' dir='ltr'><em>πέλας</em></span> <span class='ocrx_word' id='word_1_12' title='bbox 841 340 1023 400; x_wconf 81' lang='grc' dir='ltr'><em>ἅμμεων</em></span> <span class='ocrx_word' id='word_1_13' title='bbox 1053 342 1263 399; x_wconf 82' lang='grc' dir='ltr'><em>παρέχην.</em></span> 
     </span>
    </p>
   </div>
   <div class='ocr_carea' id='block_1_4' title="bbox 805 474 1676 528">
    <p class='ocr_par' dir='ltr' id='par_1_4' title="bbox 805 474 1676 528">
     <span class='ocr_line' id='line_1_5' title="bbox 805 474 1676 528; baseline 0 -11"><span class='ocrx_word' id='word_1_14' title='bbox 805 474 874 517; x_wconf 89' lang='grc'><em>89.</em></span> <span class='ocrx_word' id='word_1_15' title='bbox 907 474 1013 528; x_wconf 89' lang='grc'>[48.]</span> <span class='ocrx_word' id='word_1_16' title='bbox 1607 486 1676 518; x_wconf 80' lang='lat'><em>955</em></span> 
     </span>
    </p>
   </div>
   <div class='ocr_carea' id='block_1_5' title="bbox 218 515 1128 621">
    <p class='ocr_par' dir='ltr' id='par_1_5' title="bbox 218 515 1128 621">
     <span class='ocr_line' id='line_1_6' title="bbox 218 515 1128 621; baseline -0.002 -20"><span class='ocrx_word' id='word_1_17' title='bbox 218 554 341 601; x_wconf 79' lang='grc' dir='ltr'><em>Οὐδέ</em></span> <span class='ocrx_word' id='word_1_18' title='bbox 367 573 409 600; x_wconf 80' lang='grc' dir='ltr'><em>τι</em></span> <span class='ocrx_word' id='word_1_19' title='bbox 440 554 695 613; x_wconf 76' lang='grc' dir='ltr'><em>μυνοὲμενος</em></span> <span class='ocrx_word' id='word_1_20' title='bbox 725 554 855 600; x_wconf 79' lang='grc' dir='ltr'><em>ἅλλυι</em></span> <span class='ocrx_word' id='word_1_21' title='bbox 886 553 940 621; x_wconf 21' lang='grc' dir='ltr'><em>τὸ.</em></span> <span class='ocrx_word' id='word_1_22' title='bbox 968 515 1128 612; x_wconf 62' lang='grc' dir='ltr'><em>νόημα.</em></span> 
     </span>
    </p>
   </div>
   <div class='ocr_carea' id='block_1_6' title="bbox 211 687 946 828">
    <p class='ocr_par' dir='ltr' id='par_1_6' title="bbox 211 687 946 828">
     <span class='ocr_line' id='line_1_7' title="bbox 874 687 946 732; baseline 0.028 -2"><span class='ocrx_word' id='word_1_23' title='bbox 874 687 946 732; x_wconf 88' lang='grc'><em>90.</em></span> 
     </span>
     <span class='ocr_line' id='line_1_8' title="bbox 211 767 791 828; baseline -0.005 -13"><span class='ocrx_word' id='word_1_24' title='bbox 211 768 523 828; x_wconf 77' lang='grc' dir='ltr'><em>Ἐρραφεώτου</em></span> <span class='ocrx_word' id='word_1_25' title='bbox 552 768 637 826; x_wconf 77' lang='grc' dir='ltr'><em>γὰρ</em></span> <span class='ocrx_word' id='word_1_26' title='bbox 668 767 791 822; x_wconf 77' lang='grc' dir='ltr'><em>ἅναξ.</em></span> 
     </span>
    </p>
   </div>
   <div class='ocr_carea' id='block_1_7' title="bbox 559 901 1302 1042">
    <p class='ocr_par' dir='ltr' id='par_1_7' title="bbox 559 901 1302 1042">
     <span class='ocr_line' id='line_1_9' title="bbox 804 901 1014 955; baseline 0.005 -12"><span class='ocrx_word' id='word_1_27' title='bbox 804 901 874 944; x_wconf 90' lang='grc'><em>91.</em></span> <span class='ocrx_word' id='word_1_28' title='bbox 908 901 1014 955; x_wconf 88' lang='grc'>[91.]</span> 
     </span>
     <span class='ocr_line' id='line_1_10' title="bbox 559 981 1302 1042; baseline 0 -15"><span class='ocrx_word' id='word_1_29' title='bbox 559 981 776 1042; x_wconf 72' lang='grc' dir='ltr'><em>’Ἀρκαδες</em></span> <span class='ocrx_word' id='word_1_30' title='bbox 807 985 945 1027; x_wconf 86' lang='grc' dir='ltr'><em>ἔσσαν</em></span> <span class='ocrx_word' id='word_1_31' title='bbox 974 982 1302 1040; x_wconf 80' lang='grc' dir='ltr'><em>βαλανηφάγοι.</em></span> 
     </span>
    </p>
   </div>
   <div class='ocr_carea' id='block_1_8' title="bbox 805 1115 1016 1170">
    <p class='ocr_par' dir='ltr' id='par_1_8' title="bbox 805 1115 1016 1170">
     <span class='ocr_line' id='line_1_11' title="bbox 805 1115 1016 1170; baseline 0 -12"><span class='ocrx_word' id='word_1_32' title='bbox 805 1116 876 1158; x_wconf 82' lang='lat'><strong>92.</strong></span> <span class='ocrx_word' id='word_1_33' title='bbox 895 1115 1016 1170; x_wconf 66' lang='lat'><em>[65]</em></span> 
     </span>
    </p>
   </div>
   <div class='ocr_carea' id='block_1_9' title="bbox 183 1194 1457 1329">
    <p class='ocr_par' dir='ltr' id='par_1_9' title="bbox 183 1194 1457 1329">
     <span class='ocr_line' id='line_1_12' title="bbox 212 1194 1457 1255; baseline 0.001 -13"><span class='ocrx_word' id='word_1_34' title='bbox 212 1196 452 1255; x_wconf 77' lang='grc' dir='ltr'><em>’Λργιίλεον</em></span> <span class='ocrx_word' id='word_1_35' title='bbox 482 1201 613 1242; x_wconf 85' lang='grc' dir='ltr'><strong><em>πενία</em></strong></span> <span class='ocrx_word' id='word_1_36' title='bbox 643 1196 785 1246; x_wconf 67' lang='grc' dir='ltr'><em>κακον</em></span> <span class='ocrx_word' id='word_1_37' title='bbox 817 1195 1028 1254; x_wconf 74' lang='grc' dir='ltr'><em>ἄσχετον,</em></span> <span class='ocrx_word' id='word_1_38' title='bbox 1060 1194 1089 1241; x_wconf 73' lang='grc' dir='ltr'><em>ἂ</em></span> <span class='ocrx_word' id='word_1_39' title='bbox 1121 1198 1234 1255; x_wconf 76' lang='grc' dir='ltr'><em>μέγα</em></span> <span class='ocrx_word' id='word_1_40' title='bbox 1265 1197 1457 1255; x_wconf 78' lang='grc' dir='ltr'><em>δάμναις</em></span> 
     </span>
     <span class='ocr_line' id='line_1_13' title="bbox 183 1266 942 1329; baseline 0 -16"><span class='ocrx_word' id='word_1_41' title='bbox 183 1269 189 1272; x_wconf 66' lang='grc'><strong>’</strong></span> <span class='ocrx_word' id='word_1_42' title='bbox 215 1271 328 1314; x_wconf 61' lang='lat' dir='ltr'><em>mov</em></span> <span class='ocrx_word' id='word_1_43' title='bbox 359 1266 580 1328; x_wconf 75' lang='grc' dir='ltr'><em>ἀμαχανίᾳ</em></span> <span class='ocrx_word' id='word_1_44' title='bbox 612 1267 698 1313; x_wconf 83' lang='grc' dir='ltr'><em>σὺν</em></span> <span class='ocrx_word' id='word_1_45' title='bbox 729 1266 942 1329; x_wconf 77' lang='grc' dir='ltr'>ἄδελφέᾳ.</span> 
     </span>
    </p>
   </div>
   <div class='ocr_carea' id='block_1_10' title="bbox 145 1431 1680 1576">
    <p class='ocr_par' dir='ltr' id='par_1_10' title="bbox 145 1431 1680 1576">
     <span class='ocr_line' id='line_1_14' title="bbox 237 1431 1678 1495; baseline -0.001 -23"><span class='ocrx_word' id='word_1_46' title='bbox 237 1436 297 1473; x_wconf 85' lang='lat' dir='ltr'><em>Fr.</em></span> <span class='ocrx_word' id='word_1_47' title='bbox 323 1439 379 1472; x_wconf 89' lang='grc'><em>88.</em></span> <span class='ocrx_word' id='word_1_48' title='bbox 430 1435 487 1481; x_wconf 87' lang='lat' dir='ltr'><em>Ap</em></span> <span class='ocrx_word' id='word_1_49' title='bbox 490 1435 552 1472; x_wconf 83' lang='grc'>011.</span> <span class='ocrx_word' id='word_1_50' title='bbox 578 1435 625 1472; x_wconf 90' lang='lat' dir='ltr'>de</span> <span class='ocrx_word' id='word_1_51' title='bbox 649 1446 756 1495; x_wconf 70' lang='lat' dir='ltr'>pron3</span> <span class='ocrx_word' id='word_1_52' title='bbox 774 1435 897 1471; x_wconf 71' lang='lat'><strong>3810.</strong></span> <span class='ocrx_word' id='word_1_53' title='bbox 924 1433 1027 1481; x_wconf 77' lang='grc' dir='ltr'><em>παρὰ</em></span> <span class='ocrx_word' id='word_1_54' title='bbox 1055 1436 1243 1480; x_wconf 79' lang='grc' dir='ltr'><em>Δωριεῦσι</em></span> <span class='ocrx_word' id='word_1_55' title='bbox 1269 1465 1276 1473; x_wconf 94' lang='grc'><em>.</em></span> <span class='ocrx_word' id='word_1_56' title='bbox 1299 1464 1307 1472; x_wconf 93' lang='grc'><em>.</em></span> <span class='ocrx_word' id='word_1_57' title='bbox 1328 1463 1336 1471; x_wconf 94' lang='grc'><em>.</em></span> <span class='ocrx_word' id='word_1_58' title='bbox 1362 1433 1509 1481; x_wconf 79' lang='grc' dir='ltr'><em>ἁμέων·</em></span> <span class='ocrx_word' id='word_1_59' title='bbox 1536 1431 1678 1495; x_wconf 42' lang='lat' dir='ltr'>euolmvc</span> 
     </span>
     <span class='ocr_line' id='line_1_15' title="bbox 145 1447 1680 1529; baseline -0.001 -10"><span class='ocrx_word' id='word_1_60' title='bbox 145 1482 305 1524; x_wconf 77' lang='grc' dir='ltr'><strong><em>Αἰολεῖς·</em></strong></span> <span class='ocrx_word' id='word_1_61' title='bbox 335 1447 550 1524; x_wconf 77' lang='grc' dir='ltr'><em>Ἀλκαῖος·</em></span> <span class='ocrx_word' id='word_1_62' title='bbox 582 1481 703 1528; x_wconf 82' lang='grc' dir='ltr'><em>Μηδ’</em></span> <span class='ocrx_word' id='word_1_63' title='bbox 737 1479 799 1519; x_wconf 83' lang='grc' dir='ltr'><em>ὄν.</em></span> <span class='ocrx_word' id='word_1_64' title='bbox 834 1495 903 1518; x_wconf 81' lang='grc' dir='ltr'><em>τοι</em></span> <span class='ocrx_word' id='word_1_65' title='bbox 936 1486 1104 1524; x_wconf 77' lang='grc' dir='ltr'><em>σπλεας</em></span> <span class='ocrx_word' id='word_1_66' title='bbox 1134 1496 1284 1529; x_wconf 86' lang='grc' dir='ltr'><em>υμεων</em></span> <span class='ocrx_word' id='word_1_67' title='bbox 1315 1482 1550 1528; x_wconf 86' lang='grc' dir='ltr'><em>παρέχειν.</em></span> <span class='ocrx_word' id='word_1_68' title='bbox 1600 1486 1680 1523; x_wconf 81' lang='grc' dir='ltr'><em>τοῖς</em></span> 
     </span>
     <span class='ocr_line' id='line_1_16' title="bbox 146 1527 1215 1576; baseline 0 -10"><span class='ocrx_word' id='word_1_69' title='bbox 146 1529 264 1572; x_wconf 76' lang='grc' dir='ltr'><em>πέλας</em></span> <span class='ocrx_word' id='word_1_70' title='bbox 287 1530 399 1575; x_wconf 85' lang='lat' dir='ltr'>Base,</span> <span class='ocrx_word' id='word_1_71' title='bbox 423 1527 580 1576; x_wconf 79' lang='grc' dir='ltr'><em>α’μμέων</em></span> <span class='ocrx_word' id='word_1_72' title='bbox 606 1529 730 1576; x_wconf 87' lang='lat' dir='ltr'>Giese,</span> <span class='ocrx_word' id='word_1_73' title='bbox 755 1529 926 1576; x_wconf 82' lang='grc' dir='ltr'><em>παρέχην</em></span> <span class='ocrx_word' id='word_1_74' title='bbox 952 1530 1097 1566; x_wconf 84' lang='lat' dir='ltr'>Ahrens</span> <span class='ocrx_word' id='word_1_75' title='bbox 1122 1542 1215 1568; x_wconf 89' lang='lat' dir='ltr'><strong>corr.</strong></span> 
     </span>
    </p>
   </div>
   <div class='ocr_carea' id='block_1_11' title="bbox 144 1609 1680 1886">
    <p class='ocr_par' dir='ltr' id='par_1_11' title="bbox 144 1609 1680 1886">
     <span class='ocr_line' id='line_1_17' title="bbox 156 1609 1678 1696; baseline 0 -48"><span class='ocrx_word' id='word_1_76' title='bbox 156 1656 198 1696; x_wconf 52' lang='grc' dir='ltr'><em>,λ</em></span> <span class='ocrx_word' id='word_1_77' title='bbox 242 1613 300 1650; x_wconf 89' lang='lat' dir='ltr'><strong>Fr.</strong></span> <span class='ocrx_word' id='word_1_78' title='bbox 327 1615 384 1648; x_wconf 89' lang='grc'><em>89.</em></span> <span class='ocrx_word' id='word_1_79' title='bbox 435 1612 558 1648; x_wconf 86' lang='lat' dir='ltr'><strong>Schol.</strong></span> <span class='ocrx_word' id='word_1_80' title='bbox 591 1612 700 1648; x_wconf 88' lang='lat' dir='ltr'><strong>Hom.</strong></span> <span class='ocrx_word' id='word_1_81' title='bbox 733 1612 863 1670; x_wconf 84' lang='lat' dir='ltr'>Odyss.</span> <span class='ocrx_word' id='word_1_82' title='bbox 892 1626 920 1658; x_wconf 91' lang='grc' dir='ltr'><em>φ</em></span> <span class='ocrx_word' id='word_1_83' title='bbox 948 1617 1011 1649; x_wconf 74' lang='lat'><em>71:</em></span> <span class='ocrx_word' id='word_1_84' title='bbox 1049 1613 1126 1649; x_wconf 85' lang='grc' dir='ltr'><em>Καὶ</em></span> <span class='ocrx_word' id='word_1_85' title='bbox 1154 1609 1366 1654; x_wconf 80' lang='grc' dir='ltr'><em>Ἀλκαῖος-</em></span> <span class='ocrx_word' id='word_1_86' title='bbox 1409 1610 1539 1649; x_wconf 79' lang='grc' dir='ltr'><strong><em>Οὖδέ</em></strong></span> <span class='ocrx_word' id='word_1_87' title='bbox 1570 1626 1611 1648; x_wconf 80' lang='grc' dir='ltr'><em>τι</em></span> <span class='ocrx_word' id='word_1_88' title='bbox 1643 1626 1678 1669; x_wconf 50' lang='lat' dir='ltr'><em>ft:</em></span> 
     </span>
     <span class='ocr_line' id='line_1_18' title="bbox 144 1657 1680 1718; baseline -0.001 -21"><span class='ocrx_word' id='word_1_89' title='bbox 144 1674 168 1696; x_wconf 87' lang='grc' dir='ltr'><em>α</em></span> <span class='ocrx_word' id='word_1_90' title='bbox 205 1657 256 1697; x_wconf 77' lang='grc' dir='ltr'><em>λὰ</em></span> <span class='ocrx_word' id='word_1_91' title='bbox 282 1657 330 1696; x_wconf 83' lang='grc' dir='ltr'><em>τὸ</em></span> <span class='ocrx_word' id='word_1_92' title='bbox 356 1673 402 1703; x_wconf 85' lang='grc' dir='ltr'><em>ν.,</em></span> <span class='ocrx_word' id='word_1_93' title='bbox 429 1657 514 1695; x_wconf 73' lang='grc' dir='ltr'><em>ἀντὶ</em></span> <span class='ocrx_word' id='word_1_94' title='bbox 544 1659 612 1696; x_wconf 84' lang='grc' dir='ltr'><em>τοῦ</em></span> <span class='ocrx_word' id='word_1_95' title='bbox 644 1658 989 1707; x_wconf 77' lang='grc' dir='ltr'><em>προφασιζόμενος,</em></span> <span class='ocrx_word' id='word_1_96' title='bbox 1022 1657 1187 1718; x_wconf 77' lang='grc' dir='ltr'><em>ἀλλαχοῦ</em></span> <span class='ocrx_word' id='word_1_97' title='bbox 1219 1657 1461 1718; x_wconf 81' lang='grc' dir='ltr'><em>αποτρέπων</em></span> <span class='ocrx_word' id='word_1_98' title='bbox 1470 1658 1512 1696; x_wconf 83' lang='grc' dir='ltr'><em>τὸ</em></span> <span class='ocrx_word' id='word_1_99' title='bbox 1541 1657 1680 1696; x_wconf 77' lang='grc' dir='ltr'><em>ἑαυτοῦ</em></span> 
     </span>
     <span class='ocr_line' id='line_1_19' title="bbox 144 1704 1680 1755; baseline 0.001 -13"><span class='ocrx_word' id='word_1_100' title='bbox 144 1705 280 1755; x_wconf 83' lang='grc' dir='ltr'><em>νόημα.</em></span> <span class='ocrx_word' id='word_1_101' title='bbox 330 1707 473 1743; x_wconf 84' lang='lat' dir='ltr'>Eadem</span> <span class='ocrx_word' id='word_1_102' title='bbox 503 1707 606 1744; x_wconf 70' lang='lat' dir='ltr'><strong>Euat.</strong></span> <span class='ocrx_word' id='word_1_103' title='bbox 640 1707 707 1744; x_wconf 87' lang='lat' dir='ltr'><strong>od.</strong></span> <span class='ocrx_word' id='word_1_104' title='bbox 743 1712 852 1753; x_wconf 88' lang='grc'>1901,</span> <span class='ocrx_word' id='word_1_105' title='bbox 878 1711 940 1751; x_wconf 83' lang='grc'><em>52,</em></span> <span class='ocrx_word' id='word_1_106' title='bbox 973 1708 1039 1744; x_wconf 91' lang='lat' dir='ltr'><em>ubi</em></span> <span class='ocrx_word' id='word_1_107' title='bbox 1069 1706 1111 1743; x_wconf 80' lang='grc' dir='ltr'><em>τὸ</em></span> <span class='ocrx_word' id='word_1_108' title='bbox 1145 1719 1217 1744; x_wconf 91' lang='lat' dir='ltr'><strong>om.</strong></span> <span class='ocrx_word' id='word_1_109' title='bbox 1245 1710 1284 1744; x_wconf 76' lang='lat' dir='ltr'>et</span> <span class='ocrx_word' id='word_1_110' title='bbox 1309 1709 1412 1744; x_wconf 67' lang='lat' dir='ltr'>extatz</span> <span class='ocrx_word' id='word_1_111' title='bbox 1435 1704 1543 1753; x_wconf 80' lang='grc' dir='ltr'><em>ἄλλο,</em></span> <span class='ocrx_word' id='word_1_112' title='bbox 1578 1709 1680 1744; x_wconf 80' lang='lat' dir='ltr'>recte</span> 
     </span>
     <span class='ocr_line' id='line_1_20' title="bbox 150 1736 1680 1813; baseline 0 -23"><span class='ocrx_word' id='word_1_113' title='bbox 150 1754 295 1792; x_wconf 84' lang='lat' dir='ltr'>Seidler</span> <span class='ocrx_word' id='word_1_114' title='bbox 324 1752 452 1799; x_wconf 74' lang='grc' dir='ltr'><em>ἄλλοι,</em></span> <span class='ocrx_word' id='word_1_115' title='bbox 484 1754 551 1791; x_wconf 87' lang='lat' dir='ltr'>alii</span> <span class='ocrx_word' id='word_1_116' title='bbox 577 1756 818 1791; x_wconf 75' lang='lat' dir='ltr'>correxerunt</span> <span class='ocrx_word' id='word_1_117' title='bbox 842 1736 953 1803; x_wconf 74' lang='grc' dir='ltr'><em>ἄλλα,</em></span> <span class='ocrx_word' id='word_1_118' title='bbox 984 1755 1158 1801; x_wconf 80' lang='lat' dir='ltr'>Hartung</span> <span class='ocrx_word' id='word_1_119' title='bbox 1181 1753 1320 1792; x_wconf 67' lang='grc' dir='ltr'><em>,Ράλλυι</em></span> <span class='ocrx_word' id='word_1_120' title='bbox 1350 1755 1518 1801; x_wconf 72' lang='lat' dir='ltr'>requirit.</span> <span class='ocrx_word' id='word_1_121' title='bbox 1569 1755 1680 1813; x_wconf 83' lang='lat' dir='ltr'>Resp.</span> 
     </span>
     <span class='ocr_line' id='line_1_21' title="bbox 144 1791 1680 1886; baseline 0 -48"><span class='ocrx_word' id='word_1_122' title='bbox 144 1801 227 1886; x_wconf 54' lang='lat' dir='ltr'><em>git.</em></span> <span class='ocrx_word' id='word_1_123' title='bbox 229 1802 279 1838; x_wconf 84' lang='lat' dir='ltr'><strong>M.</strong></span> <span class='ocrx_word' id='word_1_124' title='bbox 306 1805 387 1848; x_wconf 83' lang='lat'><em>594,</em></span> <span class='ocrx_word' id='word_1_125' title='bbox 413 1805 458 1839; x_wconf 83' lang='grc'><em>55</em></span> <span class='ocrx_word' id='word_1_126' title='bbox 484 1802 563 1848; x_wconf 89' lang='lat' dir='ltr'>(ubi</span> <span class='ocrx_word' id='word_1_127' title='bbox 588 1802 684 1838; x_wconf 89' lang='lat' dir='ltr'><strong>nihil</strong></span> <span class='ocrx_word' id='word_1_128' title='bbox 709 1803 782 1838; x_wconf 82' lang='lat' dir='ltr'>nisi</span> <span class='ocrx_word' id='word_1_129' title='bbox 807 1799 900 1839; x_wconf 75' lang='grc' dir='ltr'><em>οὐδὲ</em></span> <span class='ocrx_word' id='word_1_130' title='bbox 918 1791 1168 1850; x_wconf 79' lang='grc' dir='ltr'><em>μννάμενος).</em></span> <span class='ocrx_word' id='word_1_131' title='bbox 1220 1804 1320 1839; x_wconf 74' lang='lat' dir='ltr'><strong>Fort.</strong></span> <span class='ocrx_word' id='word_1_132' title='bbox 1354 1803 1462 1839; x_wconf 82' lang='lat' dir='ltr'><strong>scrib.</strong></span> <span class='ocrx_word' id='word_1_133' title='bbox 1496 1800 1538 1838; x_wconf 85' lang='grc' dir='ltr'><em>τὸ</em></span> <span class='ocrx_word' id='word_1_134' title='bbox 1564 1799 1680 1849; x_wconf 82' lang='grc' dir='ltr'><em>νόημ’</em></span> 
     </span>
     <span class='ocr_line' id='line_1_22' title="bbox 172 1847 303 1886; baseline 0 0"><span class='ocrx_word' id='word_1_135' title='bbox 172 1847 303 1886; x_wconf 80' lang='grc' dir='ltr'>αύτω.</span> 
     </span>
    </p>
   </div>
   <div class='ocr_carea' id='block_1_12' title="bbox 146 1930 1682 2170">
    <p class='ocr_par' dir='ltr' id='par_1_12' title="bbox 146 1930 1682 2170">
     <span class='ocr_line' id='line_1_23' title="bbox 241 1930 1682 1990; baseline 0 -21"><span class='ocrx_word' id='word_1_136' title='bbox 241 1934 299 1970; x_wconf 90' lang='lat' dir='ltr'><strong>Fr.</strong></span> <span class='ocrx_word' id='word_1_137' title='bbox 326 1937 381 1969; x_wconf 88' lang='grc'><em>90.</em></span> <span class='ocrx_word' id='word_1_138' title='bbox 434 1932 553 1969; x_wconf 85' lang='lat' dir='ltr'><strong>Cram.</strong></span> <span class='ocrx_word' id='word_1_139' title='bbox 587 1932 656 1971; x_wconf 90' lang='lat' dir='ltr'><em>An.</em></span> <span class='ocrx_word' id='word_1_140' title='bbox 689 1933 771 1970; x_wconf 85' lang='lat' dir='ltr'><strong>Par.</strong></span> <span class='ocrx_word' id='word_1_141' title='bbox 803 1934 854 1970; x_wconf 91' lang='lat'><em>111</em></span> <span class='ocrx_word' id='word_1_142' title='bbox 883 1938 969 1978; x_wconf 84' lang='lat'>121,</span> <span class='ocrx_word' id='word_1_143' title='bbox 996 1938 1035 1970; x_wconf 87' lang='lat'><em>5:</em></span> <span class='ocrx_word' id='word_1_144' title='bbox 1069 1933 1217 1990; x_wconf 80' lang='grc' dir='ltr'><em>Μηδεὶς</em></span> <span class='ocrx_word' id='word_1_145' title='bbox 1248 1931 1291 1969; x_wconf 72' lang='grc' dir='ltr'><em>δὲ</em></span> <span class='ocrx_word' id='word_1_146' title='bbox 1323 1930 1422 1980; x_wconf 81' lang='grc' dir='ltr'><em>ἡμᾶς</em></span> <span class='ocrx_word' id='word_1_147' title='bbox 1452 1930 1682 1990; x_wconf 82' lang='grc' dir='ltr'><em>νεμεσητοὺς</em></span> 
     </span>
     <span class='ocr_line' id='line_1_24' title="bbox 146 1977 1681 2064; baseline -0.001 -47"><span class='ocrx_word' id='word_1_148' title='bbox 146 1977 397 2037; x_wconf 61' lang='lat' dir='ltr'><em>aupmvivetsv:</em></span> <span class='ocrx_word' id='word_1_149' title='bbox 422 1977 472 2022; x_wconf 80' lang='grc' dir='ltr'><em>ὥς</em></span> <span class='ocrx_word' id='word_1_150' title='bbox 497 1979 579 2040; x_wconf 74' lang='grc' dir='ltr'><em>εἰκῇ</em></span> <span class='ocrx_word' id='word_1_151' title='bbox 606 1979 648 2017; x_wconf 85' lang='grc' dir='ltr'><em>τὸ</em></span> <span class='ocrx_word' id='word_1_152' title='bbox 675 1979 904 2027; x_wconf 80' lang='grc' dir='ltr'><em>εἰραφιώτης</em></span> <span class='ocrx_word' id='word_1_153' title='bbox 938 1979 1111 2018; x_wconf 78' lang='grc' dir='ltr'><em>ἐνταῦθα</em></span> <span class='ocrx_word' id='word_1_154' title='bbox 1142 1978 1382 2040; x_wconf 78' lang='grc' dir='ltr'><em>γράψαντας·</em></span> <span class='ocrx_word' id='word_1_155' title='bbox 1417 1977 1578 2064; x_wconf 53' lang='lat' dir='ltr'><em>Obliuio</em></span> <span class='ocrx_word' id='word_1_156' title='bbox 1604 1978 1681 2017; x_wconf 79' lang='grc' dir='ltr'><em>ἔστι</em></span> 
     </span>
     <span class='ocr_line' id='line_1_25' title="bbox 147 2025 1682 2087; baseline 0 -23"><span class='ocrx_word' id='word_1_157' title='bbox 147 2029 214 2064; x_wconf 82' lang='grc' dir='ltr'><em>τοῦ</em></span> <span class='ocrx_word' id='word_1_158' title='bbox 240 2029 418 2073; x_wconf 77' lang='grc' dir='ltr'><em>ποιητοῦ,</em></span> <span class='ocrx_word' id='word_1_159' title='bbox 449 2025 533 2064; x_wconf 70' lang='grc' dir='ltr'><em>ἀλλ’</em></span> <span class='ocrx_word' id='word_1_160' title='bbox 568 2029 747 2064; x_wconf 81' lang='grc' dir='ltr'><em>Αλκαίου·</em></span> <span class='ocrx_word' id='word_1_161' title='bbox 782 2026 1025 2087; x_wconf 80' lang='grc' dir='ltr'><em>ἐρραφεῶτου</em></span> <span class='ocrx_word' id='word_1_162' title='bbox 1059 2026 1132 2074; x_wconf 77' lang='grc' dir='ltr'><em>γὰρ</em></span> <span class='ocrx_word' id='word_1_163' title='bbox 1158 2027 1267 2072; x_wconf 80' lang='grc' dir='ltr'><em>αναξ.</em></span> <span class='ocrx_word' id='word_1_164' title='bbox 1317 2028 1458 2064; x_wconf 84' lang='lat' dir='ltr'>Eadem</span> <span class='ocrx_word' id='word_1_165' title='bbox 1523 2029 1682 2085; x_wconf 73' lang='lat' dir='ltr'>atranga</span> 
     </span>
     <span class='ocr_line' id='line_1_26' title="bbox 149 2071 1679 2134; baseline -0.001 -23"><span class='ocrx_word' id='word_1_166' title='bbox 149 2075 216 2111; x_wconf 83' lang='lat' dir='ltr'><em>An.</em></span> <span class='ocrx_word' id='word_1_167' title='bbox 244 2078 324 2112; x_wconf 86' lang='grc'>389.</span> <span class='ocrx_word' id='word_1_168' title='bbox 373 2075 474 2111; x_wconf 74' lang='lat' dir='ltr'><strong>Fert.</strong></span> <span class='ocrx_word' id='word_1_169' title='bbox 503 2071 772 2134; x_wconf 83' lang='grc' dir='ltr'><em>Ἐρραφεῶτα</em></span> <span class='ocrx_word' id='word_1_170' title='bbox 781 2074 853 2122; x_wconf 77' lang='grc' dir='ltr'><em>γὰρ</em></span> <span class='ocrx_word' id='word_1_171' title='bbox 884 2074 1034 2122; x_wconf 46' lang='lat' dir='ltr'><em>fang,</em></span> <span class='ocrx_word' id='word_1_172' title='bbox 1068 2076 1329 2112; x_wconf 82' lang='lat' dir='ltr'>Schneidewin</span> <span class='ocrx_word' id='word_1_173' title='bbox 1363 2076 1523 2112; x_wconf 73' lang='lat' dir='ltr'>coniecit</span> <span class='ocrx_word' id='word_1_174' title='bbox 1551 2072 1679 2133; x_wconf 84' lang='grc' dir='ltr'><em>Ἐρρα-</em></span> 
     </span>
     <span class='ocr_line' id='line_1_27' title="bbox 147 2116 1679 2170; baseline -0.001 -12"><span class='ocrx_word' id='word_1_175' title='bbox 147 2123 271 2167; x_wconf 81' lang='grc' dir='ltr'><em>φιῶτα</em></span> <span class='ocrx_word' id='word_1_176' title='bbox 297 2119 399 2169; x_wconf 83' lang='grc' dir='ltr'><em>χαῖρ’</em></span> <span class='ocrx_word' id='word_1_177' title='bbox 427 2119 543 2168; x_wconf 82' lang='grc' dir='ltr'><em>αναξ,</em></span> <span class='ocrx_word' id='word_1_178' title='bbox 571 2122 723 2159; x_wconf 80' lang='lat' dir='ltr'>Cramer</span> <span class='ocrx_word' id='word_1_179' title='bbox 747 2121 921 2168; x_wconf 77' lang='grc' dir='ltr'><em>ἄνακτος,</em></span> <span class='ocrx_word' id='word_1_180' title='bbox 953 2123 1127 2170; x_wconf 77' lang='lat' dir='ltr'>Hartung</span> <span class='ocrx_word' id='word_1_181' title='bbox 1153 2122 1389 2169; x_wconf 77' lang='grc' dir='ltr'><em>ἔρραφιῶτα,</em></span> <span class='ocrx_word' id='word_1_182' title='bbox 1416 2116 1514 2159; x_wconf 83' lang='grc' dir='ltr'><em>οὖνα</em></span> <span class='ocrx_word' id='word_1_183' title='bbox 1537 2121 1679 2165; x_wconf 53' lang='grc' dir='ltr'><em>Ἐάναξ.</em></span> 
     </span>
    </p>
   </div>
   <div class='ocr_carea' id='block_1_13' title="bbox 146 2202 1681 2809">
    <p class='ocr_par' dir='ltr' id='par_1_13' title="bbox 147 2202 1681 2809">
     <span class='ocr_line' id='line_1_28' title="bbox 242 2202 1679 2264; baseline -0.002 -22"><span class='ocrx_word' id='word_1_184' title='bbox 242 2206 299 2242; x_wconf 89' lang='lat' dir='ltr'><strong>Fr.</strong></span> <span class='ocrx_word' id='word_1_185' title='bbox 327 2209 385 2241; x_wconf 89' lang='grc'><em>91.</em></span> <span class='ocrx_word' id='word_1_186' title='bbox 435 2206 658 2243; x_wconf 75' lang='lat' dir='ltr'>Artemidor.</span> <span class='ocrx_word' id='word_1_187' title='bbox 686 2206 810 2242; x_wconf 84' lang='lat' dir='ltr'>Oneir.</span> <span class='ocrx_word' id='word_1_188' title='bbox 837 2206 872 2242; x_wconf 94' lang='lat' dir='ltr'><em>II</em></span> <span class='ocrx_word' id='word_1_189' title='bbox 897 2211 960 2243; x_wconf 86' lang='grc'><em>25.</em></span> <span class='ocrx_word' id='word_1_190' title='bbox 996 2204 1146 2264; x_wconf 78' lang='grc' dir='ltr'><em>Ταύτης</em></span> <span class='ocrx_word' id='word_1_191' title='bbox 1171 2203 1315 2252; x_wconf 76' lang='grc' dir='ltr'><em>(δρυὸς)</em></span> <span class='ocrx_word' id='word_1_192' title='bbox 1342 2203 1414 2251; x_wconf 76' lang='grc' dir='ltr'><em>γὰρ</em></span> <span class='ocrx_word' id='word_1_193' title='bbox 1440 2203 1506 2240; x_wconf 89' lang='grc' dir='ltr'><em>τὸν</em></span> <span class='ocrx_word' id='word_1_194' title='bbox 1531 2202 1679 2249; x_wconf 79' lang='grc' dir='ltr'><em>καρπὸν</em></span> 
     </span>
     <span class='ocr_line' id='line_1_29' title="bbox 147 2249 1679 2310; baseline -0.001 -22"><span class='ocrx_word' id='word_1_195' title='bbox 147 2250 286 2310; x_wconf 79' lang='grc' dir='ltr'><em>ἤσθιον</em></span> <span class='ocrx_word' id='word_1_196' title='bbox 311 2251 352 2288; x_wconf 79' lang='grc' dir='ltr'><em>οἴ</em></span> <span class='ocrx_word' id='word_1_197' title='bbox 370 2249 553 2297; x_wconf 69' lang='grc' dir='ltr'>Ἀρκάδες.</span> <span class='ocrx_word' id='word_1_198' title='bbox 591 2254 656 2289; x_wconf 74' lang='grc' dir='ltr'><em>καὶ</em></span> <span class='ocrx_word' id='word_1_199' title='bbox 681 2250 702 2289; x_wconf 90' lang='grc' dir='ltr'><strong>ὁ</strong></span> <span class='ocrx_word' id='word_1_200' title='bbox 725 2250 888 2300; x_wconf 84' lang='grc' dir='ltr'><em>Ἀρχαῖος</em></span> <span class='ocrx_word' id='word_1_201' title='bbox 913 2255 1022 2300; x_wconf 85' lang='grc' dir='ltr'><em>φησί·</em></span> <span class='ocrx_word' id='word_1_202' title='bbox 1044 2251 1086 2290; x_wconf 79' lang='grc' dir='ltr'><em>Ἄ.</em></span> <span class='ocrx_word' id='word_1_203' title='bbox 1112 2257 1187 2291; x_wconf 77' lang='grc' dir='ltr'><em>κτλ,</em></span> <span class='ocrx_word' id='word_1_204' title='bbox 1226 2254 1343 2289; x_wconf 78' lang='lat' dir='ltr'>Recte</span> <span class='ocrx_word' id='word_1_205' title='bbox 1369 2252 1506 2288; x_wconf 84' lang='lat' dir='ltr'>Reiske</span> <span class='ocrx_word' id='word_1_206' title='bbox 1532 2254 1571 2288; x_wconf 74' lang='lat' dir='ltr'>et</span> <span class='ocrx_word' id='word_1_207' title='bbox 1589 2252 1679 2287; x_wconf 89' lang='lat' dir='ltr'>Mei-</span> 
     </span>
     <span class='ocr_line' id='line_1_30' title="bbox 150 2296 1681 2346; baseline -0.001 -10"><span class='ocrx_word' id='word_1_208' title='bbox 150 2300 245 2336; x_wconf 83' lang='lat' dir='ltr'>neke</span> <span class='ocrx_word' id='word_1_209' title='bbox 268 2296 472 2340; x_wconf 77' lang='grc' dir='ltr'><em>Ἆλκαῖος.</em></span> <span class='ocrx_word' id='word_1_210' title='bbox 511 2300 624 2345; x_wconf 85' lang='lat' dir='ltr'>Haec,</span> <span class='ocrx_word' id='word_1_211' title='bbox 649 2311 745 2346; x_wconf 85' lang='lat' dir='ltr'>quae</span> <span class='ocrx_word' id='word_1_212' title='bbox 770 2301 808 2337; x_wconf 92' lang='lat' dir='ltr'><em>in</em></span> <span class='ocrx_word' id='word_1_213' title='bbox 827 2313 902 2338; x_wconf 88' lang='lat' dir='ltr'><em>uno</em></span> <span class='ocrx_word' id='word_1_214' title='bbox 921 2303 1068 2338; x_wconf 69' lang='lat' dir='ltr'>tantum</span> <span class='ocrx_word' id='word_1_215' title='bbox 1087 2301 1184 2338; x_wconf 89' lang='lat' dir='ltr'>libro</span> <span class='ocrx_word' id='word_1_216' title='bbox 1203 2301 1266 2346; x_wconf 94' lang='lat' dir='ltr'><em>(V)</em></span> <span class='ocrx_word' id='word_1_217' title='bbox 1285 2301 1471 2346; x_wconf 73' lang='lat' dir='ltr'>leguntur,</span> <span class='ocrx_word' id='word_1_218' title='bbox 1490 2299 1539 2335; x_wconf 88' lang='lat' dir='ltr'><em>ab</em></span> <span class='ocrx_word' id='word_1_219' title='bbox 1557 2299 1681 2335; x_wconf 86' lang='lat' dir='ltr'>aliena</span> 
     </span>
     <span class='ocr_line' id='line_1_31' title="bbox 147 2345 1680 2385; baseline -0.002 -1"><span class='ocrx_word' id='word_1_220' title='bbox 147 2359 261 2384; x_wconf 90' lang='lat' dir='ltr'>manu</span> <span class='ocrx_word' id='word_1_221' title='bbox 293 2347 423 2383; x_wconf 75' lang='lat' dir='ltr'>addita</span> <span class='ocrx_word' id='word_1_222' title='bbox 455 2358 535 2383; x_wconf 79' lang='lat' dir='ltr'>esse</span> <span class='ocrx_word' id='word_1_223' title='bbox 567 2347 805 2384; x_wconf 80' lang='lat' dir='ltr'>manifestum</span> <span class='ocrx_word' id='word_1_224' title='bbox 839 2350 905 2385; x_wconf 78' lang='lat' dir='ltr'>est.</span> <span class='ocrx_word' id='word_1_225' title='bbox 956 2349 996 2384; x_wconf 89' lang='lat' dir='ltr'><em>In</em></span> <span class='ocrx_word' id='word_1_226' title='bbox 1029 2348 1158 2385; x_wconf 81' lang='lat' dir='ltr'><strong>Alcaei</strong></span> <span class='ocrx_word' id='word_1_227' title='bbox 1190 2347 1348 2384; x_wconf 68' lang='lat' dir='ltr'>frustulo</span> <span class='ocrx_word' id='word_1_228' title='bbox 1380 2346 1535 2383; x_wconf 81' lang='lat' dir='ltr'>offendit</span> <span class='ocrx_word' id='word_1_229' title='bbox 1566 2345 1680 2382; x_wconf 79' lang='grc' dir='ltr'><em>ἔσσαν</em></span> 
     </span>
     <span class='ocr_line' id='line_1_32' title="bbox 147 2388 1679 2450; baseline -0.003 -18"><span class='ocrx_word' id='word_1_230' title='bbox 147 2394 341 2449; x_wconf 78' lang='lat' dir='ltr'>geminata</span> <span class='ocrx_word' id='word_1_231' title='bbox 365 2394 494 2430; x_wconf 73' lang='lat' dir='ltr'>littera</span> <span class='ocrx_word' id='word_1_232' title='bbox 518 2394 710 2440; x_wconf 81' lang='lat' dir='ltr'>sibilante,</span> <span class='ocrx_word' id='word_1_233' title='bbox 743 2396 789 2433; x_wconf 82' lang='lat' dir='ltr'><em>cf.</em></span> <span class='ocrx_word' id='word_1_234' title='bbox 814 2396 863 2431; x_wconf 81' lang='lat' dir='ltr'><em>ad</em></span> <span class='ocrx_word' id='word_1_235' title='bbox 888 2395 1039 2432; x_wconf 86' lang='lat' dir='ltr'>Pindari</span> <span class='ocrx_word' id='word_1_236' title='bbox 1066 2396 1122 2433; x_wconf 90' lang='lat'><em>01.</em></span> <span class='ocrx_word' id='word_1_237' title='bbox 1150 2400 1183 2440; x_wconf 89' lang='grc'>9,</span> <span class='ocrx_word' id='word_1_238' title='bbox 1209 2400 1272 2430; x_wconf 86' lang='lat'><em>53:</em></span> <span class='ocrx_word' id='word_1_239' title='bbox 1305 2395 1435 2450; x_wconf 76' lang='lat' dir='ltr'>itaque</span> <span class='ocrx_word' id='word_1_240' title='bbox 1467 2395 1533 2429; x_wconf 78' lang='lat' dir='ltr'><em>aut</em></span> <span class='ocrx_word' id='word_1_241' title='bbox 1562 2388 1679 2438; x_wconf 82' lang='grc' dir='ltr'><em>ἦσαν</em></span> 
     </span>
     <span class='ocr_line' id='line_1_33' title="bbox 148 2423 1679 2497; baseline -0.001 -19"><span class='ocrx_word' id='word_1_242' title='bbox 148 2441 402 2487; x_wconf 83' lang='lat' dir='ltr'>scribendum,</span> <span class='ocrx_word' id='word_1_243' title='bbox 434 2442 501 2478; x_wconf 77' lang='lat' dir='ltr'><em>aut</em></span> <span class='ocrx_word' id='word_1_244' title='bbox 522 2423 710 2487; x_wconf 67' lang='grc' dir='ltr'><em>Ἀρκαδες</em></span> <span class='ocrx_word' id='word_1_245' title='bbox 729 2439 924 2489; x_wconf 81' lang='grc' dir='ltr'><em>(ανδρες)</em></span> <span class='ocrx_word' id='word_1_246' title='bbox 965 2442 1073 2479; x_wconf 80' lang='grc' dir='ltr'><em>ἔσαν</em></span> <span class='ocrx_word' id='word_1_247' title='bbox 1113 2438 1379 2497; x_wconf 82' lang='grc' dir='ltr'><em>βαλανηφαγοι</em></span> <span class='ocrx_word' id='word_1_248' title='bbox 1418 2441 1576 2486; x_wconf 85' lang='lat' dir='ltr'>(Ahrens</span> <span class='ocrx_word' id='word_1_249' title='bbox 1615 2441 1679 2487; x_wconf 85' lang='grc' dir='ltr'><em>βα-</em></span> 
     </span>
     <span class='ocr_line' id='line_1_34' title="bbox 148 2487 1678 2535; baseline -0.003 -9"><span class='ocrx_word' id='word_1_250' title='bbox 148 2487 301 2535; x_wconf 77' lang='grc' dir='ltr'><em>λαναφά</em></span> <span class='ocrx_word' id='word_1_251' title='bbox 329 2491 390 2534; x_wconf 93' lang='grc' dir='ltr'>οι).</span> <span class='ocrx_word' id='word_1_252' title='bbox 441 2489 580 2524; x_wconf 88' lang='lat' dir='ltr'>Lucem</span> <span class='ocrx_word' id='word_1_253' title='bbox 604 2488 834 2534; x_wconf 74' lang='lat' dir='ltr'>insperatam</span> <span class='ocrx_word' id='word_1_254' title='bbox 859 2489 991 2526; x_wconf 84' lang='lat' dir='ltr'>offerre</span> <span class='ocrx_word' id='word_1_255' title='bbox 1016 2489 1088 2526; x_wconf 84' lang='lat' dir='ltr'>sibi</span> <span class='ocrx_word' id='word_1_256' title='bbox 1108 2490 1209 2525; x_wconf 82' lang='lat' dir='ltr'>visus</span> <span class='ocrx_word' id='word_1_257' title='bbox 1229 2492 1286 2525; x_wconf 75' lang='lat' dir='ltr'>est</span> <span class='ocrx_word' id='word_1_258' title='bbox 1305 2488 1464 2534; x_wconf 75' lang='lat' dir='ltr'>Curtius,</span> <span class='ocrx_word' id='word_1_259' title='bbox 1489 2488 1553 2532; x_wconf 87' lang='lat' dir='ltr'><em>qui</em></span> <span class='ocrx_word' id='word_1_260' title='bbox 1579 2487 1678 2533; x_wconf 80' lang='lat' dir='ltr'>(Stu-</span> 
     </span>
     <span class='ocr_line' id='line_1_35' title="bbox 147 2534 1679 2582; baseline -0.002 -10"><span class='ocrx_word' id='word_1_261' title='bbox 147 2536 234 2572; x_wconf 90' lang='lat' dir='ltr'>dien</span> <span class='ocrx_word' id='word_1_262' title='bbox 266 2535 298 2572; x_wconf 87' lang='lat' dir='ltr'><strong>V</strong></span> <span class='ocrx_word' id='word_1_263' title='bbox 320 2537 352 2572; x_wconf 93' lang='lat'><em>11</em></span> <span class='ocrx_word' id='word_1_264' title='bbox 384 2537 469 2582; x_wconf 83' lang='grc'>327)</span> <span class='ocrx_word' id='word_1_265' title='bbox 502 2534 615 2572; x_wconf 79' lang='grc' dir='ltr'><em>ἕσσαν</em></span> <span class='ocrx_word' id='word_1_266' title='bbox 652 2536 700 2571; x_wconf 86' lang='lat' dir='ltr'><em>ad</em></span> <span class='ocrx_word' id='word_1_267' title='bbox 740 2534 842 2572; x_wconf 79' lang='grc' dir='ltr'><em>ἔδειν</em></span> <span class='ocrx_word' id='word_1_268' title='bbox 879 2538 1044 2573; x_wconf 72' lang='lat' dir='ltr'>revocat.</span> <span class='ocrx_word' id='word_1_269' title='bbox 1095 2537 1169 2573; x_wconf 89' lang='lat' dir='ltr'>Sed</span> <span class='ocrx_word' id='word_1_270' title='bbox 1209 2537 1300 2572; x_wconf 85' lang='lat' dir='ltr'>haec</span> <span class='ocrx_word' id='word_1_271' title='bbox 1338 2535 1443 2572; x_wconf 86' lang='lat' dir='ltr'>verbi</span> <span class='ocrx_word' id='word_1_272' title='bbox 1474 2535 1594 2571; x_wconf 84' lang='lat' dir='ltr'>forma</span> <span class='ocrx_word' id='word_1_273' title='bbox 1625 2535 1679 2570; x_wconf 87' lang='lat' dir='ltr'><em>in-</em></span> 
     </span>
     <span class='ocr_line' id='line_1_36' title="bbox 150 2582 1679 2638; baseline -0.002 -18"><span class='ocrx_word' id='word_1_274' title='bbox 150 2583 314 2620; x_wconf 67' lang='lat' dir='ltr'>visihata.</span> <span class='ocrx_word' id='word_1_275' title='bbox 378 2584 431 2619; x_wconf 81' lang='lat' dir='ltr'><em>Ac</em></span> <span class='ocrx_word' id='word_1_276' title='bbox 475 2595 520 2620; x_wconf 86' lang='lat' dir='ltr'>ne</span> <span class='ocrx_word' id='word_1_277' title='bbox 557 2583 596 2619; x_wconf 91' lang='lat' dir='ltr'><em>id</em></span> <span class='ocrx_word' id='word_1_278' title='bbox 636 2582 787 2627; x_wconf 83' lang='lat' dir='ltr'>quidem</span> <span class='ocrx_word' id='word_1_279' title='bbox 825 2584 985 2629; x_wconf 72' lang='lat' dir='ltr'>certum,</span> <span class='ocrx_word' id='word_1_280' title='bbox 1022 2585 1178 2638; x_wconf 80' lang='lat' dir='ltr'>poetae</span> <span class='ocrx_word' id='word_1_281' title='bbox 1195 2583 1312 2630; x_wconf 83' lang='lat' dir='ltr'>ipsius</span> <span class='ocrx_word' id='word_1_282' title='bbox 1355 2583 1471 2620; x_wconf 86' lang='lat' dir='ltr'>verba</span> <span class='ocrx_word' id='word_1_283' title='bbox 1509 2582 1571 2618; x_wconf 85' lang='lat' dir='ltr'><em>hic</em></span> <span class='ocrx_word' id='word_1_284' title='bbox 1605 2593 1679 2617; x_wconf 86' lang='lat' dir='ltr'>ser·</span> 
     </span>
     <span class='ocr_line' id='line_1_37' title="bbox 150 2612 1681 2688; baseline -0.002 -21"><span class='ocrx_word' id='word_1_285' title='bbox 150 2633 238 2668; x_wconf 78' lang='lat' dir='ltr'>vata</span> <span class='ocrx_word' id='word_1_286' title='bbox 263 2641 362 2676; x_wconf 84' lang='lat' dir='ltr'>csse,</span> <span class='ocrx_word' id='word_1_287' title='bbox 399 2642 488 2667; x_wconf 88' lang='lat' dir='ltr'><em>nam</em></span> <span class='ocrx_word' id='word_1_288' title='bbox 512 2632 556 2666; x_wconf 78' lang='lat' dir='ltr'><em>ut</em></span> <span class='ocrx_word' id='word_1_289' title='bbox 580 2630 655 2666; x_wconf 85' lang='lat' dir='ltr'><em>iam</em></span> <span class='ocrx_word' id='word_1_290' title='bbox 675 2632 762 2666; x_wconf 78' lang='lat' dir='ltr'>ante</span> <span class='ocrx_word' id='word_1_291' title='bbox 788 2612 1013 2677; x_wconf 83' lang='lat' dir='ltr'>significavi,</span> <span class='ocrx_word' id='word_1_292' title='bbox 1051 2630 1083 2666; x_wconf 86' lang='lat' dir='ltr'><em>is</em></span> <span class='ocrx_word' id='word_1_293' title='bbox 1116 2630 1184 2688; x_wconf 87' lang='lat' dir='ltr'><em>qui</em></span> <span class='ocrx_word' id='word_1_294' title='bbox 1206 2632 1298 2666; x_wconf 88' lang='lat' dir='ltr'>hacc</span> <span class='ocrx_word' id='word_1_295' title='bbox 1324 2629 1500 2686; x_wconf 60' lang='lat' dir='ltr'>inseruit,</span> <span class='ocrx_word' id='word_1_296' title='bbox 1520 2628 1681 2666; x_wconf 80' lang='lat' dir='ltr'>videtur</span> 
     </span>
     <span class='ocr_line' id='line_1_38' title="bbox 150 2675 1680 2736; baseline -0.001 -23"><span class='ocrx_word' id='word_1_297' title='bbox 150 2678 280 2714; x_wconf 80' lang='lat' dir='ltr'>Alcaei</span> <span class='ocrx_word' id='word_1_298' title='bbox 306 2678 349 2713; x_wconf 80' lang='lat' dir='ltr'><strong>fr.</strong></span> <span class='ocrx_word' id='word_1_299' title='bbox 376 2681 421 2714; x_wconf 84' lang='lat'><em>38</em></span> <span class='ocrx_word' id='word_1_300' title='bbox 446 2678 663 2736; x_wconf 83' lang='lat' dir='ltr'>respexisse.</span> <span class='ocrx_word' id='word_1_301' title='bbox 702 2677 874 2713; x_wconf 69' lang='lat' dir='ltr'><em>Fortasse</em></span> <span class='ocrx_word' id='word_1_302' title='bbox 900 2678 1135 2714; x_wconf 85' lang='lat' dir='ltr'>scribendum</span> <span class='ocrx_word' id='word_1_303' title='bbox 1160 2675 1299 2734; x_wconf 79' lang='grc' dir='ltr'><em>ἤσθιον</em></span> <span class='ocrx_word' id='word_1_304' title='bbox 1326 2675 1365 2712; x_wconf 79' lang='grc' dir='ltr'><em>οἴ</em></span> <span class='ocrx_word' id='word_1_305' title='bbox 1386 2673 1575 2722; x_wconf 82' lang='grc' dir='ltr'><em>αρχαῖοι</em></span> <span class='ocrx_word' id='word_1_306' title='bbox 1595 2678 1680 2733; x_wconf 90' lang='lat' dir='ltr'>(pro</span> 
     </span>
     <span class='ocr_line' id='line_1_39' title="bbox 146 2718 1679 2772; baseline -0.002 -10.996"><span class='ocrx_word' id='word_1_307' title='bbox 146 2722 349 2771; x_wconf 76' lang='grc' dir='ltr'><em>Ἀρκαὸες)·</em></span> <span class='ocrx_word' id='word_1_308' title='bbox 387 2724 453 2761; x_wconf 75' lang='grc' dir='ltr'><em>καὶ</em></span> <span class='ocrx_word' id='word_1_309' title='bbox 486 2722 507 2761; x_wconf 86' lang='grc' dir='ltr'><strong>ὁ</strong></span> <span class='ocrx_word' id='word_1_310' title='bbox 543 2722 704 2765; x_wconf 76' lang='grc' dir='ltr'><em>Ἀλκαῖος</em></span> <span class='ocrx_word' id='word_1_311' title='bbox 741 2725 874 2770; x_wconf 82' lang='grc' dir='ltr'><em>φησίν,</em></span> <span class='ocrx_word' id='word_1_312' title='bbox 912 2720 1013 2771; x_wconf 83' lang='grc' dir='ltr'><em>(οτι)</em></span> <span class='ocrx_word' id='word_1_313' title='bbox 1043 2722 1213 2770; x_wconf 70' lang='grc' dir='ltr'><em>Ἀριιαὸες</em></span> <span class='ocrx_word' id='word_1_314' title='bbox 1246 2718 1368 2770; x_wconf 84' lang='grc' dir='ltr'><em>ἦσαν</em></span> <span class='ocrx_word' id='word_1_315' title='bbox 1401 2721 1679 2772; x_wconf 75' lang='grc' dir='ltr'><em>βαλανηφάγοι.</em></span> 
     </span>
     <span class='ocr_line' id='line_1_40' title="bbox 149 2772 658 2809; baseline 0.002 -2"><span class='ocrx_word' id='word_1_316' title='bbox 149 2772 294 2809; x_wconf 77' lang='lat' dir='ltr'>Pariter</span> <span class='ocrx_word' id='word_1_317' title='bbox 318 2773 482 2808; x_wconf 72' lang='lat' dir='ltr'>erratum</span> <span class='ocrx_word' id='word_1_318' title='bbox 507 2772 658 2809; x_wconf 82' lang='lat' dir='ltr'><strong>fr.108.</strong></span> 
     </span>
    </p>
   </div>
   <div class='ocr_carea' id='block_1_14' title="bbox 151 2850 1680 2948">
    <p class='ocr_par' dir='ltr' id='par_1_14' title="bbox 151 2850 1680 2948">
     <span class='ocr_line' id='line_1_41' title="bbox 245 2850 1678 2911; baseline 0 -22"><span class='ocrx_word' id='word_1_319' title='bbox 245 2854 303 2890; x_wconf 90' lang='lat' dir='ltr'><em>Fr.</em></span> <span class='ocrx_word' id='word_1_320' title='bbox 331 2858 388 2890; x_wconf 84' lang='grc'><em>92.</em></span> <span class='ocrx_word' id='word_1_321' title='bbox 444 2854 546 2891; x_wconf 78' lang='lat' dir='ltr'><strong>Stob.</strong></span> <span class='ocrx_word' id='word_1_322' title='bbox 584 2854 700 2890; x_wconf 83' lang='lat' dir='ltr'>XCV1</span> <span class='ocrx_word' id='word_1_323' title='bbox 735 2858 795 2890; x_wconf 89' lang='grc'><em>17.</em></span> <span class='ocrx_word' id='word_1_324' title='bbox 830 2850 996 2890; x_wconf 74' lang='grc' dir='ltr'><em>Ἀλκαίου</em></span> <span class='ocrx_word' id='word_1_325' title='bbox 1028 2854 1165 2898; x_wconf 87' lang='lat' dir='ltr'>(Trinc.</span> <span class='ocrx_word' id='word_1_326' title='bbox 1198 2851 1358 2898; x_wconf 72' lang='grc' dir='ltr'><em>Ἅλκέον)</em></span> <span class='ocrx_word' id='word_1_327' title='bbox 1391 2854 1566 2911; x_wconf 76' lang='grc' dir='ltr'><em>Ποιητοῦ</em></span> <span class='ocrx_word' id='word_1_328' title='bbox 1589 2855 1678 2899; x_wconf 91' lang='lat' dir='ltr'><strong>(om.</strong></span> 
     </span>
     <span class='ocr_line' id='line_1_42' title="bbox 151 2898 1680 2948; baseline 0 -12"><span class='ocrx_word' id='word_1_329' title='bbox 151 2900 294 2947; x_wconf 82' lang='lat' dir='ltr'><em>vind.)-</em></span> <span class='ocrx_word' id='word_1_330' title='bbox 323 2898 560 2947; x_wconf 74' lang='grc' dir='ltr'><em>Ἀργαλέον</em></span> <span class='ocrx_word' id='word_1_331' title='bbox 592 2905 666 2937; x_wconf 78' lang='grc' dir='ltr'>κτλ.</span> <span class='ocrx_word' id='word_1_332' title='bbox 701 2921 744 2927; x_wconf 93' lang='lat'>-</span> <span class='ocrx_word' id='word_1_333' title='bbox 778 2902 821 2937; x_wconf 94' lang='lat' dir='ltr'><strong>V.</strong></span> <span class='ocrx_word' id='word_1_334' title='bbox 854 2905 885 2936; x_wconf 92' lang='lat'><em>1.</em></span> <span class='ocrx_word' id='word_1_335' title='bbox 918 2900 1014 2947; x_wconf 81' lang='grc' dir='ltr'><em>μέγα</em></span> <span class='ocrx_word' id='word_1_336' title='bbox 1042 2902 1091 2946; x_wconf 82' lang='grc' dir='ltr'><em>Α,</em></span> <span class='ocrx_word' id='word_1_337' title='bbox 1129 2900 1249 2948; x_wconf 75' lang='grc' dir='ltr'><em>μέγαν</em></span> <span class='ocrx_word' id='word_1_338' title='bbox 1282 2902 1404 2947; x_wconf 81' lang='lat' dir='ltr'><strong>vulgo.</strong></span> <span class='ocrx_word' id='word_1_339' title='bbox 1438 2922 1485 2928; x_wconf 92' lang='lat'><strong>—</strong></span> <span class='ocrx_word' id='word_1_340' title='bbox 1517 2898 1680 2947; x_wconf 77' lang='grc' dir='ltr'><em>δάμναις</em></span> 
     </span>
    </p>
   </div>
   <div class='ocr_carea' id='block_1_15' title="bbox 1259 2951 1396 2996">
    <p class='ocr_par' dir='ltr' id='par_1_15' title="bbox 1259 2951 1396 2996">
     <span class='ocr_line' id='line_1_43' title="bbox 1259 2951 1396 2996; baseline 0.007 -1"><span class='ocrx_word' id='word_1_341' title='bbox 1259 2951 1265 2969; x_wconf 84' lang='lat'><em>&#39;</em></span> <span class='ocrx_word' id='word_1_342' title='bbox 1327 2960 1396 2996; x_wconf 82' lang='lat'><em>12*</em></span> 
     </span>
    </p>
   </div>
  </div>
 </body>
</html>
