1864 3126
779 141 1056 180 smomnsss.
1601 140 1687 183 399

148 250 219 297 τὸν
248 250 301 308 F)
337 257 407 308 τῆς
436 254 589 307 Συρίας
627 250 735 306 παρὰ
767 254 907 295 Βαδᾶν
944 251 1119 308 (βανδᾶν
1150 267 1265 296 morz.
1300 254 1489 294 Letronn.
1521 253 1690 293 coniecit

102 355 111 363 .
149 321 304 371 Βαλᾶν,
343 320 616 361 Schneidewin
655 319 800 361 Philol.
839 320 858 359 Ι
895 322 953 360 40
995 315 1186 372 Βάλαιον)
1226 315 1423 371 ποταμόν,
1463 313 1518 367 ὦς
1558 318 1688 370 εἴρηκε

147 386 378 439 Σιμωνίδης
402 384 446 427 ἐν
466 383 651 438 Μέμνονι
677 381 915 441 διθυράμβῳ
939 387 1018 425 τῶν
1042 387 1254 438 Δηλιακῶν
1280 380 1543 439 (δαλιδιακῶν
1562 379 1685 438 Ald.).

148 450 479 492 Additamentum
498 452 576 491 τῶν
595 452 806 503 Δηλιακῶν
831 451 926 502 quid
952 451 1028 490 sibi
1055 451 1166 500 velit,
1191 464 1270 490 non
1296 451 1440 502 liquet3
1464 447 1684 492 Schneide-

149 518 229 570 win
264 515 309 557 ἕν
339 519 401 557 Μ.
433 517 515 557 δνθ.
547 514 629 557 καὶ
669 518 831 569 Σῆμος
869 511 891 557 ὅ
928 512 1105 569 Δήλιος
1147 514 1197 556 ἐν
1228 547 1238 557 .
1271 548 1278 555 .
1312 546 1321 555 .
1352 518 1431 556 τῶν
1462 517 1686 567 Δηλιακῶν.

149 583 203 623 Μ.
218 582 403 623 Schmidt
422 583 590 623 coniecit
619 578 687 637 (de
707 582 974 634 Dithyrambo
995 596 1033 633 p.
1056 577 1160 635 133)
1179 581 1409 633 Σιμωνίδης
1434 579 1478 620 ἐν
1497 578 1686 632 Μέμνονι

148 642 389 703 διθυράμβῳ
408 646 487 687 καὶ
505 650 542 687 Δ
549 648 627 688 αλί
631 663 695 687 ων
713 646 732 687 ἐ
739 663 763 687 ν
782 643 818 687 δ’
837 648 1065 700 Συριακῶν,
1091 648 1159 698 qui
1179 647 1284 686 unde
1305 646 1470 698 Syriaca
1488 646 1687 695 asciverit,

147 714 305 764 ignoro:
337 714 407 753 sed
442 714 603 764 scripsit
628 714 743 753 Dalio
780 709 1004 754 Αἰθιοπικά
1035 711 1132 763 (vid.
1159 713 1308 764 Isigon.
1334 713 1476 752 mirab.
1502 725 1532 752 e.
1561 707 1620 765 2),
1645 713 1686 751 in

148 779 294 831 quibus
328 780 549 819 Memnonis
582 779 824 819 mentionem
855 779 1002 818 factam
1036 791 1123 818 esse
1155 778 1372 818 verisimile
1405 780 1478 818 est.

794 896 1035 949 28.[137]

760 990 1070 1024 ΕΤΡΩΠΑ.

266 1067 471 1117 Aristoph.
508 1067 604 1117 Byz.
642 1079 706 1117 ap.
744 1067 894 1105 Miller,
915 1066 1026 1105 Misc.
1059 1067 1164 1105 430:
1210 1064 1438 1116 Σιμωνίδης
1479 1060 1516 1103 δ’
1559 1062 1604 1104 ἐν
1640 1067 1686 1119 τῇ

148 1127 331 1186 Εὐρώπῃ
361 1128 431 1172 τὸν
461 1134 607 1184 ταῦρον
639 1127 700 1173 ὁτὲ
730 1129 803 1184 μὲν
832 1133 1030 1184 ταῦρον,
1061 1125 1123 1170 ὁτὲ
1149 1127 1192 1169 δὲ
1217 1131 1386 1182 μῆλον,
1417 1125 1480 1170 ὁτὲ
1506 1127 1550 1170 δὲ
1574 1126 1687 1181 πρό-

148 1198 294 1249 βατον
325 1193 526 1250 ὀνομᾶζαι.
577 1198 764 1238 Eustath.
789 1197 836 1238 Il.
864 1199 962 1247 877,
984 1198 1058 1236 37:
1089 1194 1280 1248 προφέρει
1311 1193 1353 1235 δὲ
1380 1190 1686 1250 (Ἀριστοφάνης

146 1258 168 1302 ὃ
199 1259 480 1316 γραμματικὸς)
506 1262 572 1303 καὶ
591 1251 822 1316 Σιμωνίδου
847 1258 1019 1315 χρήσεις,
1052 1259 1095 1301 ἐν
1126 1256 1189 1309 αἷς
1213 1262 1317 1312 βοῦν
1342 1257 1489 1313 ἄρρενα
1520 1256 1581 1301 ὁτὲ
1613 1258 1684 1313 μὲν

146 1330 305 1381 ταῦρον,
343 1324 405 1369 ὁτὲ
437 1326 479 1368 δὲ
510 1331 636 1381 μᾶλον
665 1325 794 1382 ἤγουν
825 1330 968 1381 μῆλον,
998 1323 1067 1368 ’ὁτὲ
1106 1324 1149 1366 δὲ
1180 1322 1382 1380 πρόβατον
1414 1325 1562 1374 ἐκεῖνος
1593 1323 1686 1367 ὀνο-

147 1389 267 1444 μάζει.
312 1393 371 1434 cf.
397 1394 503 1433 idem
523 1394 595 1435 Od.
618 1397 745 1445 1649,
766 1397 805 1434 2.
854 1394 980 1434 Poeta
1005 1394 1045 1432 in
1065 1393 1324 1443 dithyrambo
1344 1393 1479 1443 aliquo
1500 1393 1685 1443 Europae

147 1461 307 1509 raptum
337 1461 497 1500 videtur
529 1461 791 1500 enarravisse.
847 1460 933 1499 Hoc
959 1458 1172 1498 Simonidis
1205 1471 1364 1498 carmen
1395 1459 1494 1496 mihi
1524 1459 1686 1498 videtur

147 1525 338 1565 Horatius
358 1525 489 1565 Carm.
508 1525 571 1564 III
592 1528 645 1565 27
671 1528 830 1564 secutus
857 1537 962 1576 esse,
993 1524 1210 1563 manifeste.
1240 1524 1346 1562 enim
1376 1523 1432 1562 ibi
1465 1523 1683 1574 deprehen-

147 1590 297 1631 duntur
316 1591 490 1643 vestigia
516 1590 651 1642 graeci
671 1591 854 1640 exempli,
880 1590 992 1629 cuius
1017 1589 1181 1628 eximias
1201 1590 1375 1629 virtutes
1395 1589 1547 1629 latinus
1566 1592 1686 1641 poeta

146 1669 218 1706 pro
243 1656 389 1696 virium
416 1668 579 1695 suarum
604 1654 765 1694 modulo
792 1656 1020 1694 aemulatus
1047 1658 1126 1704 est,
1152 1668 1394 1706 quamquam
1412 1655 1543 1705 possis
1564 1656 1685 1694 etiam

146 1722 197 1761 ad
217 1722 500 1773 Bacchylidem
525 1733 725 1770 revocare,
751 1721 820 1772 qui
845 1721 1010 1760 eandem
1038 1721 1220 1760 fabulam
1245 1721 1523 1760 illustraverat
1548 1721 1683 1771 aliquo

144 1788 335 1839 carmine,
367 1787 447 1827 vid.
479 1787 600 1826 schol.
632 1787 679 1827 Il.
712 1802 740 1838 μ
773 1788 871 1826 292.

627 1959 1223 2006 ΥΠΟΡΧΗΜΑΤΑ.

807 2061 1016 2115 29.[43fl
1067 2123 1072 2127 ι

236 2261 1124 2285 υυέυυ-υυέυυ-υ-ὐ-υέ-

248 2378 306 2414 Fr.
327 2382 384 2414 29.
422 2378 521 2415 Plut.
543 2378 591 2424 Sy
595 2379 736 2427 mp.1x
753 2385 808 2426 15,
825 2385 846 2416 2
867 2381 926 2425 (de
946 2392 1020 2427 quo
1039 2381 1123 2418 loc-o
1143 2382 1319 2439 corrupto
1339 2379 1549 2426 disputavit
1567 2379 1685 2415 Stein-

151 2436 265 2462 mann
289 2426 482 2472 Petropoli
509 2429 633 2487 18452:
634 2392 743 2464 ΡΚαὶ
775 2410 870 2469 ὅλως
892 2427 970 2486 ἔφη
997 2427 1232 2486 μεταθετέον
1258 2426 1300 2463 τὸ
1327 2428 1581 2474 Σιμωνίδειον
1606 2423 1682 2462 ἀπὸ

152 2474 218 2520 τῆς
243 2473 458 2531 ζωγραφίας
483 2471 546 2510 ἐπὶ
570 2488 641 2520 την
666 2487 832 2533 ορχησιν,
862 2474 932 2522 τὴν
957 2472 1074 2522 ‘clv'
1052 2488 1207 2522 ορχησιν
1234 2474 1333 2511 εἶναι
1361 2476 1512 2532 ποίησιν
1540 2474 1683 2510 σιωπῶ-

151 2532 241 2563 σαν,
272 2519 341 2567 τὴν
374 2520 416 2557 δὲ
449 2523 599 2568 ποίησιν
636 2519 751 2559 πάλιν
789 2520 942 2569 ὄρχησιν
979 2522 1270 2570 φθεγγομένην·
1308 2519 1405 2559 ὅθεν
1436 2519 1522 2557 οὔτε
1563 2521 1685 2558 εἰπεῖν

153 2566 231 2604 ἐστι
255 2570 424 2627 γραφικῇ
452 2574 623 2627 μετεῖναι
647 2571 862 2629 ποιητικῆς,
895 2569 981 2607 οὔτε
1015 2571 1190 2618 ποιητικῆ
1216 2570 1422 2616 γραφικῆς,
1449 2566 1539 2605 οὐδὲ
1566 2570 1683 2615 χρῶν-

151 2629 214 2652 ται
237 2614 280 2652 τὸ
314 2617 498 2674 παράπαν
529 2614 721 2663 ἀλλήλαις·
753 2615 954 2675 ὀρχηστικῇ
987 2616 1030 2654 δὲ
1062 2618 1127 2654 καὶ
1158 2619 1332 2665 ποιητικῇ
1366 2618 1548 2653 κοινωνία
1580 2617 1685 2652 πᾶσα

151 2665 217 2699 καὶ
243 2663 405 2723 μέθεξις
434 2661 601 2710 αλλήλων
635 2663 712 2701 ἐστὶ
743 2665 808 2700 καὶ
819 2663 1014 2724 μάλιστα
1029 2662 1259 2722 μιμούμεναι
1290 2655 1377 2709 περὶ
1401 2662 1443 2700 τὸ
1470 2665 1545 2699 τῶν
1570 2661 1684 2710 ὑπορ-

153 2723 329 2770 ζηματων
362 2725 490 2758 γενος,
529 2709 685 2770 ἐνεργὸν
723 2709 939 2769 αμφότεραι
974 2709 1044 2759 τὴν
1081 2710 1146 2748 διὰ
1177 2712 1251 2747 τῶν
1285 2724 1352 2758 σχη
1382 2725 1483 2747 ατων
1514 2711 1579 2747 καὶ
1609 2712 1684 2748 τῶν

152 2772 351 2816 ονοματων
376 2761 530 2806 μίμησιν
555 2757 816 2796 ἀποτελοῦσιν.
867 2758 1002 2803 Δόξειε
1029 2756 1067 2795 δ’
1094 2773 1162 2804 αν,
1194 2771 1319 2816 ωσπερ
1373 2773 1394 2794 ν
1425 2760 1612 2807 γραφικῇ,
1637 2757 1683 2796 τὰ

152 2804 224 2863 μὲν
247 2804 439 2868 ποιήματα
464 2812 547 2848 ταῖς
571 2819 750 2853 χρωσεσιν
778 2805 962 2850 ἑοικέναι,
993 2804 1039 2842 τὰ
1071 2806 1114 2843 δὲ
1147 2804 1342 2853 ὀρχήματα
1373 2812 1455 2848 ταις
1484 2812 1685 2865 γραμμαῖς,

153 2849 224 2898 ὑφ’
252 2868 305 2889 ων
331 2857 495 2912 ορίζεται
521 2852 565 2890 τὰ
593 2856 688 2900 εἴδη.
740 2858 863 2900 Δηλοῐ
884 2854 927 2891 δὲ
954 2853 975 2890 ὁ
999 2852 1196 2914 μαλιστα
1221 2854 1583 2913 κατωρθωκέναι
1609 2853 1683 2891 δό-

153 2900 231 2943 ξας
268 2898 316 2956 ἐν
348 2899 690 2948 “Τπορχήμασιν
729 2902 804 2939 καὶ
841 2915 1090 2951 γεγονεναι
1128 2900 1453 2943 πιθανώτατος
1497 2899 1683 2949 ἑαυτοῦ,
