1864 3126
734 142 1076 182 STESICHORUS.
1585 140 1671 183 217

197 254 353 303 Πολλὰ
379 255 461 313 μὲν
482 253 697 299 Κυδώνια
717 254 836 311 μᾶλα
861 252 1154 311 ποτέρριπτον
1179 250 1280 302 ποτὶ
1307 253 1474 309 δίφρον
1500 247 1673 304 ἄνακτι,

200 326 343 374 πολλὰ
374 326 424 373 δὲ
455 325 649 385 μύρσινα
680 323 829 382 φύλλα
1523 323 1527 328 “

200 399 275 446 καὶ
306 400 519 458 ῥοδίνους
549 395 800 455 στεφάνους
833 401 916 442 ἴων
946 413 992 441 τε
1022 397 1274 454 κορωνίδας
1305 393 1453 447 οὔλας.

801 541 871 586 30.
904 540 1013 596 [41]

262 631 407 671 Athen.
427 630 463 669 X
482 631 565 670 451
584 630 636 668 D:
667 627 735 668 καὶ
753 627 993 680 Στησίχορος
1017 624 1059 667 δὲ
1086 626 1130 667 ἐν
1154 622 1321 682 Ἑλένῃ
1353 622 1676 679 λιθαργύρεον

144 692 222 751 (sio
252 697 298 749 L,
329 691 588 751 λιθαργύριον
618 694 702 746 PV‚
733 689 1007 748 λυθαργύρεον
1038 688 1090 746 Β)
1123 693 1454 745 ποδονιπτῆρα
1484 691 1572 744 ἔφη.

758 818 761 821 ’
804 835 872 879 31.
906 834 1013 889 [51]
1606 844 1675 876 983

265 925 434 975 Argum.
459 923 625 963 Theoor.
651 921 807 962 XVIII:
837 923 951 962 τοῦτο
982 917 1028 962 τὸ
1059 917 1254 961 εἰδύλλιον
1292 916 1550 974 ἐπιγράφεται
1574 915 1678 959 Ἑλέ-

143 1006 217 1043 νης
247 984 525 1041 ἕπιθαλάμιος·
557 986 623 1028 καὶ
654 986 697 1028 ἕν
734 983 840 1043 αὐτῷ
876 983 962 1027 τινὰ
1001 987 1176 1039 εἴληπται
1207 985 1367 1027 ε’κ“τοῦ
1401 981 1533 1040 (Cant.
1565 981 1679 1039 τοῧν)

143 1051 333 1108 πρώτου
364 1050 669 1107 Στησιχόρου
694 1045 888 1105 Ἑλένης
919 1051 1266 1104 ἐπιθαλαμίου,
1297 1052 1368 1091 ubi
1399 1050 1679 1103 ἕπιθαλαμίου,

145 1121 251 1172 quod
300 1133 348 1160 ex
395 1120 576 1171 proximo
619 1131 740 1159 versu
784 1119 896 1158 male>
933 1118 1168 1170 repetitum,
1212 1118 1424 1158 delendum
1470 1112 1531 1173 (id
1573 1117 1680 1169 quod

143 1185 412 1226 Buohelerum
443 1184 698 1235 occupavisse
734 1196 839 1224 1111110
876 1178 1031 1237 video),
1069 1186 1110 1224 et
1142 1196 1219 1224 om.
1250 1185 1289 1223 4.
1323 1184 1361 1223 5.
1395 1185 1418 1223 6
1453 1185 1494 1222 οὺ
1524 1185 1570 1222 ut
1600 1182 1681 1223 vid.

150 1250 249 1291 Gen.
291 1249 408 1290 Cant.
468 1241 811 1298 Quemadmodum
856 1248 1057 1300 Orestiae,
1094 1250 1154 1289 ita
1190 1250 1312 1289 etiam
1350 1249 1528 1289 Helenae
1577 1261 1680 1288 com·

146 1318 281 1369 plures
325 1317 491 1356 fuerunt
533 1316 646 1364 libri,
698 1316 787 1355 vide
830 1327 965 1365 supra.
1038 1315 1136 1355 Fide
1181 1314 1372 1365 indignus
1416 1314 1500 1354 cod.
1538 1314 1596 1364 M,
1639 1313 1682 1352 in

145 1396 223 1435 quo
261 1383 474 1434 seriptum:
509 1377 597 1422 τινὰ
635 1377 672 1421 δ’
717 1381 892 1433 εἴληπται
935 1378 977 1420 ἐκ
1019 1382 1090 1421 τοῦ
1133 1378 1398 1431 ἕπιθαλαμίου
1435 1374 1681 1432 Στησιχόρου

144 1450 214 1490 τοῦ
245 1448 300 1496 εἰς
329 1444 403 1500 τὴν
427 1443 605 1499 Ἑλένην.
665 1447 774 1486 Fieri
803 1448 956 1497 potesta,
986 1448 1034 1486 ut
1066 1446 1317 1485 Stesichorus
1356 1445 1553 1484 eiusmodi
1591 1458 1682 1484 cau-

146 1514 312 1554 tilenam
355 1514 533 1554 Helenae
576 1513 808 1560 inseruerit,
854 1511 924 1551 sed
968 1511 1042 1551 1100
1085 1511 1192 1551 haud
1236 1510 1356 1550 dubie
1389 1510 1569 1563 Triclinii
1618 1513 1681 1550 est

145 1575 468 1632 αὖτοσχεδίασμα,
499 1579 611 1619 euius
644 1579 795 1618 scholia
825 1580 866 1618 in
897 1578 975 1617 isto
1007 1577 1110 1616 libro
1142 1577 1347 1627 leguntur,
1382 1576 1451 1627 qui
1483 1589 1680 1627 gramma·

146 1645 248 1685 ticus
280 1645 344 1684 hio
375 1656 533 1696 quoque
565 1644 775 1695 antiquum
806 1643 973 1695 obtinet,
1007 1644 1117 1683 velut
1149 1642 1393 1682 confidenter
1430 1642 1481 1680 ad
1513 1642 1679 1682 Theoer.

147 1710 263 1749 XVII
297 1711 379 1749 124
413 1709 588 1750 Homero
619 1709 849 1760 adscripsit,
888 1721 990 1759 quae
1028 1711 1122 1748 sunt
1161 1708 1404 1759 Mnasalcae,
1445 1711 1492 1747 ut
1522 1707 1681 1747 Ahrens

147 1778 294 1825 censet,
324 1775 390 1815 vel
421 1774 656 1815 Callimachi
687 1774 812 1825 epigr.
847 1776 913 1823 35,
950 1777 971 1813 1
1006 1777 1052 1814 ut
1083 1773 1181 1813 mihi
1211 1773 1383 1814 videtur.

676 1924 1158 1969 ΠΑΛΙΝΩιΔΙΑ.

809 2034 876 2076 32.
912 2033 1017 2087 [44.]
1611 2043 1681 2075 980

246 2325 355 2373 Οὐαί
390 2326 479 2373 ἔστ’
514 2331 674 2385 ἔτυμος
704 2327 840 2386 λόγος
871 2322 1018 2381 οὗτος·

243 2483 301 2519 Fr.
329 2486 386 2519 29.
435 2482 571 2518 Athen.
599 2481 652 2516 III
675 2482 780 2518 81D:
811 2484 1018 2519 Κυδωνίων
1051 2482 1092 2519 δὲ
1126 2480 1252 2529 μήλων
1284 2480 1513 2529 μνημονεύει
1549 2485 1682 2527 Στησί-

152 2542 260 2576 χορος
285 2527 327 2566 ἐν
347 2527 503 2577 Ἑλένῃ
531 2525 666 2571 οὕτως·
692 2527 832 2566 πολλὰ
853 2529 936 2576 μὲν
955 2534 1029 2567 κτλ.
1051 2551 1095 2557 -
1119 2532 1165 2567 ·V.
1190 2536 1220 2566 1.
1247 2527 1481 2574 Κυδώνια,
1509 2531 1536 2566 Ρ
1562 2528 1682 2566 κυδώ-

150 2590 246 2614 νεια.
275 2597 319 2604 -
345 2575 593 2623 ποτέρριπτον
619 2577 762 2623 scripsi,
787 2579 1059 2624 ποτερρίπτουν
1085 2578 1158 2623 PL,
1184 2575 1270 2613 ποτ’
1300 2575 1498 2624 ἐρρίπτουν
1527 2578 1571 2622 V,
1597 2575 1679 2614 τότ’

152 2622 350 2671 ἐρρίπτουν
366 2624 573 2670 Blomfield,
599 2625 870 2670 ποτερρίπτευν
884 2626 1154 2662 Schneidewin.
1178 2646 1221 2652 —
1243 2626 1330 2663 V.2.
1352 2623 1514 2671 μύρσινα
1529 2624 1682 2662 Schnei-

151 2671 285 2717 dewin,
311 2670 469 2719 μύρεινα
497 2673 570 2718 ΑΒ,
597 2671 759 2719 μύρρινα
784 2672 891 2710 PVL.
918 2693 962 2699 —
989 2673 1034 2709 V.
1054 2677 1086 2708 3.
1114 2671 1326 2718 στεφάνους
1350 2672 1435 2708 add.
1458 2673 1528 2716 PL,
1553 2672 1679 2712 om‚V.

153 2741 196 2747 —
218 2719 384 2757 Helenae
409 2719 561 2767 nuptiae
586 2722 625 2756 et
649 2719 812 2756 Menelai
837 2719 997 2757 describi
1021 2722 1189 2766 apparet,
1210 2731 1302 2766 quas
1321 2724 1435 2766 poeta
1453 2720 1582 2756 multis
1599 2732 1682 2757 ver-

150 2767 252 2803 sibus
275 2767 524 2805 inusta-aviene
548 2768 708 2813 videtur,
734 2766 780 2803 cf.
807 2767 851 2803 fr.
875 2772 932 2803 31.

246 2862 304 2899 Fr.
326 2867 382 2899 32.
420 2863 528 2899 Plato
547 2863 703 2899 Phaedr.
725 2863 854 2898 243A:
873 2860 976 2898 Ἔστι
1002 2861 1044 2899 δὲ
1070 2867 1147 2903 τοῖς
1165 2859 1424 2909 ἁμαρτάνωσι
1450 2865 1535 2910 περὶ
1561 2866 1679 2910 μυθο-

153 2910 283 2955 λογίαν
313 2907 513 2957 καθαρμὸς
542 2907 715 2956 ἀρχαῖος,
750 2905 796 2946 ὃν
813 2906 974 2957 Ὅμηρος
1004 2910 1074 2957 μὲν
1106 2907 1177 2947 οὐκ
1207 2908 1367 2958 ᾔσθετο,
1399 2912 1679 2958 Στησίχορος
