<?xml version="1.0" encoding="UTF-8"?>
<!DOCTYPE html PUBLIC "-//W3C//DTD XHTML 1.0 Transitional//EN"
    "http://www.w3.org/TR/xhtml1/DTD/xhtml1-transitional.dtd">
<html xmlns="http://www.w3.org/1999/xhtml" xml:lang="en" lang="en">
 <head>
  <title>
</title>
<meta http-equiv="Content-Type" content="text/html;charset=utf-8" />
  <meta name='ocr-system' content='tesseract 3.04.00' />
  <meta name='ocr-capabilities' content='ocr_page ocr_carea ocr_par ocr_line ocrx_word'/>
</head>
<body>
  <div class='ocr_page' id='page_1' title='image "./poetaelyricigrae03berguoft_0077.png"; bbox 0 0 1864 3126; ppageno 0'>
   <div class='ocr_carea' id='block_1_1' title="bbox 0 2934 51 3071">
    <p class='ocr_par' dir='ltr' id='par_1_1' title="bbox 0 2934 51 3126">
     <span class='ocr_line' id='line_1_1' title="bbox 0 2934 51 3071; textangle 90"><span class='ocrx_word' id='word_1_1' title='bbox 27 3069 29 3071; x_wconf 29' lang='grc' dir='ltr'>Ι</span> <span class='ocrx_word' id='word_1_2' title='bbox 0 2934 51 3051; x_wconf 32' lang='lat' dir='ltr'><strong><em>›lg-321.</em></strong></span> 
     </span>
    </p>
   </div>
   <div class='ocr_carea' id='block_1_2' title="bbox 794 136 1660 181">
    <p class='ocr_par' dir='ltr' id='par_1_2' title="bbox 794 136 1660 181">
     <span class='ocr_line' id='line_1_2' title="bbox 794 136 1660 181; baseline 0.005 -7"><span class='ocrx_word' id='word_1_3' title='bbox 794 137 1008 177; x_wconf 76' lang='lat' dir='ltr'>ALCMAN.</span> <span class='ocrx_word' id='word_1_4' title='bbox 1605 136 1660 181; x_wconf 81' lang='grc'><strong><em>67</em></strong></span> 
     </span>
    </p>
   </div>
   <div class='ocr_carea' id='block_1_3' title="bbox 775 248 1012 303">
    <p class='ocr_par' dir='ltr' id='par_1_3' title="bbox 775 248 1012 303">
     <span class='ocr_line' id='line_1_3' title="bbox 775 248 1012 303; baseline 0 -13"><span class='ocrx_word' id='word_1_5' title='bbox 775 248 1012 303; x_wconf 71' lang='lat'>102.[38]</span> 
     </span>
    </p>
   </div>
   <div class='ocr_carea' id='block_1_4' title="bbox 127 329 1666 680">
    <p class='ocr_par' dir='ltr' id='par_1_4' title="bbox 127 329 1666 587">
     <span class='ocr_line' id='line_1_4' title="bbox 247 329 1664 387; baseline -0.003 -9"><span class='ocrx_word' id='word_1_6' title='bbox 247 338 354 378; x_wconf 77' lang='lat' dir='ltr'><strong>Plut.</strong></span> <span class='ocrx_word' id='word_1_7' title='bbox 386 338 435 377; x_wconf 82' lang='lat' dir='ltr'><strong><em>tle</em></strong></span> <span class='ocrx_word' id='word_1_8' title='bbox 465 350 566 378; x_wconf 81' lang='lat' dir='ltr'><strong>mus.</strong></span> <span class='ocrx_word' id='word_1_9' title='bbox 597 349 629 377; x_wconf 85' lang='lat' dir='ltr'><strong><em>c.</em></strong></span> <span class='ocrx_word' id='word_1_10' title='bbox 666 337 738 376; x_wconf 85' lang='lat'><strong><em>14:</em></strong></span> <span class='ocrx_word' id='word_1_11' title='bbox 780 329 840 374; x_wconf 87' lang='grc' dir='ltr'><strong><em>Οὐ</em></strong></span> <span class='ocrx_word' id='word_1_12' title='bbox 873 331 975 387; x_wconf 85' lang='grc' dir='ltr'><strong><em>μόνη</em></strong></span> <span class='ocrx_word' id='word_1_13' title='bbox 1008 332 1051 375; x_wconf 80' lang='grc' dir='ltr'><strong><em>δὲ</em></strong></span> <span class='ocrx_word' id='word_1_14' title='bbox 1082 330 1232 387; x_wconf 72' lang='grc' dir='ltr'><strong><em>κιθάρα</em></strong></span> <span class='ocrx_word' id='word_1_15' title='bbox 1264 330 1530 385; x_wconf 81' lang='grc' dir='ltr'><strong><em>Ἀπόλλωνος,</em></strong></span> <span class='ocrx_word' id='word_1_16' title='bbox 1566 329 1664 374; x_wconf 73' lang='grc' dir='ltr'><strong><em>ἀλλὰ</em></strong></span> 
     </span>
     <span class='ocr_line' id='line_1_5' title="bbox 127 395 1665 455; baseline -0.003 -12"><span class='ocrx_word' id='word_1_17' title='bbox 127 400 196 444; x_wconf 69' lang='grc' dir='ltr'><strong><em>καὶ</em></strong></span> <span class='ocrx_word' id='word_1_18' title='bbox 225 397 438 455; x_wconf 72' lang='grc' dir='ltr'><strong><em>αὐλητικῆς</em></strong></span> <span class='ocrx_word' id='word_1_19' title='bbox 474 400 539 442; x_wconf 75' lang='grc' dir='ltr'><strong><em>καὶ</em></strong></span> <span class='ocrx_word' id='word_1_20' title='bbox 575 401 849 454; x_wconf 79' lang='grc' dir='ltr'><strong><em>κιθαριστικῆς</em></strong></span> <span class='ocrx_word' id='word_1_21' title='bbox 886 395 1044 453; x_wconf 81' lang='grc' dir='ltr'><strong><em>εὑρετὴς</em></strong></span> <span class='ocrx_word' id='word_1_22' title='bbox 1081 396 1103 441; x_wconf 86' lang='grc' dir='ltr'>ὁ</span> <span class='ocrx_word' id='word_1_23' title='bbox 1140 397 1238 449; x_wconf 82' lang='grc' dir='ltr'><strong><em>θεός</em></strong></span> <span class='ocrx_word' id='word_1_24' title='bbox 1268 432 1278 443; x_wconf 93' lang='grc'><strong>.</strong></span> <span class='ocrx_word' id='word_1_25' title='bbox 1300 434 1307 441; x_wconf 96' lang='grc'><em>.</em></span> <span class='ocrx_word' id='word_1_26' title='bbox 1331 432 1339 440; x_wconf 95' lang='grc'><strong>.</strong></span> <span class='ocrx_word' id='word_1_27' title='bbox 1370 397 1481 441; x_wconf 70' lang='grc' dir='ltr'><strong><em>ἄλλοι</em></strong></span> <span class='ocrx_word' id='word_1_28' title='bbox 1518 397 1561 440; x_wconf 73' lang='grc' dir='ltr'><strong><em>δὲ</em></strong></span> <span class='ocrx_word' id='word_1_29' title='bbox 1598 398 1665 439; x_wconf 82' lang='grc' dir='ltr'><strong><em>καὶ</em></strong></span> 
     </span>
     <span class='ocr_line' id='line_1_6' title="bbox 127 462 1666 520; baseline -0.003 -11"><span class='ocrx_word' id='word_1_30' title='bbox 127 463 252 509; x_wconf 76' lang='grc' dir='ltr'><strong><em>αὐτὸν</em></strong></span> <span class='ocrx_word' id='word_1_31' title='bbox 279 463 348 509; x_wconf 80' lang='grc' dir='ltr'><strong><em>τὸν</em></strong></span> <span class='ocrx_word' id='word_1_32' title='bbox 378 465 478 509; x_wconf 82' lang='grc' dir='ltr'><strong><em>θεόν</em></strong></span> <span class='ocrx_word' id='word_1_33' title='bbox 510 479 635 520; x_wconf 90' lang='grc' dir='ltr'><strong><em>φασιν</em></strong></span> <span class='ocrx_word' id='word_1_34' title='bbox 665 462 854 519; x_wconf 85' lang='grc' dir='ltr'><strong><em>αὐλῆσαι,</em></strong></span> <span class='ocrx_word' id='word_1_35' title='bbox 884 462 1069 520; x_wconf 83' lang='grc' dir='ltr'><strong><em>καθάπερ</em></strong></span> <span class='ocrx_word' id='word_1_36' title='bbox 1106 466 1255 519; x_wconf 78' lang='grc' dir='ltr'><strong><em>ίστορεῖ</em></strong></span> <span class='ocrx_word' id='word_1_37' title='bbox 1285 462 1307 507; x_wconf 83' lang='grc' dir='ltr'>ὁ</span> <span class='ocrx_word' id='word_1_38' title='bbox 1344 463 1500 519; x_wconf 74' lang='grc' dir='ltr'><strong><em>ἄριστος</em></strong></span> <span class='ocrx_word' id='word_1_39' title='bbox 1537 467 1666 518; x_wconf 84' lang='grc' dir='ltr'><strong><em>μελῶν</em></strong></span> 
     </span>
     <span class='ocr_line' id='line_1_7' title="bbox 130 529 506 587; baseline -0.003 -12"><span class='ocrx_word' id='word_1_40' title='bbox 130 529 297 587; x_wconf 79' lang='grc' dir='ltr'><strong><em>ποιητὴς</em></strong></span> <span class='ocrx_word' id='word_1_41' title='bbox 320 529 506 587; x_wconf 71' lang='grc' dir='ltr'><strong><em>Ἀλκμάν.</em></strong></span> 
     </span>
    </p>

    <p class='ocr_par' dir='ltr' id='par_1_5' title="bbox 778 605 1014 680">
     <span class='ocr_line' id='line_1_8' title="bbox 778 605 1014 680; baseline -0.004 -11"><span class='ocrx_word' id='word_1_42' title='bbox 778 605 1014 680; x_wconf 68' lang='lat'><strong>103.[39]</strong></span> 
     </span>
    </p>
   </div>
   <div class='ocr_carea' id='block_1_5' title="bbox 130 708 1671 1290">
    <p class='ocr_par' dir='ltr' id='par_1_6' title="bbox 130 708 1671 1290">
     <span class='ocr_line' id='line_1_9' title="bbox 219 708 1667 766; baseline -0.001 -13"><span class='ocrx_word' id='word_1_43' title='bbox 219 715 228 734; x_wconf 71' lang='lat'><strong><em>‘¹</em></strong></span> <span class='ocrx_word' id='word_1_44' title='bbox 249 713 378 754; x_wconf 84' lang='lat' dir='ltr'><strong>Schol.</strong></span> <span class='ocrx_word' id='word_1_45' title='bbox 418 713 582 754; x_wconf 84' lang='lat' dir='ltr'><strong>Theocr.</strong></span> <span class='ocrx_word' id='word_1_46' title='bbox 621 713 658 751; x_wconf 90' lang='lat' dir='ltr'><strong>V</strong></span> <span class='ocrx_word' id='word_1_47' title='bbox 701 715 780 762; x_wconf 27' lang='lat'>83:-</span> <span class='ocrx_word' id='word_1_48' title='bbox 820 708 1021 764; x_wconf 74' lang='grc' dir='ltr'><strong><em>Πράξιλλα</em></strong></span> <span class='ocrx_word' id='word_1_49' title='bbox 1064 710 1135 765; x_wconf 83' lang='grc' dir='ltr'><strong><em>μὲν</em></strong></span> <span class='ocrx_word' id='word_1_50' title='bbox 1178 708 1258 753; x_wconf 78' lang='grc' dir='ltr'><strong><em>ἀπὸ</em></strong></span> <span class='ocrx_word' id='word_1_51' title='bbox 1303 712 1501 766; x_wconf 83' lang='grc' dir='ltr'><strong><em>Καρνείου</em></strong></span> <span class='ocrx_word' id='word_1_52' title='bbox 1543 710 1667 765; x_wconf 73' lang='grc' dir='ltr'><strong><em>φησὶν</em></strong></span> 
     </span>
     <span class='ocr_line' id='line_1_10' title="bbox 132 770 1665 835; baseline -0.001 -15"><span class='ocrx_word' id='word_1_53' title='bbox 132 774 370 831; x_wconf 67' lang='grc' dir='ltr'><strong><em>ὠνομάσθαι</em></strong></span> <span class='ocrx_word' id='word_1_54' title='bbox 398 780 468 819; x_wconf 88' lang='grc' dir='ltr'><strong><em>τοῦ</em></strong></span> <span class='ocrx_word' id='word_1_55' title='bbox 499 774 597 827; x_wconf 91' lang='grc' dir='ltr'><strong><em>Διὸς</em></strong></span> <span class='ocrx_word' id='word_1_56' title='bbox 626 776 694 818; x_wconf 74' lang='grc' dir='ltr'><strong><em>καὶ</em></strong></span> <span class='ocrx_word' id='word_1_57' title='bbox 721 773 924 830; x_wconf 73' lang='grc' dir='ltr'><strong><em>Εὐρώπης</em></strong></span> <span class='ocrx_word' id='word_1_58' title='bbox 954 778 1058 828; x_wconf 81' lang='grc' dir='ltr'><strong><em>υἱοῦ,</em></strong></span> <span class='ocrx_word' id='word_1_59' title='bbox 1084 773 1128 826; x_wconf 78' lang='grc' dir='ltr'><strong><em>ὃς</em></strong></span> <span class='ocrx_word' id='word_1_60' title='bbox 1159 770 1211 830; x_wconf 77' lang='grc' dir='ltr'><strong><em>ἦν</em></strong></span> <span class='ocrx_word' id='word_1_61' title='bbox 1236 774 1432 830; x_wconf 77' lang='grc' dir='ltr'><strong><em>ἐρώμενος</em></strong></span> <span class='ocrx_word' id='word_1_62' title='bbox 1455 780 1508 835; x_wconf 82' lang='grc' dir='ltr'><strong><em>τῷ</em></strong></span> <span class='ocrx_word' id='word_1_63' title='bbox 1529 774 1665 818; x_wconf 88' lang='grc' dir='ltr'><strong><em>Ἀπόλ-</em></strong></span> 
     </span>
     <span class='ocr_line' id='line_1_11' title="bbox 130 828 1667 899; baseline -0.001 -14"><span class='ocrx_word' id='word_1_64' title='bbox 130 848 240 896; x_wconf 86' lang='grc' dir='ltr'><strong><em>λωνι,</em></strong></span> <span class='ocrx_word' id='word_1_65' title='bbox 273 841 338 899; x_wconf 81' lang='grc' dir='ltr'><strong><em>(τά</em></strong></span> <span class='ocrx_word' id='word_1_66' title='bbox 370 841 581 897; x_wconf 79' lang='grc' dir='ltr'><strong><em>Κάρνεια),</em></strong></span> <span class='ocrx_word' id='word_1_67' title='bbox 609 840 782 897; x_wconf 79' lang='grc' dir='ltr'><strong><em>Ἀλκμὰν</em></strong></span> <span class='ocrx_word' id='word_1_68' title='bbox 813 842 857 884; x_wconf 78' lang='grc' dir='ltr'><strong><em>δὲ</em></strong></span> <span class='ocrx_word' id='word_1_69' title='bbox 888 839 968 884; x_wconf 80' lang='grc' dir='ltr'><strong><em>άπὸ</em></strong></span> <span class='ocrx_word' id='word_1_70' title='bbox 1002 828 1186 896; x_wconf 76' lang='grc' dir='ltr'><strong><em>Καρνέου</em></strong></span> <span class='ocrx_word' id='word_1_71' title='bbox 1219 839 1269 898; x_wconf 89' lang='lat' dir='ltr'><strong><em>(P</em></strong></span> <span class='ocrx_word' id='word_1_72' title='bbox 1297 842 1368 884; x_wconf 85' lang='lat' dir='ltr'><strong><em>Ox.</em></strong></span> <span class='ocrx_word' id='word_1_73' title='bbox 1401 845 1446 882; x_wconf 88' lang='lat' dir='ltr'><em>H</em></span> <span class='ocrx_word' id='word_1_74' title='bbox 1473 844 1667 896; x_wconf 86' lang='grc' dir='ltr'><strong><em>Καρνίου,</em></strong></span> 
     </span>
     <span class='ocr_line' id='line_1_12' title="bbox 131 905 1668 965; baseline -0.001 -14"><span class='ocrx_word' id='word_1_75' title='bbox 131 907 343 963; x_wconf 84' lang='grc' dir='ltr'><strong><em>Καρανέου</em></strong></span> <span class='ocrx_word' id='word_1_76' title='bbox 376 909 474 950; x_wconf 81' lang='lat' dir='ltr'>Gen.</span> <span class='ocrx_word' id='word_1_77' title='bbox 500 905 544 965; x_wconf 82' lang='lat' dir='ltr'><strong><em>a)</em></strong></span> <span class='ocrx_word' id='word_1_78' title='bbox 574 906 681 959; x_wconf 87' lang='grc' dir='ltr'><strong><em>τινὸς</em></strong></span> <span class='ocrx_word' id='word_1_79' title='bbox 715 911 905 963; x_wconf 85' lang='grc' dir='ltr'><strong><em>Τρωικοῦ.</em></strong></span> <span class='ocrx_word' id='word_1_80' title='bbox 955 910 1144 950; x_wconf 76' lang='lat' dir='ltr'><strong>Fortasse</strong></span> <span class='ocrx_word' id='word_1_81' title='bbox 1170 909 1342 949; x_wconf 80' lang='lat' dir='ltr'><strong>Alcman</strong></span> <span class='ocrx_word' id='word_1_82' title='bbox 1367 905 1531 961; x_wconf 79' lang='grc' dir='ltr'><strong><em>Κάρνον</em></strong></span> <span class='ocrx_word' id='word_1_83' title='bbox 1556 910 1668 960; x_wconf 81' lang='lat' dir='ltr'>dixit,</span> 
     </span>
     <span class='ocr_line' id='line_1_13' title="bbox 131 975 1668 1028; baseline -0.001 -13"><span class='ocrx_word' id='word_1_84' title='bbox 131 989 252 1028; x_wconf 76' lang='lat' dir='ltr'><strong>quam</strong></span> <span class='ocrx_word' id='word_1_85' title='bbox 276 976 446 1015; x_wconf 82' lang='lat' dir='ltr'>formam</span> <span class='ocrx_word' id='word_1_86' title='bbox 471 976 672 1016; x_wconf 78' lang='lat' dir='ltr'>Praxillae</span> <span class='ocrx_word' id='word_1_87' title='bbox 696 976 874 1016; x_wconf 77' lang='lat' dir='ltr'><strong>vindicat</strong></span> <span class='ocrx_word' id='word_1_88' title='bbox 898 975 983 1015; x_wconf 89' lang='lat' dir='ltr'><strong>cod.</strong></span> <span class='ocrx_word' id='word_1_89' title='bbox 1008 975 1205 1024; x_wconf 85' lang='lat' dir='ltr'>Ambros.‚</span> <span class='ocrx_word' id='word_1_90' title='bbox 1231 976 1472 1016; x_wconf 78' lang='lat' dir='ltr'>adversante</span> <span class='ocrx_word' id='word_1_91' title='bbox 1497 975 1668 1015; x_wconf 77' lang='lat' dir='ltr'><strong>Pausan.</strong></span> 
     </span>
     <span class='ocr_line' id='line_1_14' title="bbox 130 1036 1670 1094; baseline 0 -14"><span class='ocrx_word' id='word_1_92' title='bbox 130 1040 192 1080; x_wconf 94' lang='lat' dir='ltr'><strong><em>III</em></strong></span> <span class='ocrx_word' id='word_1_93' title='bbox 228 1042 302 1091; x_wconf 89' lang='lat'><strong><em>13,</em></strong></span> <span class='ocrx_word' id='word_1_94' title='bbox 334 1042 374 1080; x_wconf 87' lang='lat'><strong><em>5.</em></strong></span> <span class='ocrx_word' id='word_1_95' title='bbox 429 1040 542 1088; x_wconf 74' lang='lat' dir='ltr'>Quod</span> <span class='ocrx_word' id='word_1_96' title='bbox 586 1042 776 1082; x_wconf 73' lang='lat' dir='ltr'><strong>exhibent</strong></span> <span class='ocrx_word' id='word_1_97' title='bbox 823 1041 934 1080; x_wconf 80' lang='lat' dir='ltr'><strong><em>EFN</em></strong></span> <span class='ocrx_word' id='word_1_98' title='bbox 970 1036 1049 1081; x_wconf 76' lang='grc' dir='ltr'><strong><em>ἀπὸ</em></strong></span> <span class='ocrx_word' id='word_1_99' title='bbox 1093 1038 1279 1094; x_wconf 83' lang='grc' dir='ltr'><strong><em>Καρνὲου</em></strong></span> <span class='ocrx_word' id='word_1_100' title='bbox 1318 1037 1423 1089; x_wconf 90' lang='grc' dir='ltr'><strong><em>τινὸς</em></strong></span> <span class='ocrx_word' id='word_1_101' title='bbox 1465 1042 1535 1082; x_wconf 87' lang='grc' dir='ltr'><strong><em>τοῦ</em></strong></span> <span class='ocrx_word' id='word_1_102' title='bbox 1578 1040 1670 1080; x_wconf 75' lang='grc' dir='ltr'><strong><em>υἱοῦ</em></strong></span> 
     </span>
     <span class='ocr_line' id='line_1_15' title="bbox 132 1101 1668 1161; baseline 0 -16"><span class='ocrx_word' id='word_1_103' title='bbox 132 1108 202 1158; x_wconf 89' lang='grc' dir='ltr'><strong><em>τῆς</em></strong></span> <span class='ocrx_word' id='word_1_104' title='bbox 232 1101 443 1158; x_wconf 82' lang='grc' dir='ltr'><strong><em>Δήμητρος</em></strong></span> <span class='ocrx_word' id='word_1_105' title='bbox 474 1103 707 1160; x_wconf 84' lang='grc' dir='ltr'><strong><em>(Δήμητρας</em></strong></span> <span class='ocrx_word' id='word_1_106' title='bbox 737 1101 939 1161; x_wconf 81' lang='lat' dir='ltr'>Ahrens),</span> <span class='ocrx_word' id='word_1_107' title='bbox 970 1106 1152 1157; x_wconf 78' lang='lat' dir='ltr'><strong>ineptum</strong></span> <span class='ocrx_word' id='word_1_108' title='bbox 1184 1107 1440 1146; x_wconf 81' lang='lat' dir='ltr'>librariorum</span> <span class='ocrx_word' id='word_1_109' title='bbox 1472 1119 1668 1147; x_wconf 85' lang='lat' dir='ltr'><strong>commcn-</strong></span> 
     </span>
     <span class='ocr_line' id='line_1_16' title="bbox 133 1167 1671 1225; baseline 0 -14"><span class='ocrx_word' id='word_1_110' title='bbox 133 1174 233 1220; x_wconf 82' lang='lat' dir='ltr'><strong>tum,</strong></span> <span class='ocrx_word' id='word_1_111' title='bbox 272 1172 336 1211; x_wconf 88' lang='lat' dir='ltr'><strong><em>cui</em></strong></span> <span class='ocrx_word' id='word_1_112' title='bbox 381 1182 520 1213; x_wconf 69' lang='lat' dir='ltr'><strong>ansam</strong></span> <span class='ocrx_word' id='word_1_113' title='bbox 564 1174 676 1213; x_wconf 78' lang='lat' dir='ltr'><strong>dedit</strong></span> <span class='ocrx_word' id='word_1_114' title='bbox 715 1173 895 1214; x_wconf 84' lang='lat' dir='ltr'><strong>scholion</strong></span> <span class='ocrx_word' id='word_1_115' title='bbox 934 1168 1160 1225; x_wconf 84' lang='grc' dir='ltr'><strong><em>Δημήτριος</em></strong></span> <span class='ocrx_word' id='word_1_116' title='bbox 1200 1169 1244 1211; x_wconf 80' lang='grc' dir='ltr'><strong><em>δὲ</em></strong></span> <span class='ocrx_word' id='word_1_117' title='bbox 1282 1167 1362 1212; x_wconf 84' lang='grc' dir='ltr'><strong><em>άπό</em></strong></span> <span class='ocrx_word' id='word_1_118' title='bbox 1404 1174 1475 1212; x_wconf 88' lang='grc' dir='ltr'><strong><em>τοῦ</em></strong></span> <span class='ocrx_word' id='word_1_119' title='bbox 1514 1174 1671 1224; x_wconf 82' lang='grc' dir='ltr'><strong><em>κρᾶναι,</em></strong></span> 
     </span>
     <span class='ocr_line' id='line_1_17' title="bbox 135 1237 1053 1290; baseline 0.004 -14"><span class='ocrx_word' id='word_1_120' title='bbox 135 1237 242 1288; x_wconf 82' lang='lat' dir='ltr'>quod</span> <span class='ocrx_word' id='word_1_121' title='bbox 271 1238 313 1277; x_wconf 85' lang='lat' dir='ltr'><strong><em>in</em></strong></span> <span class='ocrx_word' id='word_1_122' title='bbox 344 1237 531 1281; x_wconf 79' lang='lat' dir='ltr'>Ambros.</span> <span class='ocrx_word' id='word_1_123' title='bbox 562 1240 749 1280; x_wconf 78' lang='lat' dir='ltr'><strong>continuo</strong></span> <span class='ocrx_word' id='word_1_124' title='bbox 782 1239 1053 1290; x_wconf 74' lang='lat' dir='ltr'>subsequimr.</span> 
     </span>
    </p>
   </div>
   <div class='ocr_carea' id='block_1_6' title="bbox 781 1379 1020 1434">
    <p class='ocr_par' dir='ltr' id='par_1_7' title="bbox 781 1379 1020 1434">
     <span class='ocr_line' id='line_1_18' title="bbox 781 1379 1020 1434; baseline -0.004 -12"><span class='ocrx_word' id='word_1_125' title='bbox 781 1379 1020 1434; x_wconf 69' lang='lat'>104.[41]</span> 
     </span>
    </p>
   </div>
   <div class='ocr_carea' id='block_1_7' title="bbox 132 1461 1675 1716">
    <p class='ocr_par' dir='ltr' id='par_1_8' title="bbox 132 1461 1675 1716">
     <span class='ocr_line' id='line_1_19' title="bbox 254 1461 1673 1518; baseline 0 -13"><span class='ocrx_word' id='word_1_126' title='bbox 254 1465 385 1507; x_wconf 88' lang='lat' dir='ltr'><strong>Schol.</strong></span> <span class='ocrx_word' id='word_1_127' title='bbox 416 1466 624 1517; x_wconf 80' lang='lat' dir='ltr'>Aristoph.</span> <span class='ocrx_word' id='word_1_128' title='bbox 656 1466 747 1506; x_wconf 82' lang='lat' dir='ltr'><strong>Pac.</strong></span> <span class='ocrx_word' id='word_1_129' title='bbox 786 1467 894 1506; x_wconf 65' lang='lat'><strong>452:</strong></span> <span class='ocrx_word' id='word_1_130' title='bbox 933 1461 1045 1518; x_wconf 87' lang='grc' dir='ltr'><strong><em>Πρὸς</em></strong></span> <span class='ocrx_word' id='word_1_131' title='bbox 1084 1461 1176 1514; x_wconf 81' lang='grc' dir='ltr'><strong><em>τοὺς</em></strong></span> <span class='ocrx_word' id='word_1_132' title='bbox 1216 1463 1424 1517; x_wconf 81' lang='grc' dir='ltr'><strong><em>οἰομένους</em></strong></span> <span class='ocrx_word' id='word_1_133' title='bbox 1461 1466 1540 1505; x_wconf 82' lang='grc' dir='ltr'><strong><em>τῶν</em></strong></span> <span class='ocrx_word' id='word_1_134' title='bbox 1576 1479 1673 1505; x_wconf 87' lang='grc' dir='ltr'><strong><em>νεω-</em></strong></span> 
     </span>
     <span class='ocr_line' id='line_1_20' title="bbox 140 1527 1675 1584; baseline 0.001 -14"><span class='ocrx_word' id='word_1_135' title='bbox 140 1529 263 1583; x_wconf 87' lang='grc' dir='ltr'><strong><em>τέρων</em></strong></span> <span class='ocrx_word' id='word_1_136' title='bbox 292 1527 362 1571; x_wconf 89' lang='grc' dir='ltr'><strong><em>τὸν</em></strong></span> <span class='ocrx_word' id='word_1_137' title='bbox 392 1527 514 1571; x_wconf 83' lang='grc' dir='ltr'><strong><em>αὐτὸν</em></strong></span> <span class='ocrx_word' id='word_1_138' title='bbox 555 1527 655 1571; x_wconf 82' lang='grc' dir='ltr'><strong><em>εἶναι</em></strong></span> <span class='ocrx_word' id='word_1_139' title='bbox 681 1529 802 1584; x_wconf 76' lang='grc' dir='ltr'><strong><em>’Ἀρεα</em></strong></span> <span class='ocrx_word' id='word_1_140' title='bbox 839 1530 905 1572; x_wconf 79' lang='grc' dir='ltr'><strong><em>καὶ</em></strong></span> <span class='ocrx_word' id='word_1_141' title='bbox 938 1527 1169 1581; x_wconf 84' lang='grc' dir='ltr'><strong><em>Ἐνυάλιον,</em></strong></span> <span class='ocrx_word' id='word_1_142' title='bbox 1209 1527 1293 1570; x_wconf 90' lang='grc' dir='ltr'><strong><em>κατ’</em></strong></span> <span class='ocrx_word' id='word_1_143' title='bbox 1334 1530 1535 1571; x_wconf 77' lang='grc' dir='ltr'><strong><em>ἐπίθετον·</em></strong></span> <span class='ocrx_word' id='word_1_144' title='bbox 1573 1528 1675 1579; x_wconf 81' lang='grc' dir='ltr'><strong><em>τινὲς</em></strong></span> 
     </span>
     <span class='ocr_line' id='line_1_21' title="bbox 139 1591 1674 1650; baseline 0 -15"><span class='ocrx_word' id='word_1_145' title='bbox 139 1594 182 1636; x_wconf 81' lang='grc' dir='ltr'><strong><em>δὲ</em></strong></span> <span class='ocrx_word' id='word_1_146' title='bbox 214 1592 364 1650; x_wconf 77' lang='grc' dir='ltr'><strong><em>’Ἄρεως</em></strong></span> <span class='ocrx_word' id='word_1_147' title='bbox 406 1594 474 1635; x_wconf 82' lang='grc' dir='ltr'><strong><em>καὶ</em></strong></span> <span class='ocrx_word' id='word_1_148' title='bbox 511 1592 682 1645; x_wconf 82' lang='grc' dir='ltr'><strong><em>Ἐνυοῦς</em></strong></span> <span class='ocrx_word' id='word_1_149' title='bbox 724 1593 793 1637; x_wconf 85' lang='grc' dir='ltr'><strong><em>τὸν</em></strong></span> <span class='ocrx_word' id='word_1_150' title='bbox 830 1592 1062 1647; x_wconf 86' lang='grc' dir='ltr'><strong><em>Ἐνυάλιον,</em></strong></span> <span class='ocrx_word' id='word_1_151' title='bbox 1100 1595 1142 1636; x_wconf 77' lang='grc' dir='ltr'><strong><em>οἱ</em></strong></span> <span class='ocrx_word' id='word_1_152' title='bbox 1175 1594 1219 1635; x_wconf 82' lang='grc' dir='ltr'><strong><em>δὲ</em></strong></span> <span class='ocrx_word' id='word_1_153' title='bbox 1256 1592 1418 1648; x_wconf 87' lang='grc' dir='ltr'><strong><em>Κρόνου</em></strong></span> <span class='ocrx_word' id='word_1_154' title='bbox 1458 1594 1524 1635; x_wconf 81' lang='grc' dir='ltr'><strong><em>καὶ</em></strong></span> <span class='ocrx_word' id='word_1_155' title='bbox 1555 1591 1674 1644; x_wconf 86' lang='grc' dir='ltr'><strong><em>Ῥέας.</em></strong></span> 
     </span>
     <span class='ocr_line' id='line_1_22' title="bbox 132 1657 1614 1716; baseline -0.001 -14"><span class='ocrx_word' id='word_1_156' title='bbox 132 1658 331 1714; x_wconf 81' lang='grc' dir='ltr'><strong><em>Ἀλκμᾶνα</em></strong></span> <span class='ocrx_word' id='word_1_157' title='bbox 362 1658 406 1701; x_wconf 79' lang='grc' dir='ltr'><strong><em>δὲ</em></strong></span> <span class='ocrx_word' id='word_1_158' title='bbox 435 1659 618 1716; x_wconf 84' lang='grc' dir='ltr'><strong><em>λέγουσιν</em></strong></span> <span class='ocrx_word' id='word_1_159' title='bbox 648 1657 710 1702; x_wconf 78' lang='grc' dir='ltr'><strong><em>ὁτὲ</em></strong></span> <span class='ocrx_word' id='word_1_160' title='bbox 741 1659 814 1714; x_wconf 77' lang='grc' dir='ltr'><strong><em>μὲν</em></strong></span> <span class='ocrx_word' id='word_1_161' title='bbox 843 1657 913 1702; x_wconf 86' lang='grc' dir='ltr'><strong><em>τὸν</em></strong></span> <span class='ocrx_word' id='word_1_162' title='bbox 944 1657 1066 1702; x_wconf 84' lang='grc' dir='ltr'><strong><em>αὐτὸν</em></strong></span> <span class='ocrx_word' id='word_1_163' title='bbox 1096 1659 1236 1715; x_wconf 84' lang='grc' dir='ltr'><strong><em>λέγειν,</em></strong></span> <span class='ocrx_word' id='word_1_164' title='bbox 1268 1657 1330 1702; x_wconf 78' lang='grc' dir='ltr'><strong><em>ὁτὲ</em></strong></span> <span class='ocrx_word' id='word_1_165' title='bbox 1361 1659 1405 1701; x_wconf 82' lang='grc' dir='ltr'><strong><em>δὲ</em></strong></span> <span class='ocrx_word' id='word_1_166' title='bbox 1436 1661 1614 1714; x_wconf 79' lang='grc' dir='ltr'><strong><em>διαιρεῖν.</em></strong></span> 
     </span>
    </p>
   </div>
   <div class='ocr_carea' id='block_1_8' title="bbox 788 1801 1028 1856">
    <p class='ocr_par' dir='ltr' id='par_1_9' title="bbox 788 1801 1028 1856">
     <span class='ocr_line' id='line_1_23' title="bbox 788 1801 1028 1856; baseline 0.004 -11"><span class='ocrx_word' id='word_1_167' title='bbox 788 1801 883 1845; x_wconf 84' lang='grc'><strong>105.</strong></span> <span class='ocrx_word' id='word_1_168' title='bbox 920 1802 1028 1856; x_wconf 84' lang='grc'><strong>[43.]</strong></span> 
     </span>
    </p>
   </div>
   <div class='ocr_carea' id='block_1_9' title="bbox 136 1885 1759 2139">
    <p class='ocr_par' dir='ltr' id='par_1_10' title="bbox 136 1885 1759 2139">
     <span class='ocr_line' id='line_1_24' title="bbox 254 1885 1677 1941; baseline 0 -13"><span class='ocrx_word' id='word_1_169' title='bbox 254 1885 424 1929; x_wconf 78' lang='lat' dir='ltr'><strong>Pausan.</strong></span> <span class='ocrx_word' id='word_1_170' title='bbox 457 1889 519 1929; x_wconf 92' lang='grc' dir='ltr'><strong><em>ΠΙ</em></strong></span> <span class='ocrx_word' id='word_1_171' title='bbox 554 1891 628 1940; x_wconf 89' lang='lat'><strong><em>18,</em></strong></span> <span class='ocrx_word' id='word_1_172' title='bbox 662 1891 706 1929; x_wconf 85' lang='lat'><strong><em>6:</em></strong></span> <span class='ocrx_word' id='word_1_173' title='bbox 743 1885 810 1938; x_wconf 87' lang='grc' dir='ltr'><strong><em>Ἐς</em></strong></span> <span class='ocrx_word' id='word_1_174' title='bbox 845 1885 1040 1941; x_wconf 82' lang='grc' dir='ltr'><strong><em>Ἀμύκλας</em></strong></span> <span class='ocrx_word' id='word_1_175' title='bbox 1081 1886 1125 1928; x_wconf 80' lang='grc' dir='ltr'><strong><em>δὲ</em></strong></span> <span class='ocrx_word' id='word_1_176' title='bbox 1163 1890 1368 1929; x_wconf 79' lang='grc' dir='ltr'><strong><em>κατιοῦσιν</em></strong></span> <span class='ocrx_word' id='word_1_177' title='bbox 1408 1886 1451 1928; x_wconf 83' lang='grc' dir='ltr'><strong><em>έκ</em></strong></span> <span class='ocrx_word' id='word_1_178' title='bbox 1489 1885 1677 1941; x_wconf 84' lang='grc' dir='ltr'><strong><em>Σπάρτης</em></strong></span> 
     </span>
     <span class='ocr_line' id='line_1_25' title="bbox 137 1950 1676 2008; baseline -0.001 -14"><span class='ocrx_word' id='word_1_179' title='bbox 137 1950 310 2006; x_wconf 84' lang='grc' dir='ltr'><strong><em>ποταμός</em></strong></span> <span class='ocrx_word' id='word_1_180' title='bbox 349 1952 428 1995; x_wconf 77' lang='grc' dir='ltr'><strong><em>ἐστι</em></strong></span> <span class='ocrx_word' id='word_1_181' title='bbox 471 1956 607 1995; x_wconf 85' lang='grc' dir='ltr'><strong><em>Τίασα.</em></strong></span> <span class='ocrx_word' id='word_1_182' title='bbox 668 1953 868 2008; x_wconf 81' lang='grc' dir='ltr'><strong><em>θυγατέρα</em></strong></span> <span class='ocrx_word' id='word_1_183' title='bbox 909 1952 953 1994; x_wconf 81' lang='grc' dir='ltr'><strong><em>δὲ</em></strong></span> <span class='ocrx_word' id='word_1_184' title='bbox 990 1955 1218 2008; x_wconf 77' lang='grc' dir='ltr'><strong><em>νομίζουσιν</em></strong></span> <span class='ocrx_word' id='word_1_185' title='bbox 1259 1950 1360 1994; x_wconf 79' lang='grc' dir='ltr'><strong><em>εἶναι</em></strong></span> <span class='ocrx_word' id='word_1_186' title='bbox 1397 1956 1467 1995; x_wconf 87' lang='grc' dir='ltr'><strong><em>τοῦ</em></strong></span> <span class='ocrx_word' id='word_1_187' title='bbox 1506 1950 1676 2006; x_wconf 83' lang='grc' dir='ltr'><strong><em>Εὐρώτα</em></strong></span> 
     </span>
     <span class='ocr_line' id='line_1_26' title="bbox 136 2015 1759 2074; baseline -0.002 -14"><span class='ocrx_word' id='word_1_188' title='bbox 136 2015 209 2072; x_wconf 86' lang='grc' dir='ltr'><strong><em>τὴν</em></strong></span> <span class='ocrx_word' id='word_1_189' title='bbox 243 2019 410 2060; x_wconf 85' lang='grc' dir='ltr'><strong><em>Τίασαν·</em></strong></span> <span class='ocrx_word' id='word_1_190' title='bbox 441 2018 508 2060; x_wconf 82' lang='grc' dir='ltr'><strong><em>καὶ</em></strong></span> <span class='ocrx_word' id='word_1_191' title='bbox 538 2015 637 2072; x_wconf 85' lang='grc' dir='ltr'><strong><em>πρὸς</em></strong></span> <span class='ocrx_word' id='word_1_192' title='bbox 667 2016 767 2074; x_wconf 74' lang='grc' dir='ltr'><strong><em>αὐτῇ</em></strong></span> <span class='ocrx_word' id='word_1_193' title='bbox 793 2020 976 2073; x_wconf 87' lang='grc' dir='ltr'><strong><em>Χαρίτων</em></strong></span> <span class='ocrx_word' id='word_1_194' title='bbox 1007 2019 1111 2061; x_wconf 77' lang='grc' dir='ltr'><strong><em>ἐστὶν</em></strong></span> <span class='ocrx_word' id='word_1_195' title='bbox 1136 2016 1245 2074; x_wconf 80' lang='grc' dir='ltr'><strong><em>ἱερὸν</em></strong></span> <span class='ocrx_word' id='word_1_196' title='bbox 1272 2018 1455 2067; x_wconf 86' lang='grc' dir='ltr'><strong><em>Φαέννας</em></strong></span> <span class='ocrx_word' id='word_1_197' title='bbox 1479 2018 1545 2058; x_wconf 82' lang='grc' dir='ltr'><strong><em>καὶ</em></strong></span> <span class='ocrx_word' id='word_1_198' title='bbox 1572 2021 1676 2070; x_wconf 86' lang='grc' dir='ltr'><strong><em>Κλη-</em></strong></span> <span class='ocrx_word' id='word_1_199' title='bbox 1690 2032 1759 2064; x_wconf 75' lang='lat'><strong><em>862</em></strong></span> 
     </span>
     <span class='ocr_line' id='line_1_27' title="bbox 138 2074 967 2139; baseline 0 -13"><span class='ocrx_word' id='word_1_200' title='bbox 138 2088 220 2137; x_wconf 82' lang='grc' dir='ltr'><strong><em>τᾶς,</em></strong></span> <span class='ocrx_word' id='word_1_201' title='bbox 250 2082 360 2126; x_wconf 79' lang='grc' dir='ltr'><strong><em>καθὰ</em></strong></span> <span class='ocrx_word' id='word_1_202' title='bbox 392 2081 443 2138; x_wconf 83' lang='grc' dir='ltr'><strong><em>δὴ</em></strong></span> <span class='ocrx_word' id='word_1_203' title='bbox 475 2074 541 2125; x_wconf 65' lang='grc' dir='ltr'><strong><em>κἀὶ</em></strong></span> <span class='ocrx_word' id='word_1_204' title='bbox 567 2082 741 2138; x_wconf 80' lang='grc' dir='ltr'><strong><em>Ἀλκμὰν</em></strong></span> <span class='ocrx_word' id='word_1_205' title='bbox 773 2085 967 2139; x_wconf 77' lang='grc' dir='ltr'><strong><em>ἐποίησεν.</em></strong></span> 
     </span>
    </p>
   </div>
   <div class='ocr_carea' id='block_1_10' title="bbox 865 2227 960 2269">
    <p class='ocr_par' dir='ltr' id='par_1_11' title="bbox 865 2227 960 2269">
     <span class='ocr_line' id='line_1_28' title="bbox 865 2227 960 2269; baseline 0.011 -1"><span class='ocrx_word' id='word_1_206' title='bbox 865 2227 960 2269; x_wconf 89' lang='grc'><strong>106.</strong></span> 
     </span>
    </p>
   </div>
   <div class='ocr_carea' id='block_1_11' title="bbox 142 2306 1678 2496">
    <p class='ocr_par' dir='ltr' id='par_1_12' title="bbox 142 2306 1678 2496">
     <span class='ocr_line' id='line_1_29' title="bbox 260 2306 1677 2364; baseline -0.001 -12"><span class='ocrx_word' id='word_1_207' title='bbox 260 2313 508 2363; x_wconf 79' lang='lat' dir='ltr'>Athenagor.</span> <span class='ocrx_word' id='word_1_208' title='bbox 539 2311 680 2362; x_wconf 77' lang='lat' dir='ltr'><strong>Legat.</strong></span> <span class='ocrx_word' id='word_1_209' title='bbox 711 2325 785 2363; x_wconf 85' lang='lat' dir='ltr'><strong><em>pro</em></strong></span> <span class='ocrx_word' id='word_1_210' title='bbox 826 2311 973 2352; x_wconf 76' lang='lat' dir='ltr'><strong><em>christ.</em></strong></span> <span class='ocrx_word' id='word_1_211' title='bbox 1013 2325 1044 2351; x_wconf 91' lang='lat' dir='ltr'><strong><em>c.</em></strong></span> <span class='ocrx_word' id='word_1_212' title='bbox 1081 2314 1152 2351; x_wconf 87' lang='lat'><strong><em>14:</em></strong></span> <span class='ocrx_word' id='word_1_213' title='bbox 1186 2306 1358 2364; x_wconf 81' lang='grc' dir='ltr'><strong><em>Ἀλκμὰν</em></strong></span> <span class='ocrx_word' id='word_1_214' title='bbox 1394 2309 1460 2350; x_wconf 79' lang='grc' dir='ltr'><strong><em>καὶ</em></strong></span> <span class='ocrx_word' id='word_1_215' title='bbox 1491 2306 1677 2358; x_wconf 66' lang='grc' dir='ltr'><strong><em>“Ησίοδος</em></strong></span> 
     </span>
     <span class='ocr_line' id='line_1_30' title="bbox 142 2371 1678 2431; baseline -0.002 -13"><span class='ocrx_word' id='word_1_216' title='bbox 142 2373 354 2429; x_wconf 66' lang='grc' dir='ltr'><strong><em>Μίδειαν,</em></strong></span> <span class='ocrx_word' id='word_1_217' title='bbox 397 2375 462 2417; x_wconf 75' lang='grc' dir='ltr'><strong><em>καὶ</em></strong></span> <span class='ocrx_word' id='word_1_218' title='bbox 506 2372 606 2431; x_wconf 87' lang='lat' dir='ltr'>(duo</span> <span class='ocrx_word' id='word_1_219' title='bbox 637 2377 749 2419; x_wconf 87' lang='lat' dir='ltr'><strong>codd.</strong></span> <span class='ocrx_word' id='word_1_220' title='bbox 781 2377 953 2418; x_wconf 78' lang='lat' dir='ltr'>Clarom.</span> <span class='ocrx_word' id='word_1_221' title='bbox 984 2373 1030 2429; x_wconf 54' lang='grc' dir='ltr'><strong><em>ἒ)</em></strong></span> <span class='ocrx_word' id='word_1_222' title='bbox 1075 2373 1236 2430; x_wconf 90' lang='grc' dir='ltr'><strong><em>Νιόβην</em></strong></span> <span class='ocrx_word' id='word_1_223' title='bbox 1282 2377 1437 2424; x_wconf 87' lang='grc' dir='ltr'><strong><em>Κίλικες</em></strong></span> <span class='ocrx_word' id='word_1_224' title='bbox 1476 2371 1678 2429; x_wconf 73' lang='grc' dir='ltr'><strong><em>(ἵδρυνται</em></strong></span> 
     </span>
     <span class='ocr_line' id='line_1_31' title="bbox 142 2438 298 2496; baseline 0.006 -14"><span class='ocrx_word' id='word_1_225' title='bbox 142 2438 298 2496; x_wconf 73' lang='grc' dir='ltr'><strong><em>θεούς).</em></strong></span> 
     </span>
    </p>
   </div>
   <div class='ocr_carea' id='block_1_12' title="bbox 796 2547 1035 2601">
    <p class='ocr_par' dir='ltr' id='par_1_13' title="bbox 796 2547 1035 2601">
     <span class='ocr_line' id='line_1_32' title="bbox 796 2547 1035 2601; baseline -0.004 -11"><span class='ocrx_word' id='word_1_226' title='bbox 796 2547 893 2592; x_wconf 82' lang='lat'><strong>107.</strong></span> <span class='ocrx_word' id='word_1_227' title='bbox 927 2547 1035 2601; x_wconf 66' lang='lat'>[46]</span> 
     </span>
    </p>
   </div>
   <div class='ocr_carea' id='block_1_13' title="bbox 146 2630 1683 2993">
    <p class='ocr_par' dir='ltr' id='par_1_14' title="bbox 146 2630 1683 2947">
     <span class='ocr_line' id='line_1_33' title="bbox 205 2630 1678 2684; baseline 0.001 -14"><span class='ocrx_word' id='word_1_228' title='bbox 205 2655 219 2670; x_wconf 85' lang='lat'><em>.</em></span> <span class='ocrx_word' id='word_1_229' title='bbox 264 2634 371 2674; x_wconf 74' lang='lat' dir='ltr'><strong>Plut.</strong></span> <span class='ocrx_word' id='word_1_230' title='bbox 402 2633 452 2673; x_wconf 81' lang='lat' dir='ltr'><strong><em>de</em></strong></span> <span class='ocrx_word' id='word_1_231' title='bbox 483 2633 632 2674; x_wconf 84' lang='lat' dir='ltr'>Herod.</span> <span class='ocrx_word' id='word_1_232' title='bbox 662 2633 825 2684; x_wconf 80' lang='lat' dir='ltr'><strong>malign.</strong></span> <span class='ocrx_word' id='word_1_233' title='bbox 857 2645 889 2673; x_wconf 88' lang='lat' dir='ltr'><strong><em>c.</em></strong></span> <span class='ocrx_word' id='word_1_234' title='bbox 924 2635 996 2672; x_wconf 83' lang='lat'><strong><em>14:</em></strong></span> <span class='ocrx_word' id='word_1_235' title='bbox 1029 2632 1168 2672; x_wconf 83' lang='grc' dir='ltr'><strong><em>Καίτοι</em></strong></span> <span class='ocrx_word' id='word_1_236' title='bbox 1199 2635 1279 2672; x_wconf 81' lang='grc' dir='ltr'><strong><em>τῶν</em></strong></span> <span class='ocrx_word' id='word_1_237' title='bbox 1309 2634 1489 2672; x_wconf 84' lang='grc' dir='ltr'><strong><em>παλαιῶν</em></strong></span> <span class='ocrx_word' id='word_1_238' title='bbox 1519 2630 1586 2671; x_wconf 83' lang='grc' dir='ltr'><strong><em>καὶ</em></strong></span> <span class='ocrx_word' id='word_1_239' title='bbox 1616 2634 1678 2671; x_wconf 87' lang='grc' dir='ltr'><strong><em>λο-</em></strong></span> 
     </span>
     <span class='ocr_line' id='line_1_34' title="bbox 146 2691 1674 2754; baseline -0.002 -15"><span class='ocrx_word' id='word_1_240' title='bbox 146 2698 246 2754; x_wconf 84' lang='grc' dir='ltr'><strong><em>γίων</em></strong></span> <span class='ocrx_word' id='word_1_241' title='bbox 274 2694 437 2751; x_wconf 71' lang='grc' dir='ltr'><strong><em>ἀνδρῶν</em></strong></span> <span class='ocrx_word' id='word_1_242' title='bbox 469 2694 542 2751; x_wconf 82' lang='grc' dir='ltr'><strong><em>οὐχ</em></strong></span> <span class='ocrx_word' id='word_1_243' title='bbox 562 2691 758 2750; x_wconf 80' lang='grc' dir='ltr'><strong><em>”Ομηρος,</em></strong></span> <span class='ocrx_word' id='word_1_244' title='bbox 790 2693 863 2750; x_wconf 84' lang='grc' dir='ltr'><strong><em>οὐχ</em></strong></span> <span class='ocrx_word' id='word_1_245' title='bbox 886 2693 1091 2747; x_wconf 79' lang='grc' dir='ltr'><strong><em>Ἡσίοδος,</em></strong></span> <span class='ocrx_word' id='word_1_246' title='bbox 1123 2693 1197 2736; x_wconf 84' lang='grc' dir='ltr'><strong><em>οὐκ</em></strong></span> <span class='ocrx_word' id='word_1_247' title='bbox 1225 2694 1464 2750; x_wconf 81' lang='grc' dir='ltr'><strong><em>Ἀρχίλοχος,</em></strong></span> <span class='ocrx_word' id='word_1_248' title='bbox 1498 2693 1548 2737; x_wconf 87' lang='grc' dir='ltr'><strong><em>οὐ</em></strong></span> <span class='ocrx_word' id='word_1_249' title='bbox 1582 2696 1674 2736; x_wconf 80' lang='grc' dir='ltr'><strong><em>Πεί-</em></strong></span> 
     </span>
     <span class='ocr_line' id='line_1_35' title="bbox 147 2758 1682 2816; baseline -0.002 -12"><span class='ocrx_word' id='word_1_250' title='bbox 147 2763 329 2816; x_wconf 81' lang='grc' dir='ltr'><strong><em>σανδρος,</em></strong></span> <span class='ocrx_word' id='word_1_251' title='bbox 355 2759 404 2803; x_wconf 88' lang='grc' dir='ltr'><strong><em>οὐ</em></strong></span> <span class='ocrx_word' id='word_1_252' title='bbox 429 2763 681 2816; x_wconf 77' lang='grc' dir='ltr'><strong><em>Στησίχορος,</em></strong></span> <span class='ocrx_word' id='word_1_253' title='bbox 707 2758 781 2803; x_wconf 91' lang='grc' dir='ltr'><strong><em>οὐκ</em></strong></span> <span class='ocrx_word' id='word_1_254' title='bbox 801 2758 985 2815; x_wconf 76' lang='grc' dir='ltr'><strong><em>Ἀλκμάν,</em></strong></span> <span class='ocrx_word' id='word_1_255' title='bbox 1017 2758 1067 2803; x_wconf 86' lang='grc' dir='ltr'><strong><em>οὗ</em></strong></span> <span class='ocrx_word' id='word_1_256' title='bbox 1093 2762 1295 2813; x_wconf 84' lang='grc' dir='ltr'><strong><em>Πίνδαρος</em></strong></span> <span class='ocrx_word' id='word_1_257' title='bbox 1322 2762 1542 2815; x_wconf 79' lang='grc' dir='ltr'><strong><em>Αἰγυπτίου</em></strong></span> <span class='ocrx_word' id='word_1_258' title='bbox 1567 2760 1682 2815; x_wconf 74' lang='grc' dir='ltr'><strong><em>ἔσχον</em></strong></span> 
     </span>
     <span class='ocr_line' id='line_1_36' title="bbox 148 2822 1683 2883; baseline -0.002 -14"><span class='ocrx_word' id='word_1_259' title='bbox 148 2825 266 2883; x_wconf 82' lang='grc' dir='ltr'><strong><em>λόγον</em></strong></span> <span class='ocrx_word' id='word_1_260' title='bbox 290 2824 531 2880; x_wconf 86' lang='grc' dir='ltr'><strong><em>Ἡρακλέους</em></strong></span> <span class='ocrx_word' id='word_1_261' title='bbox 559 2824 586 2881; x_wconf 82' lang='grc' dir='ltr'>ἢ</span> <span class='ocrx_word' id='word_1_262' title='bbox 621 2828 821 2876; x_wconf 90' lang='grc' dir='ltr'><strong><em>Φοίνικος,</em></strong></span> <span class='ocrx_word' id='word_1_263' title='bbox 853 2824 937 2867; x_wconf 78' lang='grc' dir='ltr'><strong><em>ἀλλ’</em></strong></span> <span class='ocrx_word' id='word_1_264' title='bbox 978 2826 1049 2867; x_wconf 78' lang='grc' dir='ltr'><strong><em>ἕνα</em></strong></span> <span class='ocrx_word' id='word_1_265' title='bbox 1086 2829 1226 2867; x_wconf 86' lang='grc' dir='ltr'><strong><em>τοῦτον</em></strong></span> <span class='ocrx_word' id='word_1_266' title='bbox 1258 2827 1363 2867; x_wconf 82' lang='grc' dir='ltr'><strong><em>ἴσασι</em></strong></span> <span class='ocrx_word' id='word_1_267' title='bbox 1393 2823 1536 2875; x_wconf 87' lang='grc' dir='ltr'><strong><em>πάντες</em></strong></span> <span class='ocrx_word' id='word_1_268' title='bbox 1560 2822 1683 2879; x_wconf 86' lang='grc' dir='ltr'><strong><em>Ἡρα-</em></strong></span> 
     </span>
     <span class='ocr_line' id='line_1_37' title="bbox 149 2889 1005 2947; baseline -0.004 -13"><span class='ocrx_word' id='word_1_269' title='bbox 149 2892 240 2934; x_wconf 75' lang='grc' dir='ltr'><strong><em>κλέα</em></strong></span> <span class='ocrx_word' id='word_1_270' title='bbox 269 2890 338 2935; x_wconf 85' lang='grc' dir='ltr'><strong><em>τὸν</em></strong></span> <span class='ocrx_word' id='word_1_271' title='bbox 369 2891 561 2935; x_wconf 73' lang='grc' dir='ltr'><strong><em>Βοιώτιον</em></strong></span> <span class='ocrx_word' id='word_1_272' title='bbox 593 2890 694 2947; x_wconf 83' lang='grc' dir='ltr'><strong><em>ὁμοῦ</em></strong></span> <span class='ocrx_word' id='word_1_273' title='bbox 725 2892 791 2933; x_wconf 82' lang='grc' dir='ltr'><strong><em>καὶ</em></strong></span> <span class='ocrx_word' id='word_1_274' title='bbox 819 2889 1005 2946; x_wconf 79' lang='grc' dir='ltr'><strong><em>Ἀργεῖον.</em></strong></span> 
     </span>
    </p>

    <p class='ocr_par' dir='ltr' id='par_1_15' title="bbox 1350 2959 1400 2993">
     <span class='ocr_line' id='line_1_38' title="bbox 1350 2959 1400 2993; baseline 0 -14"><span class='ocrx_word' id='word_1_275' title='bbox 1350 2959 1400 2993; x_wconf 61' lang='grc' dir='ltr'><strong><em>ὁ*</em></strong></span> 
     </span>
    </p>
   </div>
  </div>
 </body>
</html>
