1864 3126
710 178 1061 217 BACCHYLIDES.
1563 179 1620 223 57
1627 180 1649 223 l

210 284 497 345 Ξανθότριχα
528 285 610 344 μὲν
645 288 890 345 Φερένικον

208 354 397 416 ’Λλφεὸν
428 355 533 417 παρ’
567 355 813 417 εὐρυδίναν
844 361 998 405 πῶλον
1029 358 1336 419 ἆελλοδρόμον

0 451 26 506 ᾗ,
212 426 304 475 εἶδε
334 427 592 475 νικάσαντα.

204 684 259 737 Ὦ
290 691 495 745 Πέλοπος
524 694 714 751 λιπαρᾶς
743 691 890 737 νάσου
920 692 1167 751 θεόδματοι
1198 693 1348 739 πύλαι.
1397 729 1400 732 -

790 815 861 858 *8.
896 815 972 869 [7.]

213 922 379 931 .....
402 895 730 931 --Δυῦῧυ--

212 983 534 1037 Προσφωνεῐτε
564 997 640 1024 νιν
672 980 742 1025 ἐπὶ
774 983 931 1033 νίκαις.

793 1097 861 1144 *9.
896 1102 975 1155 [8].

212 1419 221 1430 .
254 1420 264 1429 .
295 1420 306 1429 .
338 1420 347 1429 .
381 1388 499 1429 Νίκα
530 1385 819 1443 γλυκύδωρος
852 1421 860 1430 .
886 1421 902 1435 ,.
934 1421 943 1430 .

213 1457 262 1501 ἐν
292 1455 558 1516 πολυχρύσῳ
585 1454 627 1500 δ’
653 1455 868 1517 Ὀλύμπῳ
896 1458 1008 1514 Ζηνὶ
1034 1459 1338 1515 παρισταμένα
1362 1461 1504 1516 κρίνει
1530 1460 1655 1512 τέλος

211 1525 488 1572 ἀθανάτοισί
514 1544 561 1571 τε
591 1527 665 1571 καὶ
695 1533 883 1581 θνατοῖς
915 1526 1083 1586 ἀρετᾶς.
1109 1590 1113 1593 ι

212 1658 272 1695 Fr.
292 1663 324 1695 6.
365 1658 486 1694 Schol.
508 1658 613 1695 Pind.
636 1658 693 1695 Ol.
713 1659 730 1694 Ι
750 1660 921 1717 Argum:
950 1657 1003 1696 Τό
1030 1658 1072 1696 δὲ
1100 1657 1221 1706 ὄνομα
1246 1660 1314 1696 τοῦ
1334 1661 1516 1702 νικῶντος
1535 1662 1653 1697 ἵππου

121 1703 326 1752 Φερένικός
351 1703 445 1742 ἐστι·
477 1704 664 1753 μέμνηται
689 1704 732 1743 δὲ
759 1707 879 1743 αυτοῦ
901 1708 1188 1754 Βακχυλίδης
1212 1705 1372 1754 γράφων
1391 1705 1508 1744 οὕτω·
1534 1710 1652 1748 Ξαν-

117 1751 242 1800 edm.
269 1757 344 1790 κτλ.
372 1774 416 1780 -
443 1752 488 1789 V.
510 1758 542 1790 3.
569 1753 647 1790 εἶδε
675 1753 756 1790 cod.
782 1754 868 1792 Vat.
894 1756 934 1791 et
957 1755 1058 1791 Vrat.
1088 1756 1177 1802 (ἴδε)
1202 1755 1364 1801 addunt,
1395 1756 1510 1802 vulgo
1536 1756 1652 1792 deest.

118 1824 161 1829 —
175 1798 386 1838 νικάσαντα
399 1801 434 1837 Ν
437 1813 516 1843 eue,
530 1802 644 1849 vulgo
657 1799 874 1848 νικήσαντα.
888 1824 927 1829 -
944 1803 1115 1849 Respicit
1128 1805 1242 1849 poeta
1253 1802 1427 1840 Hieronis
1441 1803 1654 1850 Olympiam

116 1849 312 1886 victoriam
346 1848 401 1885 01.
430 1848 598 1894 LXXVI,
634 1861 747 1895 quam
778 1850 963 1887 Pindarus
995 1862 1108 1887 carm.
1140 1850 1197 1887 Ol.
1223 1851 1240 1886 I
1265 1851 1479 1887 celebravit.
1530 1851 1654 1887 Antea

115 1897 296 1945 putabam
321 1907 450 1933 versus
474 1897 614 1943 petitos
640 1908 721 1934 esse
745 1909 790 1934 ex
816 1898 979 1935 carmine
1004 1898 1044 1934 in
1068 1898 1286 1944 victoriam,
1315 1910 1427 1945 quam
1454 1899 1568 1935 Hiero
1595 1899 1651 1935 Ol.

118 1944 307 1981 LXXVIII
332 1944 524 1999 quadrigis
549 1945 712 1991 rettulit,
739 1946 805 1982 sed
829 1946 918 1982 huic
943 1946 1180 1983 coniecturae
1205 1947 1334 1983 obstat
1357 1947 1471 1983 tertia
1494 1958 1654 1993 persona.

117 1991 209 2038 εἶδε,
233 1992 274 2028 in
298 2003 402 2028 cuius
425 1992 550 2028 locum
575 1991 675 2034 εἶδες
699 1993 760 2029 vel
784 1991 890 2030 εἶδον
911 1995 969 2040 (ut
992 1992 1075 2040 ipse
1100 1995 1215 2040 poeta¹
1238 1993 1452 2031 interfuerit
1469 1995 1653 2031 mercatui

117 2039 329 2087 Olympico)
354 2040 553 2085 quominus
578 2041 845 2086 substituatur,
882 2041 1028 2077 numeri
1064 2041 1125 2078 lex
1158 2042 1295 2078 obstat.
1346 2041 1505 2078 Videtur
1539 2046 1652 2088 poeta

118 2087 210 2124 haec
224 2089 371 2124 mortuo
382 2086 546 2124 Hierone
556 2088 758 2135 scripsisse,
778 2089 877 2135 regis
890 2089 1069 2126 victorias
1089 2101 1321 2134 enumerans,
1341 2089 1401 2125 vel
1419 2090 1459 2126 in
1478 2089 1651 2136 epinicio‚

117 2135 217 2180 quod
242 2134 414 2172 Hieronis
446 2135 524 2172 filio
551 2136 741 2182 superstiti
765 2136 971 2181 dedicavit,
1003 2137 1066 2173 vel
1089 2137 1130 2173 in
1154 2137 1342 2182 encomio,
1377 2148 1451 2182 quo
1476 2137 1650 2173 Hieronis

117 2182 336 2219 memoriam
375 2184 533 2219 ornavit.
589 2182 680 2220 Εἷδε
719 2183 814 2220 nihil
851 2184 955 2220 aliud
993 2184 1197 2231 significat,
1235 2196 1348 2230 quam
1384 2189 1554 2229 expertus
1590 2189 1653 2228 est,

118 2231 274 2266 victoria
310 2231 344 2266 ei
382 2232 551 2277 commit,
587 2242 707 2276 neque
740 2231 839 2267 enim
873 2232 954 2279 ipse
986 2232 1234 2269 Hiero-ludis
1267 2232 1473 2278 Olympicis
1511 2231 1652 2267 arbiter

121 2277 306 2313 interfuit.
351 2278 549 2314 Praeterea.
567 2278 724 2315 fortasse
744 2278 979 2316 scribendum
1005 2279 1074 2321 δὶς
1099 2277 1177 2316 εἶδε
1204 2278 1425 2324 νικάσαντα,
1451 2281 1494 2315 ut
1513 2281 1652 2315 utram-

121 2335 195 2370 que
232 2323 429 2360 victoriam
454 2327 494 2362 et
519 2325 576 2361 Ol.
604 2330 648 2362 ’16
674 2327 713 2362 et
738 2330 782 2362 77
808 2326 1033 2364 Pherenicus
1056 2322 1317 2373 reportaverit.
1368 2325 1510 2371 Neque,
1549 2327 1649 2372 quod

121 2372 161 2408 in
191 2371 365 2408 Hieronis
401 2374 641 2409 monumento
679 2373 875 2420 Olympico
913 2376 1037 2411 currui
1070 2374 1272 2410 adstabant
1306 2374 1379 2410 duo
1411 2374 1498 2420 equi
1529 2374 1652 2419 (Paus.

123 2419 170 2454 Vl
198 2423 253 2455 12.
279 2419 366 2455 VIII
385 2423 458 2463 42),
483 2418 569 2455 inde
595 2420 877 2467 conficiendum,
902 2422 1016 2459 aliam
1036 2422 1111 2458 alio
1131 2432 1227 2467 equo
1253 2422 1402 2468 partam
1427 2432 1508 2458 esse
1534 2422 1652 2458 victo-

121 2466 229 2511 riam,
254 2467 319 2503 sed
345 2467 488 2503 duobus
514 2467 619 2513 equis
644 2467 755 2504 binae
780 2468 960 2506 victoriae
986 2469 1253 2515 significantur.

218 2514 275 2550 Fr.
303 2519 333 2551 7.
385 2514 508 2551 Schol.
533 2514 640 2551 Pind.
668 2515 726 2551 Ol.
751 2515 839 2552 XIII
866 2521 903 2552 1:
930 2514 1138 2563 Πρόθυρον
1163 2516 1228 2552 καὶ
1252 2514 1378 2562 θύρας
1402 2513 1563 2552 εἰώθασι
1588 2530 1653 2552 κα-

120 2565 199 2598 λεῖν
225 2559 294 2608 τὴν
320 2558 515 2607 Κόρινθον
547 2560 611 2598 διὰ
643 2559 686 2598 τὸ
717 2558 837 2609 ἀρχὴν
862 2559 886 2610 ἢ
911 2562 1017 2605 τέλος
1040 2562 1142 2600 εἶναι
1174 2565 1241 2609 τῆς
1267 2561 1559 2610 Πελοποννήσου
1585 2561 1652 2600 τὸν

117 2605 283 2656 Ἰσθμόν,
314 2607 512 2655 πρόθυρον
544 2609 586 2646 δὲ
619 2614 696 2651 τοῖς
727 2610 781 2652 εἰς
807 2609 1099 2658 Πελοπόννησον
1124 2610 1397 2657 στελλομένοις·
1431 2612 1653 2657 Βακχυλί-

122 2658 146 2693 δ
182 2666 216 2699 ς·
243 2651 284 2694 Ὠ
310 2660 384 2694 κτλ.

152 2670 174 2703 η
217 2704 275 2741 Fr.
301 2710 334 2742 8.
379 2705 552 2751 Apollon.
578 2705 624 2741 de
643 2705 753 2741 Pron.
773 2708 843 2742 368
857 2706 906 2741 A:
933 2703 1016 2741 Ἔτι
1039 2705 1105 2742 καὶ
1129 2702 1153 2752 ἡ
1178 2707 1250 2741 νίν
1275 2703 1451 2742 τάσσεται
1478 2702 1539 2742 ἐπὶ
1564 2704 1654 2752 πλή·

122 2754 236 2793 θους·
264 2782 271 2789 .
300 2780 308 2789 .
334 2781 343 2790 .
370 2755 540 2798 Προσφ.
567 2756 642 2789 κτλ.
671 2754 967 2799 Βακχυλίδης.

218 2799 278 2837 Fr.
298 2804 330 2836 9.
369 2799 524 2836 Ursinus
550 2812 584 2846 p.
605 2804 675 2836 206
702 2811 746 2836 ex
772 2799 933 2837 Stobaeo
959 2800 1055 2837 Flor.
1079 2801 1129 2836 111
1146 2801 1201 2845 (in
1221 2800 1328 2837 codd.
1348 2803 1387 2837 et
1411 2801 1494 2838 edd.
1515 2801 1656 2847 deest):

14 2884 16 2886 ,
125 2848 411 2893 Βακχυλίδης
453 2846 495 2883 δὲ
542 2845 611 2892 τὴν
650 2849 776 2894 Νίκην
818 2845 1061 2893 γλυκύδωρόν
1104 2860 1198 2894 φησι
1241 2848 1302 2884 καὶ
1350 2845 1392 2884 ἐν
1435 2847 1655 2897 πολυχρύσῳ

15 2902 17 2911 ¹
54 2916 58 2919 >
119 2890 289 2943 Ὀλύμπῳ
323 2894 414 2940 Ζηνὶ
447 2894 728 2941 παρισταμένην
760 2895 904 2941 κρίνειν
935 2894 1041 2937 τέλος
1070 2892 1308 2932 ἀθανάτοισί
1333 2908 1372 2932 τε
1405 2897 1470 2932 καὶ
1499 2898 1658 2942 θνητοῖς

124 2937 269 2988 ἀρετῆς.
319 2942 527 2979 Constituit
551 2942 666 2979 Neue.

0 1550 13 1748 ἰ
