1864 3126
183 120 270 164 568
369 151 371 155 ι
505 121 507 126 ’
749 119 943 157 ΡΟΕΤΑΕ
968 119 1145 158 MELICI.

926 229 965 272 6.
1613 241 1703 274 1226

296 315 441 354 Athen.
465 315 564 354 XIII
597 317 680 363 603
701 315 754 354 A:
781 311 980 367 Πράξιλλα
1004 313 1047 355 δὲ
1078 311 1104 368 ἡ
1130 316 1334 356 Σικυωνία
1357 310 1436 355 ὑπὸ
1462 311 1559 364 Διός
1583 327 1706 368 φησιν

181 375 444 432 ἁρπασθῆναι
473 375 542 420 τὸν
574 376 820 432 Χρύσιππον.
883 381 1129 421 Valckenaer
1160 382 1258 422 coni.
1289 376 1358 421 ὑπ’
1396 380 1620 430 Οἰδίποδος.

931 498 969 540 7.

298 583 468 622 Pausan.
499 582 560 621 ΙΙΙ
595 584 661 633 13,
694 584 738 622 5:
777 582 978 636 Πραξίλλῃ
1016 580 1086 634 μὲν
1125 579 1174 634 δὴ
1213 581 1456 635 πεποιημένα
1493 581 1617 632 ἐστίν,
1654 579 1736 632 ὥς.
1834 638 1838 639 ⁷

181 643 382 699 Εὐρώπης
413 647 472 698 εἴη
510 645 575 686 καὶ
612 644 825 700 Κάρνειος,
861 646 928 687 καὶ
964 643 1086 688 αὐτὸν
1123 643 1373 701 ἀνεθρέψατο
1405 644 1606 688 Ἀπόλλων
1640 647 1707 688 καὶ
1759 659 1762 661 ’
1810 655 1811 658 ’

181 708 313 763 Λητώ,
345 713 414 750 ubi
445 709 633 764 Κάρνος
664 726 736 763 pro
769 709 962 764 Κάρνειος
993 713 1283 764 corrigendum,
1315 714 1363 753 cf.
1395 714 1566 765 Hesych.
1598 716 1703 766 Καρ-

182 781 299 827 νεῖος,
331 775 513 817 ἐπίθετον
539 774 803 826 Ἀπόλλωνος,
841 778 934 826 ἴσως
964 774 1044 818 ἆπὸ
1077 774 1260 831 Κάρνου,
1297 780 1367 818 τοῦ
1398 774 1494 826 Διὸς
1524 777 1591 818 καὶ
1620 774 1705 819 Εὖ-

180 839 326 894 ρώπης.
389 842 447 881 Of.
486 842 614 883 Schol.
654 843 888 882 Callimachi
918 844 958 882 in
996 844 1128 894 Apoll.
1169 847 1246 884 71..
1295 845 1508 883 Praxillam
1547 844 1708 894 respicit

182 908 309 947 Schol.
350 908 515 946 Theocr.
554 907 590 945 V
629 909 702 947 83:
754 904 954 959 Πράξιλλα
995 903 1070 960 (sic
1111 909 1296 959 Warton,
1336 910 1431 948 libri
1472 908 1706 961 Πραξίλλας,

180 973 390 1024 Πραξίλας,
426 968 642 1023 Πραξήλος,
669 968 870 1026 Παξήλος)
898 970 970 1024 μὲν
988 968 1072 1013 ἀπὸ
1099 974 1297 1025 Καρνείου
1318 970 1445 1027 (recte
1465 974 1548 1014 eod.
1567 975 1705 1014 Ambr.

179 1033 394 1088 Κάρνου,
425 1037 495 1076 alii
532 1038 626 1076 libri
665 1037 842 1089 Καρνίου
878 1038 943 1077 vel
980 1033 1180 1091 Χαρίνου)
1219 1036 1343 1089 φησὶν
1374 1033 1607 1089 ὠνομάσθαι
1635 1041 1706 1080 τοῦ

179 1099 276 1150 Διὸς
305 1101 371 1141 καὶ
403 1098 605 1154 Εὐρώπης
635 1102 738 1151 υἱοῦ,
770 1097 815 1150 ὃς
844 1095 896 1155 ἦν
926 1097 1121 1154 ἐρώμενος
1149 1105 1202 1158 τῷ
1228 1097 1466 1153 Ἀπόλλωνι,
1497 1098 1564 1157 (τὰ
1593 1098 1704 1157 Κάρ-

180 1162 298 1221 νεια).
361 1166 419 1207 Cf.
451 1168 599 1207 Eudoc.
634 1169 732 1209 251.

929 1284 968 1326 8.

298 1368 489 1419 Ηθεγοὴ.ε
514 1363 675 1421 Βάκχου
701 1363 878 1420 Διώνης·
904 1369 946 1409 οἱ
967 1366 1038 1421 μὲν
1062 1369 1343 1422 βακχευτηρίας
1366 1364 1592 1423 (corrigunt
1615 1372 1708 1424 βακ-

180 1429 374 1486 χευτρίας)
406 1431 592 1486 Σεμέλης,
625 1434 666 1474 οἵ
694 1431 737 1473 δὲ
762 1428 922 1486 Βάκχου
953 1437 1023 1474 τοῦ
1049 1429 1253 1475 Διονύσου
1283 1434 1350 1475 καὶ
1375 1431 1610 1487 Ἀφροδίτης
1639 1437 1707 1487 τῆς

180 1494 352 1551 Διώνης,
382 1494 561 1552 παρόσον
593 1499 789 1551 διωνυμία
820 1498 908 1552 περὶ
937 1496 1005 1548 τὰς
1035 1494 1153 1548 θεάς·
1192 1494 1394 1552 Πράξιλλα
1425 1497 1468 1539 δὲ
1498 1495 1523 1552 ἡ
1554 1502 1706 1540 Σικυω-

180 1565 246 1604 νία
272 1561 507 1618 Ἀφροδίτης
537 1564 662 1604 παῖδα
691 1561 760 1604 τὸν
791 1560 890 1605 θεὸν
919 1565 1073 1618 ἱστορεῖ.

182 1702 269 1735 ραν·
294 1688 411 1726 πολλὰ
437 1687 509 1736 γὰρ
535 1686 717 1735 (Αἰολικοέ)
743 1687 899 1733 σώζεται
933 1688 1036 1736 παρὰ
1062 1692 1348 1737 Συρακουσίοις.
1397 1702 1492 1736 quae
1518 1691 1706 1728 Nicander

183 1738 223 1772 in
248 1737 383 1783 glossis
407 1738 532 1783 potuiss
557 1738 764 1781 observare,
789 1737 862 1773 nisi
886 1737 982 1773 forte
1008 1735 1189 1784 Νικάνωρ
1210 1739 1454 1784 scribendum,
1473 1739 1574 1784 quod
1592 1740 1707 1775 etiam

181 1785 223 1820 R.
255 1784 468 1838 Volkmapn
505 1785 714 1830 suspicatus
751 1786 818 1820 est.
874 1786 979 1821 Adde
1014 1785 1303 1821 Macedonicum·
1331 1786 1465 1834 κέβλη,
1507 1786 1563 1822 ita
1609 1786 1705 1823 enim

183 1833 323 1878 passim
349 1832 448 1876 libn,
474 1833 644 1877 quamvis
670 1831 850 1868 Arcadius
875 1845 910 1878 p.
940 1837 1006 1869 107
1032 1830 1144 1881 κεβλή
1171 1833 1416 1869 commendet.
