1864 3126
573 94 878 133 FRAGMENTA
902 94 1169 132 ADESPOTA.
1550 92 1637 136 699

201 204 262 250 Οἱ
289 203 342 249 δέ
369 220 428 248 νυ
457 201 598 249 καλόν
1548 213 1640 247 1330

198 276 326 332 σῶμα
356 272 640 331 περισταδόν,
671 272 779 331 ἠΰτε
809 272 974 331 θηρός,

200 343 326 391 τοῦδ’
361 344 559 391 ἆάσαντο
591 344 723 398 κύνες
753 348 976 403 κρατεροί”
1008 345 1142 398 πέλας

188 415 403 462 ’Ἀλκαινα
433 415 601 475 πρῶτα·
633 414 742 474 μετὰ
773 415 940 461 ταύταν
965 414 1006 460 δ’
1036 414 1199 474 ἄλκιμα
1224 416 1356 461 τέκνα

150 501 174 534 ὁ
200 485 402 546 Λυγκεὺς
431 486 505 533 καὶ
537 489 702 541 Βαλίος
731 486 875 541 πόδας
907 486 1082 540 αἰνετός

199 557 272 618 ἠδ’
304 556 597 617 Ἀμάρυνθος.

202 671 224 697 ια
345 670 368 697 *
488 671 511 696 *
632 670 655 695 *
776 670 799 695 *

322 831 497 878 Σκαρτός
522 827 554 869 τ’
585 828 638 868 ὢν
657 829 784 879 Ἀργος
810 845 848 869 τε
878 833 999 878 Βορῆς
1023 829 1058 868 τ’
1087 831 1426 879 αἰψηροκέλευθος.

319 882 387 918 τοῦ
412 877 449 917 δ’
474 877 693 922 Ἀκταίωνος
718 880 859 926 πρῶτοι
884 877 1030 926 φάγον,
1056 879 1150 926 αἷμα
1176 878 1214 916 δ’
1243 878 1409 924 ἔλαψαν·

321 925 408 970 τοὺς
434 927 477 965 δὲ
504 925 587 975 μετ’
615 925 722 965 ἄλλοι
747 926 888 969 πάντες
913 925 1128 964 ἐπέσσυθεν
1155 924 1413 975 ἐμμεμαῶτες·

322 973 519 1022 ἀργαλέων
545 972 696 1012 ὀδυνῶν
722 973 816 1017 ἄκος
842 974 1002 1022 ἔμμεναι
1026 972 1301 1020 ἀνθρώποισιν.

109 1049 169 1085 Ita
199 1048 271 1084 hae
303 1047 439 1084 veteris
473 1047 632 1084 alicuius
664 1049 799 1093 poetae
831 1046 1013 1093 reliquiae
1046 1059 1143 1083 nunc
1174 1047 1214 1083 in
1238 1046 1407 1083 heroicos
1441 1059 1567 1084 versus
1592 1060 1646 1084 re-

108 1096 240 1132 dactae
266 1096 364 1139 sunt,
390 1097 430 1131 at
454 1107 502 1141 ap
531 1097 614 1131 aret
638 1095 773 1140 lyricos
799 1095 925 1141 potius
950 1094 1012 1130 hic
1031 1106 1206 1131 numeros
1226 1095 1272 1130 de
1300 1095 1466 1140 rehendi,
1494 1098 1532 1132 et
1550 1095 1644 1132 mihi

107 1144 259 1188 quidem
291 1142 465 1179 videntur
526 1143 693 1179 tesichori
717 1154 845 1179 versus
874 1142 1104 1186 delitescere,
1140 1153 1251 1188 quem
1309 1142 1464 1179 ausania
1489 1145 1642 1179 auctore

110 1190 162 1227 lx
187 1195 221 1236 2,
248 1195 270 1227 8
297 1191 446 1227 constat
471 1190 671 1226 Actaeonis
691 1190 858 1226 fabulam
877 1190 1098 1235 illustrasse,
1122 1193 1166 1226 ut
1183 1190 1278 1226 mihi
1297 1189 1445 1226 videtur
1465 1191 1644 1235 peculiari

109 1239 285 1284 carmine,
306 1237 406 1283 quod
423 1234 635 1273 Ἀκταίων
662 1237 740 1274 sive
764 1234 1016 1279 Ἀκταιονίς
1041 1238 1261 1283 inscriptum
1287 1237 1414 1282 fuerit,
1438 1238 1523 1274 vide
1549 1251 1645 1284 quae

108 1286 184 1323 dixi
218 1286 258 1323 iu
290 1285 422 1322 Annal.
457 1285 682 1331 Antiquitat.
712 1288 804 1322 1850
836 1298 871 1331 p.
898 1290 966 1321 401
983 1296 1085 1331 seqq.
1136 1286 1308 1322 Fortasse
1334 1285 1578 1322 Philodemus
1603 1299 1640 1323 π.

108 1331 231 1383 abacti.
254 1346 293 1393 p.
320 1337 365 1369 60
393 1332 577 1391 Gomperz,
604 1344 633 1368 c.
663 1337 729 1390 ¹2²⁷
763 1333 872 1377 huius
898 1333 1073 1390 carminis
1103 1332 1195 1369 fecit
1215 1333 1466 1392 pientionepa:
1493 1335 1640 1379 (Στησί-

105 1381 1102 1482 i‘ss'flssggss’zzzsszzz‘zss151²}2’s‘2z'52ffi‘2‘12‘235355m
1116 1378 1538 1474 ξἰἱᾏέῖἶῖἴέἓι.λέἔῗέἔέ3
1547 1393 1648 1467 οἶῖῗ

108 1477 332 1514 memoratos
352 1475 465 1512 fulsse
480 1477 601 1511 minus
616 1478 673 1512 est
687 1476 899 1512 verisimile.
926 1475 983 1512 Ad
996 1476 1096 1512 idem
1109 1477 1181 1512 hoc
1200 1488 1350 1512 carmen
1371 1477 1511 1512 referas
1531 1478 1647 1515 etiam

107 1524 151 1562 fr.
179 1524 304 1570 adesp.
331 1527 396 1560 3⁷:
431 1522 671 1569 Μελαμποδά
698 1520 733 1558 τ’
762 1521 987 1567 Ἀρπόλυκόν
1013 1537 1065 1569 τε,
1092 1536 1179 1560 nam
1205 1525 1405 1570 utrumque
1429 1535 1566 1562 nomen
1599 1526 1647 1562 ab

108 1571 258 1618 Hygino
293 1575 358 1607 181
391 1570 490 1606 inter
521 1571 722 1607 Actaeonis
754 1582 865 1607 canes
896 1570 1066 1608 refertur.
1117 1572 1247 1618 Itaque
1282 1571 1335 1608 sic
1368 1572 1446 1608 fere
1482 1573 1644 1610 redinte-

107 1619 271 1666 grandus
296 1618 361 1654 ille
387 1617 509 1654 locus:
536 1616 582 1654 τὰ
609 1617 650 1654 δὲ
679 1615 850 1664 ὀνόματα
876 1619 950 1654 τῶν
972 1615 1182 1660 Ἀκταίονος
1207 1617 1335 1655 κυνῶν
1355 1616 1398 1656 ἐκ
1418 1620 1491 1656 τῶν
1513 1622 1646 1679 (Στη-

107 1664 314 1714 σιχόρου)
341 1663 475 1707 οὕτως·
509 1664 554 1702 οἰ
583 1664 634 1702 δέ
661 1679 712 1701 νυ
738 1670 813 1702 κτλ.
843 1694 850 1702 .
873 1695 880 1702 .
903 1696 910 1703 .
938 1666 1003 1703 καὶ
1030 1664 1207 1713 (ἄλλοι),
1239 1663 1305 1708 οὓς
1336 1664 1518 1713 ὀνομαστὶ
1545 1665 1645 1714 ἐξη-

107 1727 272 1760 νεγκεν
305 1710 325 1750 ὁ
364 1715 646 1760 Στησίχορος
677 1711 790 1750 κατὰ
823 1713 970 1758 λέξιν·
1002 1714 1067 1750 καὶ
1092 1711 1173 1750 τότ’
1202 1717 1276 1751 κτλ.
1327 1716 1385 1761 Ap
1414 1718 1496 1751 aret
1519 1718 1645 1752 autem

107 1763 269 1809 quatuor
294 1760 507 1808 fragmenta
532 1764 681 1798 servata
707 1773 797 1798 esse.
842 1761 891 1797 M.
919 1762 1090 1799 Schmidt
1115 1763 1222 1809 (Mus.
1247 1762 1364 1798 Rhen.
1422 1763 1437 1798 Ι
1458 1767 1529 1799 404
1539 1766 1643 1811 seq.),

107 1809 172 1856 qui
197 1809 289 1846 satis
314 1808 490 1845 violentis
510 1809 782 1846 mutationibus
801 1809 972 1846 heroicos
998 1821 1127 1847 versus
1148 1810 1324 1854 restituit,
1351 1810 1519 1848 vindicat
1538 1811 1638 1848 Era-

108 1858 280 1895 tosthenis
313 1857 521 1901 Mercurio,
553 1857 617 1893 sed
648 1857 823 1892 ultimum
855 1869 1002 1893 versum
1035 1860 1083 1904 (v.
1113 1861 1171 1903 12)
1204 1858 1253 1894 ad
1290 1858 1485 1906 Panyasin
1517 1860 1642 1895 refert.

106 1905 211 1941 Idem
234 1907 366 1951 postea
395 1903 544 1951 (Philol.
571 1903 638 1940 VII
664 1907 747 1950 750)
778 1905 816 1940 in
849 1905 980 1951 primis
1012 1906 1134 1942 verbis
1166 1902 1212 1951 δὴ
1240 1906 1312 1941 νῦν
1347 1909 1482 1952 poetae
1508 1918 1642 1944 nomen

105 1951 324 1989 delitescere
349 1950 564 1995 arbitratur,
591 1953 631 1988 et
657 1949 870 1998 Δεινάρχου
897 1952 1065 1999 corrigit,
1090 1955 1132 1990 ut
1152 1953 1358 1990 Dinarchus
1379 1953 1506 1999 epicus
1526 1957 1640 2000 poeta

104 1998 372 2046 intelligendus
397 1999 462 2036 sit:
491 1998 618 2036 Delius
643 2000 704 2036 hic
732 1999 918 2036 Dinarcho
943 2007 1091 2037 oratore
1123 2004 1215 2037 natu
1242 2001 1372 2047 maior,
1401 2000 1636 2038 Διονυσιακαὶ

106 2047 270 2094 scripsit,
301 2047 341 2083 in
371 2057 445 2092 quo
472 2047 636 2084 carmine
667 2047 782 2083 etiam
807 2048 1009 2084 Actaeonis
1035 2049 1179 2085 obitum
1205 2048 1422 2095 descripsit,
1454 2061 1566 2095 quem
1591 2051 1639 2086 ad

106 2095 294 2132 Bacchum
324 2093 472 2139 retulit,
505 2095 549 2130 cf.
584 2095 720 2131 Muller
751 2095 777 2129 F
781 2106 859 2141 rag.
886 2095 983 2132 Hist.
1008 2096 1059 2132 IV
1085 2100 1165 2132 491.
1218 2097 1267 2131 At
1298 2096 1508 2132 Dinarchus
1534 2097 1644 2133 nimis

109 2143 301 2179 obscurum
334 2153 453 2187 neque
487 2142 533 2178 de
567 2142 714 2178 Sacada
739 2142 996 2188 cogitandum,
1025 2142 1129 2180 cuius
1156 2154 1292 2179 nomen
1318 2144 1475 2179 fortasse
1501 2144 1639 2190 aliquis

104 2189 166 2226 hic
191 2189 408 2225 delitescere
434 2189 631 2225 existimet.
658 2209 702 2215 —
728 2189 772 2226 V.
791 2195 821 2225 l.
847 2186 982 2231 οὕτως·
1011 2189 1062 2227 Oi
1084 2190 1127 2227 δέ
1153 2204 1200 2227 νυ
1227 2191 1370 2237 scripsi,
1410 2202 1639 2238 quamquam

106 2237 226 2283 possis
251 2235 364 2272 etiam
391 2231 489 2272 οὕτω
516 2235 559 2272 δέ
585 2249 650 2281 νυ,
676 2238 718 2272 ut
743 2233 840 2273 οὕτω
861 2239 994 2283 poetae
1014 2239 1073 2280 sit,
1100 2238 1188 2275 libri
1209 2233 1307 2274 οὕτω
1328 2232 1466 2283 (οὗτοι)
1488 2238 1534 2285 δὴ
1555 2241 1639 2276 νῦν.

107 2305 149 2311 -
179 2284 220 2320 V.
248 2288 281 2320 2.
308 2281 427 2329 θηρός
453 2284 633 2329 Scaliger,
658 2284 772 2330 vulgo
795 2285 926 2330 θῆρες.
961 2306 1003 2312 -
1036 2285 1082 2322 V.
1108 2290 1140 2322 3.
1167 2282 1275 2322 τοῦδ’
1310 2283 1482 2322 &niumm
1509 2287 1641 2334 scripsi

106 2331 167 2375 (cf.
195 2331 354 2377 Hesych.
381 2327 560 2375 ἄάσαντο,
589 2330 787 2379 ἔβλαψαν),
812 2332 842 2367 Ρ
861 2332 927 2368 τοῦ
956 2329 992 2368 δ’
1021 2327 1071 2369 αὖ
1091 2331 1152 2378 τό,
1182 2334 1284 2369 ltabc
1306 2333 1339 2369 X
1364 2335 1430 2370 τοῦ
1458 2332 1635 2380 δάσαντο,

105 2379 139 2415 V
164 2379 231 2415 τοῦ
256 2376 458 2423 δάσαντος,
490 2379 602 2425 vulgo
628 2379 762 2415 τοῦτον
789 2376 1015 2426 ἐδάσαντος,
1048 2381 1146 2417 unde
1179 2380 1277 2417 male
1310 2383 1503 2428 corrigunt
1528 2383 1640 2419 τοῦδε

106 2424 289 2470 δάσαντο,
322 2426 420 2471 quod
447 2426 494 2462 ab
521 2426 591 2462 hoc
618 2426 700 2463 loco
732 2426 913 2471 alienum
946 2429 1059 2465 antea
1092 2425 1291 2472 ὥδάξαντο
1326 2430 1570 2466 conieceram.
1598 2452 1641 2457 —

106 2475 296 2519 κρατεροί,
322 2472 410 2509 libri
435 2474 631 2519 κρατεροῦ.
659 2494 701 2500 -
730 2474 773 2510 V.
800 2479 832 2510 4.
851 2472 1024 2511 ’Ἄλκαινα
1051 2476 1199 2522 scripsi,
1233 2473 1379 2519 ἄρκενα
1405 2477 1509 2520 libri,
1544 2478 1641 2514 unde

108 2521 278 2568 Scaliger
295 2517 451 2565 ’Ἅρπυια
477 2522 536 2565 (cf.
563 2521 734 2567 Aeschyl.
762 2534 822 2568 ap.
851 2522 990 2558 Polluc.
1019 2524 1050 2558 V
1077 2527 1122 2560 47
1151 2527 1189 2560 et
1217 2523 1324 2559 Ovid.
1350 2523 1438 2560 Met.
1468 2525 1516 2560 111
1542 2527 1640 2571 315).

107 2569 309 2615 Compares
340 2567 462 2604 Schol.
498 2569 536 2605 ll.
562 2581 585 2604 v
611 2573 673 2605 29:
714 2567 753 2605 οἷ
787 2567 900 2611 κύνες
932 2568 1110 2612 πολλάκις
1145 2569 1398 2616 ὀνομάζονται
1435 2570 1529 2618 μετὰ
1572 2574 1646 2609 τῶν

107 2614 520 2700 ’ὀξᾘῗὲἕνᾈῖιῖἴινθὲἔῗ
536 2612 962 2701 iss⁰⁰t⁶222¹⁶⁸2²32d201330⁰2
975 2616 1186 2703 {Lffl'ff‘z’
1212 2617 1386 2702 Ἆῗῆῗα
1419 2616 1644 2704 ἏὝωνοῗ·

111 2732 154 2739 -
174 2710 315 2757 πρώτα,
335 2708 428 2767 μετὰ
450 2691 593 2747 ταύταῖν
613 2707 650 2746 δ’
675 2675 818 2759 αξξ-ἱροὶ,
845 2677 958 2766 yulgo
979 2679 1119 2760 πρώττξ,
1135 2679 1240 2759 ¹223&
1263 2678 1426 2759 ταῦτξγῖῗ
1445 2678 1647 2752 ἓξὶιιξιαιιῖἰε.

135 2756 202 2795 ετᾶ
222 2756 260 2795 δ’
282 2754 332 2794 αὖ
351 2771 432 2795 ταν.
455 2779 499 2785 —-
522 2757 565 2794 V.
589 2763 621 2795 5.
649 2760 782 2799 Βαλίος
802 2759 1059 2796 Mitscherlich
1079 2761 1168 2805 (uisi
1187 2762 1288 2807 quod
1317 2760 1453 2803 Βάλιος
1469 2762 1644 2809 scripsit),

138 2806 196 2842 bri
216 2804 341 2855 βάνος.
364 2827 405 2832 -
428 2803 578 2847 αἰνετός
599 2806 705 2852 Gale,
725 2806 812 2842 libri
830 2803 976 2852 αἰνετός,
1003 2807 1048 2844 cf.
1068 2808 1275 2844 Antimach.
1296 2820 1355 2866 ap.
1374 2809 1483 2845 Paus.
1499 2810 1644 2847 V1125:

110 2851 231 2895 πόδας
250 2850 385 2890 αἰνετῶ
407 2850 546 2899 ἤλασεν
566 2854 684 2899 ἵππω,
704 2855 743 2889 et
762 2865 821 2900 ap.
843 2854 965 2892 Schol.
986 2854 1028 2891 11.
1050 2856 1074 2891 ὃ
1093 2859 1179 2892 239:
1207 2860 1347 2902 Δεῖμος
1365 2853 1400 2892 τ’
1423 2854 1490 2903 ἠδὲ
1508 2855 1642 2907 Φόβος,
