1864 3126
223 135 307 176 112
543 192 544 195 Ἴ
734 108 736 111 ’
786 135 979 173 pomus
1004 135 1182 174 MELIOI.

314 244 404 286 τῶν
437 243 482 286 ἐκ
514 246 719 300 Πιερίας,
751 241 848 287 ἀλλ’
883 242 1060 300 (ἐφάνης
1090 242 1174 300 κήν
1201 242 1324 288 Ἀΐδα
1357 243 1511 302 δόμοις
1673 259 1742 292 899
1790 302 1794 303 7

314 311 540 368 φοιτάσεις
571 310 666 356 πεδ’
702 311 916 371 ἆμαύρων
947 313 1121 359 νεκύων
1153 315 1490 373 ἐκπεποταμένα.

947 422 1014 465 69.

316 498 427 545 Οὐδ’
449 506 538 554 ,ἴαν
570 503 794 559 δοκίμοιμι
826 506 1121 561 προσίδοισαν
1152 502 1267 560 φάος
1298 502 1408 548 ἆλίω

313 575 522 616 ἔσσεσθαι
555 576 721 630 σοφίαν
751 572 982 632 πάρθενον
1015 577 1076 627 εἰς
1108 572 1272 619 οὐδένα
1303 591 1370 619 πω
1402 577 1566 635 χρόνον

311 689 534 735 τοιαύταν.

874 765 941 807 70.
975 765 1081 819 [23]

315 849 391 897 Τίς
422 843 463 890 δ’
500 843 734 904 ἀγροιῶτίς
765 863 831 890 τοι
863 846 1015 902 θέλγει
1046 845 1178 903 νόον,

312 915 393 962 οὐκ
426 918 690 974 ἐπισταμένα
721 915 772 960 τὰ
804 915 954 975 βράκε’
991 920 1123 974 ἕλκην
1155 918 1224 963 ἐπὶ
1255 921 1346 963 τῶν
1378 918 1585 977 σφύρων;

217 1048 387 1093 Hartung
413 1044 565 1093 οὐδεμί’
594 1044 693 1082 οὐδ’.
721 1068 763 1072 -
792 1049 835 1095 βρ
839 1044 938 1082 όδων
964 1047 1125 1088 Brunck,
1151 1060 1183 1082 v.
1211 1045 1345 1094 ῤ’όδων.
1373 1048 1426 1084 Cf.
1448 1049 1560 1086 Orion
1582 1052 1661 1092 140
1683 1053 1738 1086 18.

217 1116 259 1120 —
285 1094 458 1140 πεδέχεις
482 1095 580 1130 Plut.
607 1095 725 1138 codd,
752 1094 854 1130 Stob.
882 1093 1058 1151 μετέχεις.
1104 1063 1230 1130 (3101111)
1232 1096 1302 1152 ‚;A¹
1328 1095 1438 1131 Paed.
1464 1096 1498 1131 II
1524 1076 1739 1156 213111όδῳ

215 1140 282 1183 τὰς
313 1141 472 1183 Μούσας
502 1139 651 1186 Σαπφώ
684 1140 929 1186 καταστέφει·
969 1139 1019 1177 οὐ
1055 1139 1129 1187 γὰρ
1166 1139 1242 1177 ἄπ’
1279 1140 1396 1188 ἀρχῆς
1429 1140 1552 1188 ρόδων
1585 1143 1660 1178 τῶν
1695 1141 1737 1180 ἐκ

210 1191 495 1247 περιεργίας.
546 1200 641 1234 quae
679 1188 857 1224 librorum
894 1190 1029 1224 menda
1065 1190 1204 1224 dudum
1242 1193 1328 1225 sunt
1365 1191 1530 1234 sublata,
1574 1191 1638 1226 sed
1676 1191 1740 1236 qui

210 1234 350 1283 Ερμῆν
388 1234 514 1281 λόγιον
547 1236 564 1270 Ι
595 1239 664 1271 428
696 1235 914 1281 inspexerit,
950 1235 1129 1272 Cobetum
1161 1236 1320 1281 primum
1351 1238 1423 1273 1100
1454 1218 1591 1273 vidisse
1622 1238 1740 1273 credi-

215 1285 322 1319 derit.
343 1305 387 1310 -
414 1284 455 1320 V.
476 1288 509 1319 3.
535 1297 582 1329 κη
570 1281 619 1328 ’,ν
645 1295 704 1329 ap.
726 1283 828 1319 Stob.
848 1283 881 1317 A
900 1283 1005 1319 Voss
1026 1283 1118 1329 κείν,
1144 1281 1464 1330 Ηο01101κής.”
1489 1282 1596 1328 Ἀΐδα,
1624 1282 1739 1320 αΐδαο

215 1333 264 1376 A,
291 1331 425 1367 deinde
453 1331 551 1367 Voss.
560 1297 856 1376 ηδόμοφοίτασις.
889 1351 932 1356 -—
972 1331 1016 1367 V.
1042 1335 1074 1366 4.
1107 1313 1195 1367 πεδ’
1225 1298 1443 1376 Salmasius,
1478 1344 1512 1367 v.
1538 1329 1660 1369 παῖδ’.
1691 1353 1739 1358 -

214 1379 258 1414 V.
278 1382 310 1415 5.
338 1376 625 1423 ἐκπεποταμένα
646 1379 677 1412 Α
698 1378 813 1421 Voss„
840 1378 953 1424 vulgo
980 1375 1306 1423 ἐκπεποταμέναν
1318 1378 1472 1424 (Gesner
1496 1391 1539 1414 ex
1564 1379 1737 1424 interpol.

215 1423 343 1466 οὐδεὶς
369 1424 411 1461 δέ
437 1438 477 1461 σε
506 1424 636 1479 βλέψει
661 1422 769 1460 παῖδ’
798 1422 861 1481 ἄμ.
887 1438 919 1461 ν.
947 1422 1283 1471 ἐκπεποταμέναν).

311 1474 370 1508 Fr.
399 1477 454 1508 69.
506 1472 700 1518 Chrysipp.
727 1471 814 1517 περὶ
838 1469 1088 1518 ἀποφατικῶν
1117 1477 1177 1508 13:
1211 1472 1248 1508 εἰ
1270 1470 1419 1518 Σαπφὼ
1446 1487 1565 1514 ουτως
1589 1470 1738 1520 ἀπεφη-

213 1533 323 1556 νατο
358 1517 455 1556 Οὐδ’
488 1521 551 1555 ἴαν
583 1520 775 1565 δοκίμοιμι
805 1522 899 1564 κτλ.,
935 1520 1000 1555 ubi
1030 1520 1175 1556 Ahrens
1207 1522 1391 1566 δοκίμωμι
1423 1521 1589 1567 scripsit,
1626 1533 1738 1567 quam

215 1569 372 1603 formam
399 1566 643 1603 Choerobosc.
670 1566 726 1612 Ep
728 1567 790 1602 im.
817 1566 852 1600 Π
877 1571 958 1604 842.
1009 1567 1128 1605 Cram.
1155 1569 1225 1604 An.
1254 1568 1321 1604 Ox.
1347 1568 1397 1603 IV
1424 1573 1505 1614 341,
1531 1572 1577 1604 20
1602 1580 1737 1604 memo-

213 1616 318 1672 rant,
349 1615 560 1673 legiturque
591 1614 630 1649 in
663 1613 845 1649 Bal-hillae
878 1615 1039 1650 carmine
1065 1615 1104 1650 in
1129 1615 1335 1650 Memnonis
1361 1597 1523 1651 coloss6·
1555 1612 1637 1651 αλλ’
1665 1614 1736 1661 ἔγω

214 1660 259 1698 οὐ
280 1664 465 1708 δοκίμωμι
485 1661 610 1697 σέθεν.
647 1660 698 1696 At
717 1660 822 1696 nulla
841 1663 898 1696 est
917 1673 1039 1706 causa,
1060 1674 1125 1697 cur
1143 1663 1299 1698 alteram
1319 1662 1477 1698 formam
1495 1663 1739 1699 Aeolensibus

212 1709 479 1754 abiudicemus,
504 1709 569 1754 qui
594 1708 642 1744 ad
668 1709 826 1744 eundem
845 1709 997 1744 modum
1017 1709 1128 1744 etiam
1150 1711 1302 1755 δίδοιμι,
1330 1712 1369 1745 01,
1388 1709 1560 1745 similiter
1577 1709 1738 1756 γέλαιμι,

211 1755 411 1803 πλάναιμι,
436 1738 596 1802 minuam
620 1755 809 1798 dixerunt,
839 1767 934 1800 quae
960 1756 1131 1802 exempla
1154 1756 1405 1801 locupletibus
1429 1757 1652 1793 testimoniis
1677 1757 1735 1792 fir·

212 1806 315 1840 mata
346 1806 449 1839 sunt:
486 1815 529 1839 ac
554 1804 680 1838 tuetur
704 1803 771 1838 has
795 1803 933 1838 formas
958 1803 1073 1839 etiam
1098 1803 1136 1839 L
1163 1769 1288 1838 Hirzlisl
1313 1804 1359 1839 de
1384 1803 1472 1840 dial.
1499 1805 1603 1840 Aeol.
1629 1817 1664 1850 p.
1690 1808 1736 1839 24

212 1854 251 1887 01,
275 1855 332 1887 56.
381 1850 494 1886 Aliud
529 1850 739 1895 exemplum
772 1861 883 1895 supra
913 1850 957 1886 fr.
983 1854 1028 1886 37
1061 1851 1180 1895 extat,
1219 1850 1283 1886 ubi
1312 1851 1351 1886 in
1382 1851 1522 1886 tradita
1553 1852 1738 1897 scriptura

215 1900 328 1941 δοκεῖ
341 1911 403 1944 μοι
423 1898 484 1934 vel
504 1899 653 1943 δοκίμοι
671 1897 732 1932 vel
751 1897 971 1942 δοκίμοιμ(ι)
989 1898 1192 1942 delitescit,
1218 1909 1262 1933 ac
1280 1898 1393 1933 tertia
1411 1899 1561 1943 quidem
1580 1909 1739 1944 persona.

211 1945 270 1981 bis
294 1945 462 1991 legitur
452 1957 489 1980 m
509 1944 700 1980 Theocriti
726 1944 887 1979 carmine
908 1945 1040 1980 melico
1065 1944 1166 1979 XXX
1190 1957 1224 1981 v.
1245 1949 1291 1980 25
1315 1946 1354 1980 et
1373 1949 1429 1990 26,
1456 1946 1521 1981 ubi
1546 1946 1583 1980 in
1609 1946 1736 1982 codice

211 1994 341 2028 eadem
373 1992 585 2038 corruptela
616 1992 726 2027 δοκεῖ
751 2004 815 2036 μοι
845 1995 1008 2036 reperta,
1047 1991 1138 2028 item
1163 1992 1401 2038 participium
1435 1994 1604 2038 δοκίμοις
1635 2005 1682 2038 ap
1684 1993 1734 2028 ud

211 2041 365 2075 Theocr.
391 2038 513 2074 XXIX
544 2043 587 2074 19
618 2038 886 2074 restituendum
919 2051 999 2074 esse
1032 2038 1240 2084 suspicatus
1266 2051 1358 2074 sum.
1406 2039 1474 2075 Est
1497 2040 1598 2075 haud
1623 2040 1735 2075 dubie

210 2099 255 2123 ex
281 2088 413 2123 eodem
438 2086 614 2132 carmine,
639 2098 684 2121 ex
709 2098 782 2131 quo
807 2086 850 2120 fr.
878 2089 933 2122 68.
961 2107 1005 2112 —
1031 2086 1074 2122 V.
1101 2090 1134 2122 2.
1162 2084 1358 2132 ἔσσεσθαι,
1382 2086 1529 2122 Hecker
1552 2085 1735 2132 γένεσθαι

207 2146 274 2180 leq
276 2134 375 2172 uirit.

304 2183 363 2218 Fr.
391 2186 445 2217 70.
496 2182 632 2218 Athen.
659 2181 803 2217 1210.
842 2178 991 2226 Σαπφώ
1024 2179 1127 2237 περὶ
1149 2177 1445 2240 Ἀνδρομέδας
1469 2176 1647 2217 σκώπτει·
1679 2182 1735 2222 τίς

211 2226 250 2265 δ’
279 2227 455 2275 ἄγριῶτίς
479 2225 692 2274 (ἀγροιῶτις
718 2229 790 2273 ΒΟ)
815 2242 874 2264 τοι
897 2228 1030 2274 θέλγει
1053 2226 1144 2263 νόον
1170 2225 1239 2264 οὐκ
1266 2225 1492 2286 επισταμένη
1516 2226 1563 2264 τὰ
1590 2226 1734 2276 βράκεα

211 2277 318 2313 ἕλκεν
343 2276 482 2322 (ἕλκειν
507 2276 582 2320 ΒΟ)
609 2273 1009 2332 έ.τ.σφ.01”.Ε1181;
1031 2279 1134 2319 1916,
1154 2279 1199 2310 49
1225 2275 1290 2310 ubi
1314 2272 1510 2322 αγροιῶτις
1534 2276 1672 2320 legitur
1695 2278 1735 2311 et

209 2338 267 2360 τοι
292 2324 485 2367 011118811111,
517 2323 713 2359 Philemon
739 2329 779 2359 61
814 2323 879 2358 ubi
910 2319 981 2368 ἆγρ
984 2323 1105 2363 ειῶτις
1131 2324 1169 2358 et
1195 2321 1309 2367 ἕλκει,
1341 2323 1553 2368 pariterque
1579 2336 1635 2358 τοι
1660 2334 1732 2359 0111.

211 2371 388 2428 Respicit
411 2371 484 2406 huc
510 2370 658 2407 Maxim.
685 2370 770 2416 Tyr.
797 2370 913 2406 XXIV
942 2374 980 2405 9:
1019 2371 1209 2427 Κωμὼδει
1234 2350 1464 2427 (Σωκράτης)
1500 2369 1621 2415 σχῆμά
1658 2383 1732 2405 που

209 2418 274 2454 καὶ
292 2416 510 2454 κατάκλισιν
529 2418 722 2463 σοφιστοῦ,
717 2383 813 2453 γκαὶ
832 2430 927 2462 αντη
947 2414 1144 2463 (Σαπφώ)·
1172 2418 1226 2457 τίς
1245 2414 1283 2452 δ’
1305 2414 1504 2470 ἀγροιῶτιν
1531 2417 1624 2460 (cod.
1645 2417 1728 2455 Par.

210 2464 253 2501 δε
280 2463 516 2512 ἆγροιωτειν)
543 2463 735 2511 ἐπεμμένα
760 2462 1070 2510 στόλην,(11111)ι18
1096 2464 1263 2510 plerique
1288 2464 1343 2500 ita
1368 2463 1426 2499 1181
1450 2465 1552 2507 sunt,
1578 2466 1620 2500 ut
1644 2475 1730 2499 con-

208 2513 406 2572 iungerent
436 2524 519 2548 cum
552 2513 763 2569 fragmento
795 2512 894 2569 apud
919 2512 1170 2556 Athenaeum,
1209 2510 1311 2547 velut
1340 2512 1420 2567 ipse
1452 2510 1542 2546 olim
1573 2511 1730 2546 conieci:

210 2558 360 2616 (”Ατθι),
397 2561 452 2600 τίς
489 2558 531 2595 δέ
563 2556 599 2595 σ’
633 2556 832 2604 ἀγροιῶτις
862 2556 1062 2604 αγροιῶτιν
1097 2557 1299 2616 έπεμμένα
1314 2556 1468 2594 Σπόλαν
1494 2584 1502 2592 .
1530 2557 1732 2616 ..θέλγει

209 2606 302 2643 νόον
328 2635 336 2643 .
365 2636 372 2644 .
400 2634 407 2642 .
435 2620 503 2642 ουκ
530 2604 586 2642 ἐπ.
613 2610 687 2642 κτλ.
737 2607 879 2642 Ahrens
904 2605 1034 2651 (Ἄτθι)
1059 2607 1114 2647 τίς
1138 2604 1180 2641 δ’
1206 2602 1395 2665 ἄγρόωτίν
1416 2617 1455 2640 σε
1482 2601 1573 2640 νόον
1598 2603 1729 2662 θέλγει

210 2651 404 2713 έπεμμένα
436 2667 506 2689 ουκ
541 2651 618 2699 έπ.,
652 2655 824 2699 Hartung
854 2655 909 2694 τίς
937 2652 1070 2699 θέλγει
1099 2650 1190 2688 νόον
1221 2665 1443 2702 αγροιοτερα
1477 2664 1534 2686 τοι
1569 2649 1729 2687 σπολάδ’

210 2698 364 2748 ἕμμένα.
391 2702 456 2737 sed
475 2702 658 2737 Maximus
678 2701 825 2736 videtur
849 2700 1063 2736 memoriter
1087 2701 1312 2736 sententiam
1329 2699 1475 2735 tantum
1495 2699 1730 2744 indicavisse,

209 2760 335 2785 versus
364 2753 381 2784 1
408 2749 563 2785 fortasse
587 2748 676 2784 fuit:

495 2808 561 2847 Τίς
584 2805 627 2842 δὲ
653 2805 784 2852 θέλγει
807 2804 1004 2852 ἀγροιῶτις
1027 2823 1051 2840 υ
1075 2836 1098 2841 -
1123 2835 1146 2841 -
1169 2823 1194 2841 υ
1215 2823 1241 2841 υ
1264 2819 1321 2842 τοι
1339 2802 1445 2842 νόον.

211 2877 254 2914 V.
281 2882 314 2913 2.
342 2876 570 2923 ἐπισταμένα
597 2879 634 2912 et
660 2877 770 2923 ἕλκην
796 2879 911 2924 Neue,
938 2877 1049 2923 vulgo
1075 2875 1300 2924 ἐπισταμένη
1326 2878 1365 2912 et
1390 2876 1523 2913 ἕλκειν.
