1864 3126
255 131 343 173 386
542 131 544 135 ’
824 131 1016 168 ΡΟΕΤΑΕ
1041 132 1218 169 MELICI.

1588 244 1695 297 Στρ.
1725 239 1779 286 α’.

308 350 309 353 ,
336 306 491 365 ’Ἀνὸρ’
527 306 708 365 ἀγαθὸν
739 308 821 366 μὲν
853 307 1058 366 ἀλαθέως
1089 310 1299 366 γενέσθαι
1686 323 1777 356 1115

347 375 539 434 χαλεπὸν
576 382 728 436 χερσίν
765 397 810 423 τε
847 379 921 423 καὶ
958 380 1062 424 ποσὶ
1099 381 1172 424 καὶ
1203 381 1296 440 νόῳ
1329 380 1631 439 τετράγωνον,
1667 379 1780 426 ἄνευ

1103 450 1250 508 ψόγου
1280 453 1566 509 τετυγμένον·
1589 479 1593 483 «

348 517 478 571 ὅςᾶν
505 514 532 578 ᾗ
560 518 692 572 κακὸς
716 518 819 577 μηδ’
849 519 964 577 ἄγαν
992 519 1272 578 ἀπάλαμνος,
1299 521 1428 574 εἰδώς
1453 521 1493 579 γ’
1517 520 1779 567 ὀνασίπολιν

1105 595 1235 636 δίκαν
1687 606 1777 639 1116

251 699 319 734 hac
345 698 486 734 invidia
517 700 560 733 ut
586 699 744 744 Scopam
776 698 952 734 liberaret
983 701 1096 744 poeta
1127 700 1201 736 hoc
1233 711 1380 735 carmen
1418 700 1642 746 composuit,
1679 699 1780 745 quod

250 757 326 781 non
362 746 433 783 fuit
464 745 681 791 epinicium,
726 746 791 781 sed
832 747 1144 800 quemadmodum
1183 749 1328 783 veteres
1358 747 1595 793 grammatici
1625 746 1777 783 Pindari

251 793 421 838 epiniciis
448 793 561 828 etiam
587 794 825 838 paraenetica
850 794 1015 829 carmina
1045 794 1193 839 aliaque
1225 795 1264 830 id
1295 806 1410 840 genus
1440 795 1690 839 inseruerunt,
1720 795 1778 830 ita

252 840 509 876 Simonideum
547 852 692 886 quoque
723 852 866 886 poema
902 842 1000 876 hunc
1037 841 1161 877 locum
1200 843 1393 878 commode
1431 841 1635 885 obtinebit,
1678 842 1778 886 quod

251 890 395 924 veteres
425 899 571 932 quoque
609 887 813 923 verisimile
848 890 906 924 est
935 900 1012 924 non
1043 889 1272 934 separavisse
1305 901 1328 924 a
1359 888 1513 946 reliquis
1551 853 1778 924 carminibus

248 936 288 971 in
321 935 464 981 Scopae
501 936 680 971 honorem
714 936 883 981 conditis.
943 936 1087 971 Blassio
1121 948 1268 972 carmen
1303 934 1452 972 σκολιὸν
1482 936 1595 972 fuisse
1619 937 1778 972 videtur.

250 1004 292 1009 —
319 983 363 1018 V.
392 987 422 1018 1.
469 981 549 1028 μὲν
576 994 646 1017 0111.
676 984 717 1018 Θ.
746 1004 790 1008 -
816 978 1008 1028 ἀλαθέως,
1035 980 1230 1025 εὐλαθέως
1255 996 1285 1020 0.
1314 1006 1357 1010 -
1384 985 1426 1021 V.
1452 988 1486 1019 2.
1524 985 1667 1030 χερσίν,
1691 983 1780 1020 libri

248 1031 360 1075 χερσί.
388 1050 430 1055 —-
458 1030 546 1065 ποσὶ
571 1030 647 1074 καὶ,
673 1030 760 1086 ποσὶ
786 1031 988 1074 BCErwye.
1027 1052 1074 1056 —
1110 1029 1251 1088 ψόγου,
1289 1030 1402 1076 λόγου
1441 1043 1473 1066 w
1512 1043 1535 1066 a
1571 1042 1684 1067 manu
1723 1043 1777 1088 pr.

251 1078 305 1114 Cf.
337 1077 445 1113 Plato
483 1081 553 1112 344
583 1079 632 1112 A:
681 1074 725 1112 οὗ
769 1075 840 1123 γὰρ
885 1082 1001 1120 εἰναι,
1045 1076 1138 1113 ἀλλὰ
1169 1077 1383 1135 γενέσθαι
1407 1077 1475 1124 μέν
1520 1075 1619 1114 ἔστιν
1662 1074 1776 1124 ανδρ’

247 1122 401 1170 ἀγαθὸν
433 1126 539 1170 χερσί
566 1138 603 1160 τε
636 1125 700 1159 καὶ
735 1125 821 1160 ποσὶ
853 1125 918 1160 καὶ
955 1124 1030 1173 νόῳ
1069 1123 1319 1171 τετράγωνον,
1358 1123 1453 1161 α”νεν
1491 1124 1614 1171 ψόγου
1651 1138 1781 1170 τετυγ-

248 1186 375 1230 μενον,
415 1169 578 1217 χαλεπὸν
613 1169 790 1212 ἀλαθέως
828 1162 1033 1232 (αληθέως
1042 1174 1170 1218 ΣΕνν).
1233 1174 1340 1208 Adde
1371 1174 1478 1219 Diog.
1512 1174 1633 1208 Laert.
1667 1174 1684 1208 I
1717 1177 1778 1209 76:

249 1218 332 1255 εἰπέ
359 1232 396 1255 τε
425 1216 640 1276 (Πιττακὸς)
667 1217 831 1264 χαλεπὸν
853 1217 996 1255 ἐσθλὸν
1013 1218 1182 1266 ἔμμεναι
1208 1215 1252 1256 οὗ
1274 1221 1339 1256 καὶ
1357 1221 1572 1277 Σιμωνίδης
1591 1219 1777 1278 μέμνηται

246 1265 383 1323 λέγων·
409 1265 534 1323 ανδρα
560 1280 595 1303 α.
623 1265 717 1323 (μὲν
728 1268 814 1312 0111.)
841 1265 898 1302 αλ.
924 1266 1106 1322 γενέσθαι
1125 1267 1288 1324 χαλεπὸν
1307 1266 1348 1303 τὸ
1371 1266 1612 1303 Πιττακειον·
1639 1265 1777 1324 μέμνη-

247 1328 309 1349 ται
335 1311 371 1349 6'
400 1310 518 1349 αὐτοῦ
545 1314 610 1348 καὶ
634 1311 795 1349 Πλάτων
822 1311 862 1350 ἐν
889 1312 1141 1364 Πρωταγόρᾳ
1168 1312 1318 1364 ἀνάγκᾳ
1345 1312 1382 1350 6'
1411 1311 1500 1350 οὐδὲ
1526 1315 1613 1350 θεοὶ
1639 1327 1778 1371 μαχον-

249 1361 500 1453 v2(¹2¹{2.¹}‚‘}3.
518 1372 680 1443 ‘ffr‘fflssoi
685 1361 911 1445 1³33...ng
921 1352 1776 1466 1⁰508¹1¹¹1³⁰¹izh2t²ii1ei1s''sfiploeff‘issmgssss

250 1457 348 1491 Flor
375 1455 491 1490 XLVI
518 1460 573 1490 51.
608 1455 738 1491 Iulian.
768 1456 870 1492 Caes.
897 1461 964 1492 333
990 1457 1031 1491 B
1063 1457 1234 1492 Damaso.
1261 1468 1318 1502 ap.
1347 1456 1448 1493 Suid.
1474 1469 1508 1492 v,
1534 1454 1776 1502 τετράγωνος.

247 1504 352 1539 Eust.
380 1504 422 1538 11.
442 1507 524 1547 475,
544 1507 600 1540 31.
627 1524 671 1528 -
699 1503 743 1540 V.
764 1507 832 1538 3—
837 1508 862 1556 7.
883 1504 953 1539 hoc
979 1504 1061 1539 loco
1086 1504 1236 1549 inserui,
1262 1505 1373 1549 idque
1400 1504 1514 1540 etiam
1537 1515 1635 1539 nunc
1659 1505 1778 1548 tueor,

250 1551 421 1596 quamvis
453 1551 574 1596 possit
597 1550 735 1595 aliquis
763 1550 944 1596 suspicari
976 1552 1067 1586 haec
1100 1552 1148 1587 ad
1173 1554 1346 1596 quartam
1371 1552 1561 1596 stropham
1585 1551 1780 1587 referenda

248 1610 346 1641 esse,
380 1599 422 1633 ut
453 1598 594 1643 pariter
626 1600 792 1633 extrema
822 1610 908 1643 pars
946 1598 1088 1644 primae
1114 1600 1289 1645 strophae
1315 1601 1427 1644 atque
1452 1598 1600 1634 initium
1625 1598 1779 1644 quartae

248 1646 424 1691 strophae
450 1645 557 1680 desit.
608 1645 738 1702 Neque
766 1646 909 1680 Blassio
934 1646 1224 1691 assentiendum,
1252 1647 1317 1691 qui
1337 1657 1504 1682 assensus
1523 1646 1616 1680 mihi
1635 1657 1675 1682 v.
1684 1649 1777 1682 3-7

249 1694 336 1728 ante
363 1693 556 1738 stropham
582 1689 672 1727 οὐδέ
699 1706 763 1738 μοι
790 1690 976 1738 ἐμμελέως
1000 1696 1073 1728 κτλ.
1101 1695 1147 1738 (v.
1175 1699 1196 1729 8
1216 1697 1305 1738 seq)
1332 1705 1412 1730 esse
1437 1693 1690 1737 collocandos,
1717 1693 1777 1728 hic

248 1743 391 1785 septem
429 1752 555 1775 versus
594 1739 750 1775 omissos
789 1751 868 1775 esse
910 1740 1128 1784 arbitr-,atur
1167 1741 1299 1785 quibus
1332 1742 1446 1786 poeta
1476 1740 1696 1776 Thessalum
1725 1739 1778 1776 sit

247 1787 401 1830 affatus;
427 1790 467 1822 at
487 1788 695 1823 sententiae
722 1787 872 1823 omnino
892 1788 970 1822 tam
991 1790 1096 1823 arcta
1113 1789 1334 1824 necessitate
1353 1789 1501 1823 vinctae
1521 1789 1617 1831 sunt,
1642 1788 1686 1823 ut
1702 1799 1776 1824 non

249 1835 298 1870 sit
328 1815 529 1870 verisimile
561 1835 727 1870 ordinem
753 1835 851 1870 hunc
876 1835 1016 1870 iustum
1047 1836 1373 1880 continentemque
1404 1834 1611 1871 orationem
1641 1835 1777 1871 direm-

247 1886 326 1917 tam
352 1893 430 1917 esse
457 1882 584 1926 ampla
609 1882 680 1917 hac
705 1881 950 1926 allocutione,
980 1894 1054 1927 qua
1078 1883 1197 1918 multo
1223 1881 1454 1925 commodius
1479 1883 1603 1927 ipsum
1630 1893 1778 1918 carmen

248 1929 416 1965 inchoari
442 1929 565 1964 licuit:
608 1940 693 1964 nam
719 1940 814 1974 quae
839 1929 945 1963 Blass
971 1941 1006 1974 p.
1035 1933 1104 1964 328
1131 1931 1290 1975 profert,
1321 1931 1364 1965 ut
1389 1930 1564 1965 ostendat
1587 1941 1662 1964 non
1686 1929 1777 1965 satis

249 1978 335 2022 apte
362 1989 396 2012 v.
424 1981 444 2012 3
471 1976 648 2011 continuo
675 1976 866 2021 excepisse
903 1989 938 2011 v.
976 1981 993 2010 1
1027 1978 1066 2011 et
1097 1981 1135 2020 2,
1174 1988 1247 2012 non
1283 1977 1443 2012 multum
1481 1977 1618 2012 valent.
1680 1976 1778 2012 Illud

249 2024 399 2059 omnino
430 2023 737 2068 improbandum,
769 2024 868 2068 quod
895 2022 1212 2059 Schleiermacher
1243 2025 1370 2059 censet
1400 2024 1467 2059 hos
1499 2035 1627 2059 versus
1651 2025 1777 2068 (3-7)

248 2071 412 2106 medium
439 2071 606 2106 obtinere
637 2070 759 2105 locum
791 2070 889 2106 inter
920 2075 1027 2106 v.14
1053 2073 1091 2106 et
1114 2083 1148 2107 v.
1177 2075 1237 2107 15.
1274 2071 1369 2106 nihil
1405 2071 1503 2106 enim
1539 2071 1702 2128 probant
1732 2081 1778 2106 ea

248 2119 570 2222 ‘2322122‘223443
586 2117 893 2206 322.¹¹¹2⁰}„{023079⁷
912 2117 1055 2221 ,ῗέἷῗῖα
1070 2116 1535 2223 ἳῗὴὼῇἒμῖἷτὲἳῦῑέιῖξζῗ
1542 2129 1702 2222 ’γέρσῗέ
1717 2130 1777 2210 ..⁰32

253 2214 436 2258 πολλαχῇ
463 2210 557 2248 αλλὰ
584 2209 643 2248 ὅτι
669 2212 733 2248 καὶ
759 2209 872 2252 αυτὸς
896 2213 962 2247 καὶ
986 2210 1032 2247 τὰ
1059 2211 1152 2258 μέσα
1176 2209 1426 2270 ἀποδέχεταιμ
1441 2225 1531 2248 ωστε
1553 2210 1602 2257 μὴ
1621 2210 1776 2269 ψέγειν·

251 2261 326 2296 καὶ
355 2259 405 2296 οὐ
433 2260 563 2317 ζητῶ,
591 2259 676 2317 ἔφη,
693 2258 987 2316 πανάμωμον
1007 2257 1268 2315 ανθρωπον,
1293 2273 1384 2305 ευρ.
1404 2273 1436 2296 ο.
1456 2273 1489 2297 κ.
1511 2259 1568 2296 αἰ
1587 2257 1775 2316 χθονός·

251 2305 405 2343 ἔπειθ’
446 2305 564 2364 ὑμῖν
592 2304 738 2363 εὑρών
777 2303 1056 2364 απαγγελέω.
1120 2304 1212 2344 ὥστε
1250 2306 1384 2343 τούτου
1416 2304 1452 2352 γ’
1487 2306 1602 2343 ἕνεκα
1634 2303 1775 2342 ουὸένα

250 2353 515 2412 ἐπαινέσομαι,
542 2351 634 2390 ἄλλά
661 2367 723 2399 μοι
751 2351 911 2414 ἐξαρκεῖ,
937 2352 986 2390 (iv
1012 2349 1037 2401 ᾗ
1064 2353 1174 2399 μέσος
1198 2355 1263 2390 καὶ
1288 2353 1407 2400 μηδὲν
1433 2351 1552 2390 κακὸν
1583 2354 1693 2400 ποιῇ,
1725 2350 1775 2394 ὦς

251 2401 322 2447 ἐγώ
348 2416 494 2443 παντας
527 2400 644 2447 φιλέω
676 2400 740 2436 καὶ
773 2399 969 2457 έπαίνημι,
1007 2402 1071 2436 καὶ
1100 2403 1145 2460 τῇ
1180 2403 1288 2458 φωνῇ
1321 2401 1492 2438 ἐντανθα
1523 2400 1700 2446 κέχρηται
1729 2401 1774 2446 τῇ

249 2451 323 2485 τῶν
348 2450 627 2507 Μυτιληναίων,
661 2446 709 2489 ὡς
734 2446 828 2493 πρὸς
852 2446 1042 2484 Πιττακὸν
1066 2448 1186 2493 λέγων
1211 2447 1252 2485 τὸ
1279 2447 1453 2490 πάντας
1478 2448 1526 2484 δὲ
1553 2437 1774 2503 ἐπαίνημι

250 2497 326 2532 καὶ
351 2496 491 2542 φιλέω
519 2493 633 2532 §nstv
659 2494 846 2553 (ἐνταῦθα
872 2498 937 2532 δεῖ
957 2493 998 2532 ἐν
1024 2498 1073 2531 τῶ
1101 2494 1215 2533 έκών
1228 2498 1436 2556 διαλαβεῖν
1462 2494 1652 2541 λέγοντα),
1675 2507 1774 2535 οστις

252 2544 341 2591 ἔρδῃ
368 2543 488 2589 μηδὲν
514 2541 693 2603 αἰσχρόν,
705 2557 810 2579 ακων
837 2540 872 2579 δ’
903 2543 1002 2579 ἔστιν
1028 2533 1094 2585 οὓς
1109 2541 1192 2601 ἐγω
1220 2541 1360 2580 ἐπαινῶ
1388 2543 1452 2579 καὶ
1477 2543 1591 2588 φιλῶ·
1623 2540 1664 2577 σὲ
1691 2537 1772 2587 οὖν,

249 2592 315 2627 καὶ
335 2591 370 2627 εἰ
387 2591 507 2647 μέσως
533 2590 657 2636 ἔλεγες
677 2587 823 2651 ἐπιεικῆ
844 2591 909 2626 καὶ
929 2588 1068 2637 αληθῆ,
1095 2606 1123 2626 ω
1144 2592 1321 2635 Πιττακέ,
1347 2588 1418 2627 οὐκ
1435 2587 1484 2626 ἄν
1503 2602 1593 2626 ποτε
1614 2588 1771 2646 ἔψεγον·

250 2640 321 2674 νῦν
346 2639 400 2683 65⁷
428 2637 576 2683 σφόδρα
602 2637 672 2683 γὰρ
698 2638 763 2673 και
788 2637 874 2681 περὶ
905 2639 977 2673 τῶν
1009 2640 1193 2684 μεγίστων
1223 2620 1460 2684 ’ψευὲόμενος
1490 2638 1615 2677 δοκεῖς
1643 2633 1772 2681 αληθῆ

249 2687 385 2731 λέγειν,
412 2685 475 2721 διὰ
497 2686 616 2720 ταῦτα
637 2685 676 2721 σε
704 2683 775 2730 ἐγὼ
802 2684 919 2730 ψέγω.
963 2686 1068 2731 haec,
1093 2687 1256 2731 inquam,
1280 2685 1377 2721 nibil
1401 2684 1570 2730 probant,
1595 2685 1772 2728 quoniam

253 2733 491 2769 manifestum
524 2734 597 2776 est,
623 2732 819 2768 Platonem
846 2733 907 2768 hie
932 2733 1119 2768 liberrime
1146 2745 1286 2779 suoque
1310 2733 1483 2768 instituto
1509 2731 1773 2767 convenienter

255 2780 485 2816 Simonideas
511 2780 715 2816 sententias
736 2780 972 2825 disposuisse.
1018 2781 1068 2816 Ut
1087 2781 1280 2816 credamus
1299 2780 1490 2826 stropham
1509 2783 1530 2814 3
1551 2780 1599 2823 (v.
1617 2778 1770 2823 15—21)

252 2827 427 2863 continuo
454 2829 539 2873 post
564 2828 756 2873 stropham
775 2830 796 2862 2
821 2829 868 2872 (v.
889 2831 955 2863 8-
962 2829 1020 2872 14)
1045 2828 1266 2864 collocatam
1291 2827 1405 2862 fuisse
1429 2837 1503 2862 non
1528 2826 1647 2880 solum
1673 2837 1771 2861 eom-

252 2875 382 2910 modus
410 2875 675 2910 sententiarum
702 2875 790 2910 ordo
811 2874 954 2921 suadet,
979 2875 1045 2910 sed
1064 2875 1208 2911 etiam
1198 2887 1277 2922 ipse
1296 2875 1404 2911 Plato
1423 2877 1493 2910 345
1509 2872 1548 2918 C,
1573 2873 1637 2919 qni
1655 2873 1771 2910 allato
