1864 3126
588 149 814 189 cARmNA
839 147 1130 188 POPULARIA.
1535 147 1624 192 669

821 259 891 303 35.

184 341 362 401 Γαστὴρ
395 340 504 387 ὅλον
534 340 584 386 τὸ
618 344 765 399 σῶμα,
798 343 997 399 πανταχῆ
1030 340 1206 397 βλέπων

184 412 443 472 ὀφθαλμός,
475 414 613 472 ἕρπον
644 421 737 467 τοῖς
769 410 929 458 ὀδοῦσι
959 415 1140 469 θηρίον.

818 533 889 577 36.

187 621 401 676 Τρίπους,
432 616 592 675 χύτρα,
625 620 848 674 λυχνεῖον,
881 612 1061 671 ἀκταία,
1093 612 1289 672 βάθρον,

182 687 397 747 σπόγγος,
429 688 580 746 λέβης,
613 696 845 745 σκαφεῖον,
878 685 1036 745 ὅλμος,
1068 685 1289 743 λήκυθος,
1338 742 1340 744 -

182 764 363 819 σπυρίς,
395 759 612 819 μάχαιρα,
642 763 873 818 τρυβλίον,
903 757 1092 816 κρατήρ,
1125 759 1271 815 ῥαφίς.

819 881 874 923 37
881 915 888 923 .
1531 889 1624 922 1310

169 962 347 1020 ”Efvoffi
379 966 522 1021 φακῆν
553 962 754 1021 τάριχος)
787 961 939 1020 ἰχθύς,
971 965 1203 1019 γογγυλίς)

180 1034 419 1094 σκόροδον,
451 1035 599 1092 κρέας,
629 1033 865 1090 θύννειον,
897 1032 1036 1091 ἅλμη,
1068 1033 1318 1092 κρόμμυον,

184 1105 426 1164 σκόλυμος,
459 1107 605 1162 ἐλαία,
636 1108 877 1165 καππαρίς,
908 1104 1092 1162 βολβός,
1125 1103 1278 1162 μύκης.

818 1227 888 1270 38.

168 1307 330 1367 ”Αμης,
361 1311 578 1365 πλακοῦς,
610 1311 824 1366 ἔντιλτος,
857 1313 1016 1367 ἴτριον,
1049 1306 1154 1366 ῥόα,

178 1379 287 1441 ςόόν,
319 1381 575 1439 ἐρέβινθος,
607 1379 820 1438 σησάμη,
838 1379 1000 1437 κοπτή,
1032 1378 1216 1437 βότρυς,

179 1451 327 1510 ἰσχάς,
359 1450 512 1508 ἄπιος,
544 1452 746 1510 πέρσεια,
778 1449 900 1509 μῆλ’,
932 1449 1182 1508 ἀμύγδαλα.

817 1657 887 1700 39.

180 1743 321 1783 Σῖτον
353 1739 402 1783 ἐν
434 1740 558 1798 πηλῷ
591 1737 772 1795 φύτευε·
802 1737 886 1795 τὴν
918 1737 968 1782 δὲ
997 1736 1166 1797 κριθὴν
1199 1739 1247 1782 έν
1277 1736 1417 1783 κόνει.

83 1870 146 1906 Gr.
173 1870 231 1906 ed.
258 1870 283 1906 S
286 1869 423 1927 pengel
449 1868 500 1905 111
525 1873 605 1914 253,
632 1869 864 1928 Moschopul.
886 1873 943 1906 75.
971 1890 1014 1895 -
1043 1870 1211 1906 Panare-i
1235 1868 1404 1905 vindieat
1427 1868 1566 1906 Athen.
1587 1868 1621 1903 X

82 1916 213 1953 4520.
246 1918 310 1953 καὶ
342 1930 383 1953 το
411 1897 642 1975 Πανάρκους
670 1915 708 1953 δ’
738 1914 814 1954 ἐστὶ
846 1917 1035 1975 τοιοῦτον,
1068 1914 1117 1958 ὥς
1150 1929 1242 1963 φησι
1268 1915 1458 1975 Κλέαρχος
1495 1913 1537 1952 ἐν
1570 1916 1621 1974 τῷ

82 1964 170 2022 περὶ
194 1966 353 2024 γρίφων,
379 1978 438 2001 οτι
464 1962 572 2022 βάλοι
597 1963 695 2023 ξύλῳ
721 1978 759 2001 τε
787 1963 853 2001 καὶ
872 1961 919 2000 οὐ
938 1945 1035 2013 ξύλῳ
1054 1962 1279 2022 καθημένην
1301 1961 1442 2010 ὄρνιθα
1462 1963 1528 1999 καὶ
1549 1953 1619 2000 οὐκ

81 2010 221 2059 ὄρνιθα
247 2026 343 2059 ανηρ
369 2025 407 2048 τε
435 2012 499 2048 καὶ
525 2009 596 2049 οὐκ
621 2009 719 2058 ανὴρ
743 2013 840 2061 λίθῳ
866 2025 905 2048 τε
932 2011 999 2048 καὶ
1023 2009 1069 2048 οὖ
1096 2013 1203 2060 λίθῳ.
1249 2011 1442 2049 Οΐ.61;18,ω
1465 2010 1621 2048 Photius

83 2071 120 2096 v.
147 2062 382 2106 Νυκτερίδος
408 2058 524 2102 αἶνος.

176 2108 234 2145 Fr.
255 2112 312 2144 35.
356 2108 454 2144 Plut.
476 2110 557 2144 Am.
578 2109 617 2144 et
635 2107 745 2143 Adul.
767 2119 796 2144 c.
819 2112 857 2144 9:
884 2104 1009 2149 οὕτως
1026 2105 1183 2164 &unaque
1207 2101 1255 2154 ἦν
1281 2104 1443 2148 κόλακος
1468 2120 1488 2142 ο
1515 2107 1620 2152 νομί-

83 2157 155 2199 ζων
180 2169 226 2191 τα
254 2155 408 2215 ίαμβεια
433 2156 541 2191 ταυτὶ
566 2156 616 2204 τῷ
636 2153 769 2191 κόλακι
795 2156 936 2202 μᾶλλον
961 2151 984 2213 ἢ
1010 2156 1060 2203 τῷ
1085 2156 1250 2209 καρκίνῳ
1271 2155 1358 2201 (leg.
1380 2155 1430 2201 τῷ
1452 2156 1620 2210 καρκίνῳ

82 2203 223 2248 μᾶλλον
255 2199 279 2248 ἢ
312 2203 362 2251 τῷ
395 2200 542 2248 κόλακι)
572 2193 794 2248 προσήκειν·
830 2201 1008 2249 Γαστὴρ
1040 2206 1116 2239 κτλ.
1165 2192 1251 2238 Nisi
1281 2202 1378 2238 forte
1410 2213 1454 2238 ex
1487 2203 1622 2238 comico

88 2251 202 2296 poeta
226 2240 385 2296 petissnm
411 2252 477 2286 est.

177 2297 235 2334 Fr.
255 2302 312 2334 36.
333 2301 389 2334 37.
410 2301 466 2333 38.
511 2298 726 2333 Athenaeus
745 2297 831 2332 XIV
852 2297 962 2333 6481?
983 2308 1027 2333 ex
1048 2297 1219 2333 clearchi
1245 2296 1333 2332 libri
1358 2297 1442 2342 περὶ
1469 2298 1616 2342 γρίφων

83 2344 198 2389 (unde
224 2345 339 2380 etiam
364 2344 490 2391 priora.
514 2345 729 2391 aenigmata
747 2344 792 2380 fr.
812 2348 870 2382 31.
890 2349 935 2380 32
955 2345 1104 2381 νίᾱείπιιι·
1128 2343 1295 2403 petiisse)
1322 2345 1391 2380 hos
1414 2355 1615 2390 puerorum

84 2393 186 2428 lusus
223 2403 267 2428 ac
304 2403 423 2439 nugas
461 2392 675 2438 adscripsit.
707 2389 866 2450 Σκεύη
905 2390 1126 2433 κελεύοντος
1163 2390 1286 2438 λέγειν
1326 2404 1440 2438 ομοια
1477 2390 1614 2427 εἰπεῖν·

86 2441 285 2486 Τρίπους
309 2442 383 2476 κτλ.
411 2439 467 2496 (fr.
488 2443 548 2483 36)
575 2438 640 2475 καὶ
664 2436 777 2475 πάλιν
803 2436 930 2485 ὄψων
957 2452 1091 2481 ουτως
1110 2437 1266 2481 Ἕτνος
1290 2442 1365 2475 κτλ.
1394 2439 1450 2485 (fr.
1472 2443 1532 2496 37)
1553 2437 1621 2475 ἐπί

82 2500 121 2523 τε
148 2488 233 2523 τῶν
259 2484 559 2545 τραγημάτων
585 2483 738 2533 ὅμοι’·ως
764 2500 880 2534 αμης
899 2490 974 2524 κτλ.
996 2488 1053 2533 (fr.
1075 2490 1145 2533 38).
1160 2487 1277 2524 —Fr.
1299 2491 1344 2523 36
1364 2499 1398 2523 V.
1417 2491 1446 2523 1.
1474 2484 1615 2522 ακταιά

87 2534 431 2581 Schweighaeuser,
457 2531 596 2570 ἄκταῖα
621 2534 727 2571 PVL.
749 2555 792 2561 —
812 2535 856 2573 V.
879 2538 912 2571 2.
939 2531 1050 2581 ὅλμος
1074 2535 1243 2580 Dindorf,
1269 2534 1467 2581 legebatur
1492 2531 1615 2581 ὅλμος.

84 2603 129 2609 -
156 2582 199 2619 V.
227 2587 260 2618 3.
286 2583 430 2627 σπυρίς,
454 2581 484 2617 Β
511 2583 641 2627 σπιρίς.

179 2630 238 2667 Fr.
266 2634 310 2666 37
342 2642 377 2666 v.
406 2634 436 2665 1.
476 2631 667 2675 γογγυλίς,
705 2630 734 2665 Β
764 2643 858 2677 γυγγ
837 2631 951 2687 γυλίς.
978 2651 1022 2658 -
1048 2631 1092 2666 V.
1120 2634 1152 2666 2.
1187 2627 1393 2666 θύνννειον
1427 2629 1613 2675 Schweig-

85 2678 259 2735 haeuser,
285 2678 447 2713 θυννίον
472 2676 585 2722 PVL,
611 2678 750 2712 θυνίον
775 2678 816 2713 Β.
845 2699 886 2704 ——
914 2673 1013 2724 ἅλμη
1038 2677 1151 2722 PVL,
1183 2676 1274 2723 ἄλλη
1302 2677 1346 2722 Β,
1383 2679 1474 2721 αλλη
1501 2678 1542 2712 Α.
1572 2697 1613 2703 --

85 2707 289 2772 κρόμμυον,
317 2725 345 2760 Β
370 2722 546 2770 κρόμυον.

180 2771 237 2808 Fr.
264 2777 309 2809 38
335 2785 370 2808 v.
400 2777 429 2807 1.
469 2769 561 2817 ῥόα,
596 2768 673 2819 ᾠὸν
699 2770 920 2816 Salmasius,
955 2772 1042 2808 libri
1074 2770 1230 2818 ἆοδῶον.
1258 2792 1300 2797 —-
1327 2770 1371 2808 V.
1398 2775 1430 2807 3.
1458 2770 1615 2817 πέρσεια

86 2819 310 2865 Salmasius,
335 2818 471 2864 πέρσια
496 2818 538 2863 Ρ,
563 2820 698 2864 περσία
726 2818 801 2854 VL.
822 2839 867 2846 —
887 2832 937 2866 μη
915 2816 974 2864 ῆ’λ
1004 2819 1207 2855 Schneider
1231 2818 1346 2863 Saxo,
1371 2817 1458 2854 libri
1484 2785 1613 2865 μηλέα.

180 2868 238 2903 Fr.
264 2871 321 2904 89.
371 2867 468 2903 Plut.
496 2866 646 2910 Quaest
672 2863 1015 2903 Nat.c.1e=A10¹e
1041 2868 1081 2902 τί
1101 2866 1265 2913 λέγεται·
1307 2870 1433 2902 σῖτον
1467 2868 1543 2903 κτλ.
1569 2887 1643 2899 —.

87 2928 248 2960 φυτευε,
274 2914 470 2961 legebatur
495 2911 691 2959 φυτεῦετε.
