<?xml version="1.0" encoding="UTF-8"?>
<!DOCTYPE html PUBLIC "-//W3C//DTD XHTML 1.0 Transitional//EN"
    "http://www.w3.org/TR/xhtml1/DTD/xhtml1-transitional.dtd">
<html xmlns="http://www.w3.org/1999/xhtml" xml:lang="en" lang="en">
 <head>
  <title>
</title>
<meta http-equiv="Content-Type" content="text/html;charset=utf-8" />
  <meta name='ocr-system' content='tesseract 3.04.00' />
  <meta name='ocr-capabilities' content='ocr_page ocr_carea ocr_par ocr_line ocrx_word'/>
</head>
<body>
  <div class='ocr_page' id='page_1' title='image "./poetaelyricigrae03berguoft_0243.png"; bbox 0 0 1864 3126; ppageno 0'>
   <div class='ocr_carea' id='block_1_1' title="bbox 725 130 1664 175">
    <p class='ocr_par' dir='ltr' id='par_1_1' title="bbox 725 130 1664 175">
     <span class='ocr_line' id='line_1_1' title="bbox 725 130 1664 175; baseline 0.007 -7"><span class='ocrx_word' id='word_1_1' title='bbox 725 131 1069 171; x_wconf 82' lang='lat' dir='ltr'>STESICHORUS.</span> <span class='ocrx_word' id='word_1_2' title='bbox 1577 130 1664 175; x_wconf 85' lang='grc'><strong><em>233</em></strong></span> 
     </span>
    </p>
   </div>
   <div class='ocr_carea' id='block_1_2' title="bbox 124 241 1666 429">
    <p class='ocr_par' dir='ltr' id='par_1_2' title="bbox 129 241 1666 429">
     <span class='ocr_line' id='line_1_2' title="bbox 129 241 1666 299; baseline 0 -13"><span class='ocrx_word' id='word_1_3' title='bbox 129 244 261 298; x_wconf 80' lang='lat' dir='ltr'><strong>Apoll.</strong></span> <span class='ocrx_word' id='word_1_4' title='bbox 281 245 446 286; x_wconf 79' lang='lat' dir='ltr'>Rhod.1</span> <span class='ocrx_word' id='word_1_5' title='bbox 469 247 602 286; x_wconf 84' lang='grc'>1304·</span> <span class='ocrx_word' id='word_1_6' title='bbox 633 244 927 298; x_wconf 81' lang='grc' dir='ltr'><strong><em>Στησίμβροτος</em></strong></span> <span class='ocrx_word' id='word_1_7' title='bbox 953 243 997 286; x_wconf 85' lang='grc' dir='ltr'><strong><em>δέ</em></strong></span> <span class='ocrx_word' id='word_1_8' title='bbox 1023 241 1254 299; x_wconf 75' lang='grc' dir='ltr'><strong><em>(φησιν),”</em></strong></span> <span class='ocrx_word' id='word_1_9' title='bbox 1231 260 1290 286; x_wconf 90' lang='grc' dir='ltr'><strong><em>οτι</em></strong></span> <span class='ocrx_word' id='word_1_10' title='bbox 1319 241 1521 297; x_wconf 78' lang='grc' dir='ltr'><strong><em>διαφορὰν</em></strong></span> <span class='ocrx_word' id='word_1_11' title='bbox 1551 243 1666 298; x_wconf 79' lang='grc' dir='ltr'><strong><em>ἔσχον</em></strong></span> 
     </span>
     <span class='ocr_line' id='line_1_3' title="bbox 131 305 1664 366; baseline -0.001 -14"><span class='ocrx_word' id='word_1_12' title='bbox 131 306 194 366; x_wconf 71' lang='grc' dir='ltr'><strong><em>(οἷ</em></strong></span> <span class='ocrx_word' id='word_1_13' title='bbox 219 306 436 365; x_wconf 76' lang='grc' dir='ltr'><strong><em>Βορεάδαι)</em></strong></span> <span class='ocrx_word' id='word_1_14' title='bbox 466 306 567 364; x_wconf 87' lang='grc' dir='ltr'><strong><em>πρὸς</em></strong></span> <span class='ocrx_word' id='word_1_15' title='bbox 602 306 671 351; x_wconf 88' lang='grc' dir='ltr'><strong><em>τὸν</em></strong></span> <span class='ocrx_word' id='word_1_16' title='bbox 695 305 890 364; x_wconf 80' lang='grc' dir='ltr'><strong><em>Ἡρακλέα</em></strong></span> <span class='ocrx_word' id='word_1_17' title='bbox 928 309 1018 364; x_wconf 76' lang='grc' dir='ltr'><strong><em>περὶ</em></strong></span> <span class='ocrx_word' id='word_1_18' title='bbox 1047 313 1126 352; x_wconf 79' lang='grc' dir='ltr'><strong><em>τῶν</em></strong></span> <span class='ocrx_word' id='word_1_19' title='bbox 1157 308 1383 363; x_wconf 79' lang='grc' dir='ltr'><strong><em>δεδομένων</em></strong></span> <span class='ocrx_word' id='word_1_20' title='bbox 1414 307 1555 363; x_wconf 89' lang='grc' dir='ltr'><strong><em>δωρων</em></strong></span> <span class='ocrx_word' id='word_1_21' title='bbox 1585 306 1664 351; x_wconf 75' lang='grc' dir='ltr'><strong><em>ὑπὸ</em></strong></span> 
     </span>
     <span class='ocr_line' id='line_1_4' title="bbox 124 371 1665 429; baseline 0 -12"><span class='ocrx_word' id='word_1_22' title='bbox 124 371 302 425; x_wconf 69' lang='grc' dir='ltr'><strong><em>Ἰάσονος</em></strong></span> <span class='ocrx_word' id='word_1_23' title='bbox 338 379 420 425; x_wconf 85' lang='grc' dir='ltr'><strong><em>τοῖς</em></strong></span> <span class='ocrx_word' id='word_1_24' title='bbox 456 371 690 429; x_wconf 72' lang='grc' dir='ltr'><strong><em>ἀριστεῦσιν.</em></strong></span> <span class='ocrx_word' id='word_1_25' title='bbox 752 376 918 417; x_wconf 77' lang='lat' dir='ltr'>Poterat</span> <span class='ocrx_word' id='word_1_26' title='bbox 955 378 1029 417; x_wconf 90' lang='lat' dir='ltr'><strong><em>hoc</em></strong></span> <span class='ocrx_word' id='word_1_27' title='bbox 1061 377 1311 417; x_wconf 75' lang='lat' dir='ltr'><strong>Stesichorus</strong></span> <span class='ocrx_word' id='word_1_28' title='bbox 1349 377 1390 416; x_wconf 89' lang='lat' dir='ltr'><strong><em>in</em></strong></span> <span class='ocrx_word' id='word_1_29' title='bbox 1428 373 1571 426; x_wconf 88' lang='grc' dir='ltr'><strong><em>αθλοις</em></strong></span> <span class='ocrx_word' id='word_1_30' title='bbox 1600 375 1665 417; x_wconf 76' lang='grc' dir='ltr'><strong><em>ἐπὶ</em></strong></span> 
     </span>
    </p>
   </div>
   <div class='ocr_carea' id='block_1_3' title="bbox 54 441 1663 498">
    <p class='ocr_par' dir='ltr' id='par_1_3' title="bbox 54 441 1663 498">
     <span class='ocr_line' id='line_1_5' title="bbox 54 441 1663 498; baseline 0 -16"><span class='ocrx_word' id='word_1_31' title='bbox 54 452 56 454; x_wconf 87' lang='grc'><em>·</em></span> <span class='ocrx_word' id='word_1_32' title='bbox 128 441 253 498; x_wconf 74' lang='grc' dir='ltr'><strong><em>Πελίᾳ</em></strong></span> <span class='ocrx_word' id='word_1_33' title='bbox 291 454 610 483; x_wconf 75' lang='lat' dir='ltr'>commemorare.</span> <span class='ocrx_word' id='word_1_34' title='bbox 653 463 704 470; x_wconf 92' lang='lat'>—</span> <span class='ocrx_word' id='word_1_35' title='bbox 746 441 872 482; x_wconf 89' lang='lat' dir='ltr'>Porro</span> <span class='ocrx_word' id='word_1_36' title='bbox 909 443 1082 483; x_wconf 81' lang='lat' dir='ltr'>fortasse</span> <span class='ocrx_word' id='word_1_37' title='bbox 1116 455 1178 494; x_wconf 78' lang='lat' dir='ltr'><strong><em>ap.</em></strong></span> <span class='ocrx_word' id='word_1_38' title='bbox 1211 443 1325 483; x_wconf 86' lang='lat' dir='ltr'>Phot.</span> <span class='ocrx_word' id='word_1_39' title='bbox 1359 444 1400 483; x_wconf 88' lang='lat' dir='ltr'><strong><em>et</em></strong></span> <span class='ocrx_word' id='word_1_40' title='bbox 1432 443 1596 483; x_wconf 80' lang='lat' dir='ltr'>Suidam</span> <span class='ocrx_word' id='word_1_41' title='bbox 1627 457 1663 484; x_wconf 89' lang='lat' dir='ltr'><strong><em>v.</em></strong></span> 
     </span>
    </p>
   </div>
   <div class='ocr_carea' id='block_1_4' title="bbox 128 502 1748 2922">
    <p class='ocr_par' dir='ltr' id='par_1_4' title="bbox 128 502 1748 2922">
     <span class='ocr_line' id='line_1_6' title="bbox 132 502 1666 563; baseline 0.001 -16"><span class='ocrx_word' id='word_1_42' title='bbox 132 502 379 560; x_wconf 85' lang='grc' dir='ltr'><strong><em>Τυφλότερος</em></strong></span> <span class='ocrx_word' id='word_1_43' title='bbox 410 503 609 556; x_wconf 76' lang='grc' dir='ltr'><strong><em>σπάλακος</em></strong></span> <span class='ocrx_word' id='word_1_44' title='bbox 641 502 709 563; x_wconf 86' lang='lat' dir='ltr'>(cf.</span> <span class='ocrx_word' id='word_1_45' title='bbox 742 508 1015 559; x_wconf 79' lang='lat' dir='ltr'>Paroemiogr.</span> <span class='ocrx_word' id='word_1_46' title='bbox 1046 508 1066 547; x_wconf 96' lang='lat' dir='ltr'>I</span> <span class='ocrx_word' id='word_1_47' title='bbox 1092 504 1199 562; x_wconf 86' lang='lat'>309)</span> <span class='ocrx_word' id='word_1_48' title='bbox 1233 541 1240 549; x_wconf 89' lang='lat'><strong>.</strong></span> <span class='ocrx_word' id='word_1_49' title='bbox 1268 541 1276 549; x_wconf 87' lang='lat'>.</span> <span class='ocrx_word' id='word_1_50' title='bbox 1304 541 1311 549; x_wconf 95' lang='lat'><strong>.</strong></span> <span class='ocrx_word' id='word_1_51' title='bbox 1343 511 1457 551; x_wconf 84' lang='grc' dir='ltr'><strong><em>τοῦτο</em></strong></span> <span class='ocrx_word' id='word_1_52' title='bbox 1488 506 1531 550; x_wconf 88' lang='grc' dir='ltr'><strong><em>τὸ</em></strong></span> <span class='ocrx_word' id='word_1_53' title='bbox 1563 510 1666 558; x_wconf 79' lang='grc' dir='ltr'><strong><em>ζῶον</em></strong></span> 
     </span>
     <span class='ocr_line' id='line_1_7' title="bbox 128 568 1748 627; baseline -0.002 -14"><span class='ocrx_word' id='word_1_54' title='bbox 128 568 204 614; x_wconf 74' lang='grc' dir='ltr'><strong><em>οὔκ</em></strong></span> <span class='ocrx_word' id='word_1_55' title='bbox 233 571 309 626; x_wconf 71' lang='grc' dir='ltr'><strong><em>ἔχει</em></strong></span> <span class='ocrx_word' id='word_1_56' title='bbox 340 568 594 626; x_wconf 80' lang='grc' dir='ltr'><strong><em>ὀφθαλμούς·</em></strong></span> <span class='ocrx_word' id='word_1_57' title='bbox 626 571 726 626; x_wconf 82' lang='grc' dir='ltr'><strong><em>φησὶ</em></strong></span> <span class='ocrx_word' id='word_1_58' title='bbox 757 569 796 613; x_wconf 86' lang='grc' dir='ltr'><strong><em>δ’</em></strong></span> <span class='ocrx_word' id='word_1_59' title='bbox 830 568 926 613; x_wconf 77' lang='grc' dir='ltr'><strong><em>αὐτὸ</em></strong></span> <span class='ocrx_word' id='word_1_60' title='bbox 957 573 1251 626; x_wconf 86' lang='grc' dir='ltr'><strong><em>Στησίμβροτος</em></strong></span> <span class='ocrx_word' id='word_1_61' title='bbox 1282 569 1360 614; x_wconf 79' lang='grc' dir='ltr'><strong><em>ὑπὸ</em></strong></span> <span class='ocrx_word' id='word_1_62' title='bbox 1391 575 1459 626; x_wconf 86' lang='grc' dir='ltr'><strong><em>τῆς</em></strong></span> <span class='ocrx_word' id='word_1_63' title='bbox 1487 576 1568 627; x_wconf 83' lang='grc' dir='ltr'><strong><em>Γῆς</em></strong></span> <span class='ocrx_word' id='word_1_64' title='bbox 1598 590 1663 615; x_wconf 91' lang='grc' dir='ltr'><strong><em>τυ-</em></strong></span> <span class='ocrx_word' id='word_1_65' title='bbox 1678 579 1748 612; x_wconf 84' lang='grc'><strong><em>996</em></strong></span> 
     </span>
     <span class='ocr_line' id='line_1_8' title="bbox 130 633 1725 693; baseline 0.002 -15"><span class='ocrx_word' id='word_1_66' title='bbox 130 640 362 691; x_wconf 76' lang='grc' dir='ltr'><strong><em>φλωθῆναι,</em></strong></span> <span class='ocrx_word' id='word_1_67' title='bbox 387 634 454 679; x_wconf 73' lang='grc' dir='ltr'><strong><em>διὰ</em></strong></span> <span class='ocrx_word' id='word_1_68' title='bbox 478 634 521 679; x_wconf 85' lang='grc' dir='ltr'><strong><em>τὸ</em></strong></span> <span class='ocrx_word' id='word_1_69' title='bbox 546 639 730 692; x_wconf 80' lang='grc' dir='ltr'><strong><em>φθείρειν</em></strong></span> <span class='ocrx_word' id='word_1_70' title='bbox 754 634 847 687; x_wconf 78' lang='grc' dir='ltr'><strong><em>τοὺς</em></strong></span> <span class='ocrx_word' id='word_1_71' title='bbox 864 633 1060 691; x_wconf 78' lang='grc' dir='ltr'><strong><em>καρπούς·</em></strong></span> <span class='ocrx_word' id='word_1_72' title='bbox 1087 639 1341 679; x_wconf 83' lang='lat' dir='ltr'>scribendum</span> <span class='ocrx_word' id='word_1_73' title='bbox 1359 640 1663 693; x_wconf 83' lang='grc' dir='ltr'><strong><em>Στησίχορος.</em></strong></span> <span class='ocrx_word' id='word_1_74' title='bbox 1721 676 1725 681; x_wconf 96' lang='grc'><strong><em>.</em></strong></span> 
     </span>
     <span class='ocr_line' id='line_1_9' title="bbox 128 700 1666 757; baseline 0.001 -14"><span class='ocrx_word' id='word_1_75' title='bbox 128 723 189 733; x_wconf 90' lang='lat'><strong><em>-—</em></strong></span> <span class='ocrx_word' id='word_1_76' title='bbox 220 702 337 751; x_wconf 84' lang='lat' dir='ltr'>Quod</span> <span class='ocrx_word' id='word_1_77' title='bbox 360 707 424 744; x_wconf 79' lang='lat' dir='ltr'>est</span> <span class='ocrx_word' id='word_1_78' title='bbox 447 716 510 755; x_wconf 77' lang='lat' dir='ltr'><strong><em>ap.</em></strong></span> <span class='ocrx_word' id='word_1_79' title='bbox 537 704 662 745; x_wconf 85' lang='lat' dir='ltr'>Arist.</span> <span class='ocrx_word' id='word_1_80' title='bbox 688 705 806 745; x_wconf 85' lang='lat' dir='ltr'>Rhet.</span> <span class='ocrx_word' id='word_1_81' title='bbox 832 705 872 744; x_wconf 89' lang='lat'><strong><em>11</em></strong></span> <span class='ocrx_word' id='word_1_82' title='bbox 900 707 973 744; x_wconf 82' lang='lat'><strong><em>21:</em></strong></span> <span class='ocrx_word' id='word_1_83' title='bbox 1005 700 1182 757; x_wconf 74' lang='grc' dir='ltr'><strong><em>ἁρμόττει</em></strong></span> <span class='ocrx_word' id='word_1_84' title='bbox 1213 700 1254 743; x_wconf 93' lang='grc' dir='ltr'><strong><em>δ’</em></strong></span> <span class='ocrx_word' id='word_1_85' title='bbox 1289 703 1333 744; x_wconf 77' lang='grc' dir='ltr'><strong><em>ἐν</em></strong></span> <span class='ocrx_word' id='word_1_86' title='bbox 1364 708 1444 753; x_wconf 88' lang='grc' dir='ltr'><strong><em>τοῖς</em></strong></span> <span class='ocrx_word' id='word_1_87' title='bbox 1474 701 1666 753; x_wconf 82' lang='grc' dir='ltr'><strong><em>τοιούτοις</em></strong></span> 
     </span>
     <span class='ocr_line' id='line_1_10' title="bbox 128 763 1666 824; baseline 0.001 -15"><span class='ocrx_word' id='word_1_88' title='bbox 128 767 195 809; x_wconf 72' lang='grc' dir='ltr'><strong><em>καὶ</em></strong></span> <span class='ocrx_word' id='word_1_89' title='bbox 229 765 277 810; x_wconf 78' lang='grc' dir='ltr'><strong><em>τὰ</em></strong></span> <span class='ocrx_word' id='word_1_90' title='bbox 314 765 534 810; x_wconf 80' lang='grc' dir='ltr'><strong><em>Λακωνικὰ</em></strong></span> <span class='ocrx_word' id='word_1_91' title='bbox 572 765 863 824; x_wconf 81' lang='grc' dir='ltr'><strong><em>ἀποφθέγματα</em></strong></span> <span class='ocrx_word' id='word_1_92' title='bbox 898 767 966 809; x_wconf 81' lang='grc' dir='ltr'><strong><em>καὶ</em></strong></span> <span class='ocrx_word' id='word_1_93' title='bbox 1002 766 1048 810; x_wconf 78' lang='grc' dir='ltr'><strong><em>τὰ</em></strong></span> <span class='ocrx_word' id='word_1_94' title='bbox 1085 763 1390 823; x_wconf 62' lang='grc' dir='ltr'><strong><em>αἰνιγματώδη,</em></strong></span> <span class='ocrx_word' id='word_1_95' title='bbox 1415 766 1503 811; x_wconf 86' lang='grc' dir='ltr'><strong><em>οἷον</em></strong></span> <span class='ocrx_word' id='word_1_96' title='bbox 1539 770 1580 811; x_wconf 86' lang='grc' dir='ltr'><strong><em>εἴ</em></strong></span> <span class='ocrx_word' id='word_1_97' title='bbox 1609 786 1666 820; x_wconf 91' lang='grc' dir='ltr'><strong><em>τις</em></strong></span> 
     </span>
     <span class='ocr_line' id='line_1_11' title="bbox 129 831 1666 889; baseline 0 -13"><span class='ocrx_word' id='word_1_98' title='bbox 129 833 253 889; x_wconf 77' lang='grc' dir='ltr'><strong><em>λέγοι,</em></strong></span> <span class='ocrx_word' id='word_1_99' title='bbox 285 831 382 888; x_wconf 79' lang='grc' dir='ltr'><strong><em>ὅπερ</em></strong></span> <span class='ocrx_word' id='word_1_100' title='bbox 406 835 645 889; x_wconf 86' lang='grc' dir='ltr'><strong><em>Στησίχορος</em></strong></span> <span class='ocrx_word' id='word_1_101' title='bbox 669 834 714 876; x_wconf 77' lang='grc' dir='ltr'><strong><em>ἐν</em></strong></span> <span class='ocrx_word' id='word_1_102' title='bbox 736 838 911 888; x_wconf 83' lang='grc' dir='ltr'><strong><em>Λοκροῖς</em></strong></span> <span class='ocrx_word' id='word_1_103' title='bbox 936 831 1064 887; x_wconf 85' lang='grc' dir='ltr'><strong><em>εἶπεν,</em></strong></span> <span class='ocrx_word' id='word_1_104' title='bbox 1095 832 1154 877; x_wconf 77' lang='grc' dir='ltr'><strong><em>ὅτι</em></strong></span> <span class='ocrx_word' id='word_1_105' title='bbox 1179 832 1228 877; x_wconf 83' lang='grc' dir='ltr'><strong><em>οὗ</em></strong></span> <span class='ocrx_word' id='word_1_106' title='bbox 1254 836 1320 876; x_wconf 86' lang='grc' dir='ltr'><strong><em>δεῖ</em></strong></span> <span class='ocrx_word' id='word_1_107' title='bbox 1339 831 1525 889; x_wconf 78' lang='grc' dir='ltr'><strong><em>ὑβριστὰς</em></strong></span> <span class='ocrx_word' id='word_1_108' title='bbox 1550 832 1666 888; x_wconf 81' lang='grc' dir='ltr'><strong><em>εἶναι,</em></strong></span> 
     </span>
     <span class='ocr_line' id='line_1_12' title="bbox 128 896 1664 958; baseline 0.001 -17"><span class='ocrx_word' id='word_1_109' title='bbox 128 896 238 950; x_wconf 74' lang='grc' dir='ltr'><strong><em>’ὅπως</em></strong></span> <span class='ocrx_word' id='word_1_110' title='bbox 262 896 315 953; x_wconf 80' lang='grc' dir='ltr'><strong><em>μὴ</em></strong></span> <span class='ocrx_word' id='word_1_111' title='bbox 342 901 384 942; x_wconf 77' lang='grc' dir='ltr'><strong><em>οἱ</em></strong></span> <span class='ocrx_word' id='word_1_112' title='bbox 402 899 562 955; x_wconf 79' lang='grc' dir='ltr'><strong><em>τέττιγες</em></strong></span> <span class='ocrx_word' id='word_1_113' title='bbox 586 897 765 954; x_wconf 82' lang='grc' dir='ltr'><strong><em>χαμόθεν</em></strong></span> <span class='ocrx_word' id='word_1_114' title='bbox 789 897 950 958; x_wconf 74' lang='grc' dir='ltr'><strong><em>ᾄδωσιν.</em></strong></span> <span class='ocrx_word' id='word_1_115' title='bbox 983 904 1122 953; x_wconf 80' lang='lat' dir='ltr'>aperte</span> <span class='ocrx_word' id='word_1_116' title='bbox 1147 903 1423 952; x_wconf 75' lang='lat' dir='ltr'><strong><em>apophtheyma</em></strong></span> <span class='ocrx_word' id='word_1_117' title='bbox 1449 906 1527 951; x_wconf 84' lang='lat' dir='ltr'>est,</span> <span class='ocrx_word' id='word_1_118' title='bbox 1559 903 1664 953; x_wconf 87' lang='lat' dir='ltr'>quod</span> 
     </span>
     <span class='ocr_line' id='line_1_13' title="bbox 129 966 1666 1019; baseline 0.001 -13"><span class='ocrx_word' id='word_1_119' title='bbox 129 967 258 1019; x_wconf 76' lang='lat' dir='ltr'>magis</span> <span class='ocrx_word' id='word_1_120' title='bbox 290 967 413 1007; x_wconf 79' lang='lat' dir='ltr'>etiam</span> <span class='ocrx_word' id='word_1_121' title='bbox 438 966 647 1007; x_wconf 83' lang='lat' dir='ltr'>confirmat</span> <span class='ocrx_word' id='word_1_122' title='bbox 671 968 839 1007; x_wconf 85' lang='lat' dir='ltr'>Aristot.</span> <span class='ocrx_word' id='word_1_123' title='bbox 859 968 975 1008; x_wconf 86' lang='lat' dir='ltr'>Rhet.</span> <span class='ocrx_word' id='word_1_124' title='bbox 996 967 1058 1006; x_wconf 94' lang='lat' dir='ltr'><strong><em>III</em></strong></span> <span class='ocrx_word' id='word_1_125' title='bbox 1080 970 1131 1007; x_wconf 88' lang='lat'><strong><em>11</em></strong></span> <span class='ocrx_word' id='word_1_126' title='bbox 1167 968 1238 1007; x_wconf 91' lang='lat' dir='ltr'><strong><em>ubi</em></strong></span> <span class='ocrx_word' id='word_1_127' title='bbox 1268 968 1343 1008; x_wconf 90' lang='lat' dir='ltr'><strong><em>hoc</em></strong></span> <span class='ocrx_word' id='word_1_128' title='bbox 1374 968 1525 1008; x_wconf 86' lang='lat' dir='ltr'>dictum</span> <span class='ocrx_word' id='word_1_129' title='bbox 1555 981 1666 1019; x_wconf 85' lang='lat' dir='ltr'>repe-</span> 
     </span>
     <span class='ocr_line' id='line_1_14' title="bbox 129 1027 1666 1086; baseline 0.001 -14"><span class='ocrx_word' id='word_1_130' title='bbox 129 1032 194 1074; x_wconf 86' lang='lat' dir='ltr'>tit.</span> <span class='ocrx_word' id='word_1_131' title='bbox 243 1027 321 1086; x_wconf 84' lang='lat' dir='ltr'>(Cf.</span> <span class='ocrx_word' id='word_1_132' title='bbox 353 1033 475 1072; x_wconf 83' lang='lat' dir='ltr'>etiam</span> <span class='ocrx_word' id='word_1_133' title='bbox 506 1033 683 1073; x_wconf 88' lang='lat' dir='ltr'>Demetr.</span> <span class='ocrx_word' id='word_1_134' title='bbox 716 1034 764 1075; x_wconf 85' lang='lat' dir='ltr'><strong><em>dc</em></strong></span> <span class='ocrx_word' id='word_1_135' title='bbox 796 1034 939 1075; x_wconf 87' lang='lat' dir='ltr'>elocut.</span> <span class='ocrx_word' id='word_1_136' title='bbox 974 1036 1028 1075; x_wconf 89' lang='grc'><strong><em>99</em></strong></span> <span class='ocrx_word' id='word_1_137' title='bbox 1063 1037 1104 1074; x_wconf 90' lang='lat' dir='ltr'><strong><em>et</em></strong></span> <span class='ocrx_word' id='word_1_138' title='bbox 1137 1035 1222 1074; x_wconf 86' lang='lat'><strong><em>234</em></strong></span> <span class='ocrx_word' id='word_1_139' title='bbox 1264 1036 1306 1074; x_wconf 88' lang='lat' dir='ltr'><strong><em>et</em></strong></span> <span class='ocrx_word' id='word_1_140' title='bbox 1337 1033 1472 1074; x_wconf 85' lang='lat' dir='ltr'>Rhctt.</span> <span class='ocrx_word' id='word_1_141' title='bbox 1506 1034 1574 1075; x_wconf 87' lang='lat' dir='ltr'><strong><em>Gr.</em></strong></span> <span class='ocrx_word' id='word_1_142' title='bbox 1606 1034 1666 1074; x_wconf 86' lang='lat' dir='ltr'><strong><em>ed.</em></strong></span> 
     </span>
     <span class='ocr_line' id='line_1_15' title="bbox 130 1097 1667 1152; baseline 0.003 -16"><span class='ocrx_word' id='word_1_143' title='bbox 130 1097 244 1137; x_wconf 78' lang='lat' dir='ltr'>Walz</span> <span class='ocrx_word' id='word_1_144' title='bbox 275 1098 354 1137; x_wconf 89' lang='lat' dir='ltr'><strong><em>VH</em></strong></span> <span class='ocrx_word' id='word_1_145' title='bbox 388 1099 533 1152; x_wconf 86' lang='lat'>1145.)</span> <span class='ocrx_word' id='word_1_146' title='bbox 596 1098 716 1139; x_wconf 87' lang='lat' dir='ltr'>Secus</span> <span class='ocrx_word' id='word_1_147' title='bbox 748 1102 885 1140; x_wconf 81' lang='lat' dir='ltr'>tamen</span> <span class='ocrx_word' id='word_1_148' title='bbox 914 1100 1076 1141; x_wconf 74' lang='lat' dir='ltr'>videt-ur</span> <span class='ocrx_word' id='word_1_149' title='bbox 1106 1100 1340 1152; x_wconf 80' lang='lat' dir='ltr'>Hartungo,</span> <span class='ocrx_word' id='word_1_150' title='bbox 1383 1099 1452 1151; x_wconf 89' lang='lat' dir='ltr'><strong><em>qui</em></strong></span> <span class='ocrx_word' id='word_1_151' title='bbox 1490 1102 1532 1140; x_wconf 86' lang='lat' dir='ltr'><strong><em>et</em></strong></span> <span class='ocrx_word' id='word_1_152' title='bbox 1569 1100 1667 1140; x_wconf 83' lang='lat' dir='ltr'>haec</span> 
     </span>
     <span class='ocr_line' id='line_1_16' title="bbox 130 1161 1666 1220; baseline 0.001 -17"><span class='ocrx_word' id='word_1_153' title='bbox 130 1165 172 1210; x_wconf 69' lang='lat' dir='ltr'><strong><em>et</em></strong></span> <span class='ocrx_word' id='word_1_154' title='bbox 208 1176 310 1215; x_wconf 84' lang='lat' dir='ltr'>quae</span> <span class='ocrx_word' id='word_1_155' title='bbox 346 1163 388 1203; x_wconf 86' lang='lat' dir='ltr'><strong><em>in</em></strong></span> <span class='ocrx_word' id='word_1_156' title='bbox 424 1163 593 1204; x_wconf 82' lang='lat' dir='ltr'>Aristot.</span> <span class='ocrx_word' id='word_1_157' title='bbox 630 1165 746 1206; x_wconf 83' lang='lat' dir='ltr'>Rhet.</span> <span class='ocrx_word' id='word_1_158' title='bbox 784 1161 881 1220; x_wconf 87' lang='lat' dir='ltr'>(vid.</span> <span class='ocrx_word' id='word_1_159' title='bbox 919 1163 1044 1220; x_wconf 82' lang='lat' dir='ltr'>infra)</span> <span class='ocrx_word' id='word_1_160' title='bbox 1087 1167 1296 1218; x_wconf 83' lang='lat' dir='ltr'>leguntur,</span> <span class='ocrx_word' id='word_1_161' title='bbox 1335 1179 1383 1206; x_wconf 86' lang='lat' dir='ltr'><strong><em>ex</em></strong></span> <span class='ocrx_word' id='word_1_162' title='bbox 1422 1166 1666 1205; x_wconf 81' lang='lat' dir='ltr'>carminibus</span> 
     </span>
     <span class='ocr_line' id='line_1_17' title="bbox 130 1228 1667 1284; baseline -0.001 -14"><span class='ocrx_word' id='word_1_163' title='bbox 130 1230 259 1281; x_wconf 74' lang='lat' dir='ltr'>petita</span> <span class='ocrx_word' id='word_1_164' title='bbox 289 1230 443 1282; x_wconf 83' lang='lat' dir='ltr'>censet,</span> <span class='ocrx_word' id='word_1_165' title='bbox 475 1232 516 1270; x_wconf 83' lang='lat' dir='ltr'><strong><em>et</em></strong></span> <span class='ocrx_word' id='word_1_166' title='bbox 546 1231 680 1271; x_wconf 87' lang='lat' dir='ltr'>verbis</span> <span class='ocrx_word' id='word_1_167' title='bbox 699 1229 755 1272; x_wconf 72' lang='grc' dir='ltr'><strong><em>’ἐν</em></strong></span> <span class='ocrx_word' id='word_1_168' title='bbox 780 1233 956 1284; x_wconf 85' lang='grc' dir='ltr'><strong><em>Λοκροῖς</em></strong></span> <span class='ocrx_word' id='word_1_169' title='bbox 986 1232 1116 1284; x_wconf 85' lang='lat' dir='ltr'>ipsam</span> <span class='ocrx_word' id='word_1_170' title='bbox 1148 1232 1334 1272; x_wconf 86' lang='lat' dir='ltr'>carminis</span> <span class='ocrx_word' id='word_1_171' title='bbox 1366 1228 1667 1282; x_wconf 80' lang='lat' dir='ltr'>inscriptionem</span> 
     </span>
     <span class='ocr_line' id='line_1_18' title="bbox 131 1295 1667 1349; baseline 0.001 -15"><span class='ocrx_word' id='word_1_172' title='bbox 131 1295 349 1347; x_wconf 73' lang='lat' dir='ltr'>significari</span> <span class='ocrx_word' id='word_1_173' title='bbox 380 1295 594 1337; x_wconf 81' lang='lat' dir='ltr'>existimat.</span> <span class='ocrx_word' id='word_1_174' title='bbox 624 1318 674 1324; x_wconf 91' lang='lat'><strong>—</strong></span> <span class='ocrx_word' id='word_1_175' title='bbox 708 1297 811 1337; x_wconf 81' lang='lat' dir='ltr'>Item</span> <span class='ocrx_word' id='word_1_176' title='bbox 842 1298 1063 1337; x_wconf 86' lang='lat' dir='ltr'>carminum</span> <span class='ocrx_word' id='word_1_177' title='bbox 1095 1298 1277 1349; x_wconf 85' lang='lat' dir='ltr'>reliquiis</span> <span class='ocrx_word' id='word_1_178' title='bbox 1309 1297 1562 1337; x_wconf 83' lang='lat' dir='ltr'>eximendum</span> <span class='ocrx_word' id='word_1_179' title='bbox 1594 1299 1667 1345; x_wconf 84' lang='lat' dir='ltr'>est,</span> 
     </span>
     <span class='ocr_line' id='line_1_19' title="bbox 131 1357 1668 1417; baseline 0.002 -18"><span class='ocrx_word' id='word_1_180' title='bbox 131 1360 237 1412; x_wconf 85' lang='lat' dir='ltr'>quod</span> <span class='ocrx_word' id='word_1_181' title='bbox 267 1360 431 1401; x_wconf 75' lang='lat' dir='ltr'>adhibet</span> <span class='ocrx_word' id='word_1_182' title='bbox 461 1361 631 1403; x_wconf 78' lang='lat' dir='ltr'>Aristot.</span> <span class='ocrx_word' id='word_1_183' title='bbox 664 1363 779 1402; x_wconf 77' lang='lat' dir='ltr'>Rhet.</span> <span class='ocrx_word' id='word_1_184' title='bbox 811 1362 853 1402; x_wconf 87' lang='lat'><strong><em>11</em></strong></span> <span class='ocrx_word' id='word_1_185' title='bbox 887 1365 961 1403; x_wconf 67' lang='lat'><strong><em>202</em></strong></span> <span class='ocrx_word' id='word_1_186' title='bbox 1005 1359 1120 1417; x_wconf 81' lang='grc' dir='ltr'><strong><em>λόγος</em></strong></span> <span class='ocrx_word' id='word_1_187' title='bbox 1152 1361 1214 1414; x_wconf 80' lang='grc' dir='ltr'><strong><em>δέ,</em></strong></span> <span class='ocrx_word' id='word_1_188' title='bbox 1253 1357 1336 1411; x_wconf 83' lang='grc' dir='ltr'><strong><em>οἷος</em></strong></span> <span class='ocrx_word' id='word_1_189' title='bbox 1368 1357 1389 1402; x_wconf 86' lang='grc' dir='ltr'>ὁ</span> <span class='ocrx_word' id='word_1_190' title='bbox 1421 1357 1668 1415; x_wconf 85' lang='grc' dir='ltr'><strong><em>Στησιχόρου</em></strong></span> 
     </span>
     <span class='ocr_line' id='line_1_20' title="bbox 130 1422 1667 1481; baseline 0.003 -16"><span class='ocrx_word' id='word_1_191' title='bbox 130 1424 220 1478; x_wconf 83' lang='grc' dir='ltr'><strong><em>περὶ</em></strong></span> <span class='ocrx_word' id='word_1_192' title='bbox 251 1422 431 1477; x_wconf 77' lang='grc' dir='ltr'><strong><em>Φάλαριν</em></strong></span> <span class='ocrx_word' id='word_1_193' title='bbox 460 1425 526 1467; x_wconf 83' lang='grc' dir='ltr'><strong><em>καὶ</em></strong></span> <span class='ocrx_word' id='word_1_194' title='bbox 558 1423 751 1468; x_wconf 78' lang='grc' dir='ltr'><strong><em>Αἰσώπου</em></strong></span> <span class='ocrx_word' id='word_1_195' title='bbox 788 1426 877 1480; x_wconf 80' lang='grc' dir='ltr'><strong><em>περὶ</em></strong></span> <span class='ocrx_word' id='word_1_196' title='bbox 907 1430 977 1468; x_wconf 83' lang='grc' dir='ltr'><strong><em>τοῦ</em></strong></span> <span class='ocrx_word' id='word_1_197' title='bbox 1009 1428 1261 1481; x_wconf 80' lang='grc' dir='ltr'><strong><em>δημαγωγοῦ.</em></strong></span> <span class='ocrx_word' id='word_1_198' title='bbox 1323 1428 1564 1481; x_wconf 81' lang='grc' dir='ltr'><strong><em>Στησίχορος</em></strong></span> <span class='ocrx_word' id='word_1_199' title='bbox 1595 1426 1667 1480; x_wconf 78' lang='grc' dir='ltr'><strong><em>μὲν</em></strong></span> 
     </span>
     <span class='ocr_line' id='line_1_21' title="bbox 131 1486 1667 1547; baseline 0.003 -17"><span class='ocrx_word' id='word_1_200' title='bbox 131 1486 205 1545; x_wconf 80' lang='grc' dir='ltr'><strong><em>γὰρ</em></strong></span> <span class='ocrx_word' id='word_1_201' title='bbox 242 1489 438 1543; x_wconf 79' lang='grc' dir='ltr'><strong><em>ἑλομένων</em></strong></span> <span class='ocrx_word' id='word_1_202' title='bbox 477 1489 690 1547; x_wconf 86' lang='grc' dir='ltr'><strong><em>στρατηγὸν</em></strong></span> <span class='ocrx_word' id='word_1_203' title='bbox 727 1489 994 1546; x_wconf 77' lang='grc' dir='ltr'><strong><em>αὐτοκράτορα</em></strong></span> <span class='ocrx_word' id='word_1_204' title='bbox 1033 1495 1112 1534; x_wconf 81' lang='grc' dir='ltr'><strong><em>τῶν</em></strong></span> <span class='ocrx_word' id='word_1_205' title='bbox 1142 1489 1347 1545; x_wconf 86' lang='grc' dir='ltr'><strong><em>Ἱμεραίων</em></strong></span> <span class='ocrx_word' id='word_1_206' title='bbox 1386 1490 1564 1547; x_wconf 77' lang='grc' dir='ltr'><strong><em>Φάλαριν</em></strong></span> <span class='ocrx_word' id='word_1_207' title='bbox 1600 1493 1667 1535; x_wconf 82' lang='grc' dir='ltr'><strong><em>καὶ</em></strong></span> 
     </span>
     <span class='ocr_line' id='line_1_22' title="bbox 131 1552 1711 1612; baseline 0.003 -16"><span class='ocrx_word' id='word_1_208' title='bbox 131 1552 351 1609; x_wconf 86' lang='grc' dir='ltr'><strong><em>μελλόντων</em></strong></span> <span class='ocrx_word' id='word_1_209' title='bbox 391 1553 578 1610; x_wconf 83' lang='grc' dir='ltr'><strong><em>φυλακὴν</em></strong></span> <span class='ocrx_word' id='word_1_210' title='bbox 618 1554 775 1599; x_wconf 81' lang='grc' dir='ltr'><strong><em>διδόναι</em></strong></span> <span class='ocrx_word' id='word_1_211' title='bbox 814 1562 884 1600; x_wconf 87' lang='grc' dir='ltr'><strong><em>τοῦ</em></strong></span> <span class='ocrx_word' id='word_1_212' title='bbox 924 1555 1100 1612; x_wconf 76' lang='grc' dir='ltr'><strong><em>σώματος</em></strong></span> <span class='ocrx_word' id='word_1_213' title='bbox 1142 1555 1260 1599; x_wconf 77' lang='grc' dir='ltr'><strong><em>τᾶλλα</em></strong></span> <span class='ocrx_word' id='word_1_214' title='bbox 1300 1557 1520 1612; x_wconf 82' lang='grc' dir='ltr'><strong><em>διαλεχθεὶς</em></strong></span> <span class='ocrx_word' id='word_1_215' title='bbox 1558 1554 1666 1600; x_wconf 82' lang='grc' dir='ltr'><strong><em>εἶπεν</em></strong></span> <span class='ocrx_word' id='word_1_216' title='bbox 1698 1581 1711 1592; x_wconf 90' lang='lat'><strong>·</strong></span> 
     </span>
     <span class='ocr_line' id='line_1_23' title="bbox 132 1616 1665 1678; baseline 0.003 -17"><span class='ocrx_word' id='word_1_217' title='bbox 132 1617 267 1670; x_wconf 83' lang='grc' dir='ltr'><strong><em>αὐτοῖς</em></strong></span> <span class='ocrx_word' id='word_1_218' title='bbox 297 1616 437 1675; x_wconf 89' lang='grc' dir='ltr'><strong><em>λόγον,</em></strong></span> <span class='ocrx_word' id='word_1_219' title='bbox 469 1617 524 1671; x_wconf 81' lang='grc' dir='ltr'><strong><em>ὦς</em></strong></span> <span class='ocrx_word' id='word_1_220' title='bbox 548 1622 669 1672; x_wconf 76' lang='grc' dir='ltr'><strong><em>ἵππος</em></strong></span> <span class='ocrx_word' id='word_1_221' title='bbox 693 1627 840 1678; x_wconf 85' lang='grc' dir='ltr'><strong><em>κατεῖχε</em></strong></span> <span class='ocrx_word' id='word_1_222' title='bbox 865 1627 1035 1677; x_wconf 85' lang='grc' dir='ltr'><strong><em>λειμῶνα</em></strong></span> <span class='ocrx_word' id='word_1_223' title='bbox 1061 1620 1199 1677; x_wconf 85' lang='grc' dir='ltr'><strong><em>μόνος·</em></strong></span> <span class='ocrx_word' id='word_1_224' title='bbox 1231 1620 1419 1674; x_wconf 78' lang='grc' dir='ltr'><strong><em>ἐλθόντος</em></strong></span> <span class='ocrx_word' id='word_1_225' title='bbox 1445 1622 1488 1665; x_wconf 82' lang='grc' dir='ltr'><strong><em>δὲ</em></strong></span> <span class='ocrx_word' id='word_1_226' title='bbox 1514 1621 1665 1676; x_wconf 75' lang='grc' dir='ltr'><strong><em>ἐλάφου</em></strong></span> 
     </span>
     <span class='ocr_line' id='line_1_24' title="bbox 130 1684 1666 1744; baseline 0.002 -16"><span class='ocrx_word' id='word_1_227' title='bbox 130 1686 197 1728; x_wconf 85' lang='grc' dir='ltr'><strong><em>καὶ</em></strong></span> <span class='ocrx_word' id='word_1_228' title='bbox 221 1687 526 1740; x_wconf 81' lang='grc' dir='ltr'><strong><em>διαφθείροντος</em></strong></span> <span class='ocrx_word' id='word_1_229' title='bbox 549 1684 623 1741; x_wconf 84' lang='grc' dir='ltr'><strong><em>τὴν</em></strong></span> <span class='ocrx_word' id='word_1_230' title='bbox 647 1686 790 1743; x_wconf 85' lang='grc' dir='ltr'><strong><em>νομήν,</em></strong></span> <span class='ocrx_word' id='word_1_231' title='bbox 815 1687 1056 1744; x_wconf 85' lang='grc' dir='ltr'><strong><em>βουλόμενος</em></strong></span> <span class='ocrx_word' id='word_1_232' title='bbox 1081 1686 1380 1742; x_wconf 83' lang='grc' dir='ltr'><strong><em>τιμωρήσασθαι</em></strong></span> <span class='ocrx_word' id='word_1_233' title='bbox 1403 1687 1472 1731; x_wconf 87' lang='grc' dir='ltr'><strong><em>τὸν</em></strong></span> <span class='ocrx_word' id='word_1_234' title='bbox 1500 1688 1666 1742; x_wconf 83' lang='grc' dir='ltr'><strong><em>ἔλαφον,</em></strong></span> 
     </span>
     <span class='ocr_line' id='line_1_25' title="bbox 130 1748 1665 1808; baseline 0.002 -15"><span class='ocrx_word' id='word_1_235' title='bbox 130 1749 262 1806; x_wconf 72' lang='grc' dir='ltr'><strong><em>ἠρώτα</em></strong></span> <span class='ocrx_word' id='word_1_236' title='bbox 292 1748 361 1794; x_wconf 85' lang='grc' dir='ltr'><strong><em>τὸν</em></strong></span> <span class='ocrx_word' id='word_1_237' title='bbox 391 1750 634 1806; x_wconf 73' lang='grc' dir='ltr'><strong><em>ἄνθρωπον,</em></strong></span> <span class='ocrx_word' id='word_1_238' title='bbox 671 1755 706 1795; x_wconf 84' lang='grc' dir='ltr'><strong><em>εἰ</em></strong></span> <span class='ocrx_word' id='word_1_239' title='bbox 741 1752 903 1797; x_wconf 85' lang='grc' dir='ltr'><strong><em>δύναιτο</em></strong></span> <span class='ocrx_word' id='word_1_240' title='bbox 936 1751 1019 1808; x_wconf 84' lang='grc' dir='ltr'><strong><em>μετ’</em></strong></span> <span class='ocrx_word' id='word_1_241' title='bbox 1054 1752 1177 1796; x_wconf 84' lang='grc' dir='ltr'><strong><em>αὐτοῦ</em></strong></span> <span class='ocrx_word' id='word_1_242' title='bbox 1208 1752 1373 1796; x_wconf 74' lang='grc' dir='ltr'><strong><em>κολάσαι</em></strong></span> <span class='ocrx_word' id='word_1_243' title='bbox 1402 1752 1473 1797; x_wconf 90' lang='grc' dir='ltr'><strong><em>τὸν</em></strong></span> <span class='ocrx_word' id='word_1_244' title='bbox 1503 1755 1665 1808; x_wconf 75' lang='grc' dir='ltr'><strong><em>ἔλαφον.</em></strong></span> 
     </span>
     <span class='ocr_line' id='line_1_26' title="bbox 131 1814 1667 1876; baseline 0.003 -18"><span class='ocrx_word' id='word_1_245' title='bbox 131 1814 154 1859; x_wconf 84' lang='grc' dir='ltr'>ὁ</span> <span class='ocrx_word' id='word_1_246' title='bbox 186 1815 230 1859; x_wconf 80' lang='grc' dir='ltr'><strong><em>δὲ</em></strong></span> <span class='ocrx_word' id='word_1_247' title='bbox 260 1817 428 1871; x_wconf 76' lang='grc' dir='ltr'><strong><em>ἔφησεν,</em></strong></span> <span class='ocrx_word' id='word_1_248' title='bbox 459 1815 530 1859; x_wconf 78' lang='grc' dir='ltr'><strong><em>ἐὰν</em></strong></span> <span class='ocrx_word' id='word_1_249' title='bbox 560 1816 663 1875; x_wconf 81' lang='grc' dir='ltr'><strong><em>λάβῃ</em></strong></span> <span class='ocrx_word' id='word_1_250' title='bbox 694 1818 876 1875; x_wconf 85' lang='grc' dir='ltr'><strong><em>χαλινόν,</em></strong></span> <span class='ocrx_word' id='word_1_251' title='bbox 907 1821 973 1862; x_wconf 80' lang='grc' dir='ltr'><strong><em>καὶ</em></strong></span> <span class='ocrx_word' id='word_1_252' title='bbox 1005 1818 1124 1870; x_wconf 76' lang='grc' dir='ltr'><strong><em>αὐτὸς</em></strong></span> <span class='ocrx_word' id='word_1_253' title='bbox 1154 1817 1286 1876; x_wconf 85' lang='grc' dir='ltr'><strong><em>ἀναβῇ</em></strong></span> <span class='ocrx_word' id='word_1_254' title='bbox 1318 1817 1379 1862; x_wconf 80' lang='grc' dir='ltr'><strong><em>ἐπ’</em></strong></span> <span class='ocrx_word' id='word_1_255' title='bbox 1414 1818 1536 1863; x_wconf 80' lang='grc' dir='ltr'><strong><em>αὐτὸν</em></strong></span> <span class='ocrx_word' id='word_1_256' title='bbox 1567 1821 1667 1875; x_wconf 81' lang='grc' dir='ltr'><strong><em>ἔχων</em></strong></span> 
     </span>
     <span class='ocr_line' id='line_1_27' title="bbox 132 1879 1667 1940; baseline 0.003 -17"><span class='ocrx_word' id='word_1_257' title='bbox 132 1879 311 1924; x_wconf 81' lang='grc' dir='ltr'><strong><em>ἀκόντια·</em></strong></span> <span class='ocrx_word' id='word_1_258' title='bbox 338 1882 731 1939; x_wconf 83' lang='grc' dir='ltr'><strong><em>συνομολογήσαντος</em></strong></span> <span class='ocrx_word' id='word_1_259' title='bbox 756 1884 799 1927; x_wconf 81' lang='grc' dir='ltr'><strong><em>δὲ</em></strong></span> <span class='ocrx_word' id='word_1_260' title='bbox 829 1886 896 1927; x_wconf 84' lang='grc' dir='ltr'><strong><em>καὶ</em></strong></span> <span class='ocrx_word' id='word_1_261' title='bbox 914 1884 1151 1940; x_wconf 79' lang='grc' dir='ltr'><strong><em>ἀναβάντος,</em></strong></span> <span class='ocrx_word' id='word_1_262' title='bbox 1177 1882 1264 1927; x_wconf 88' lang='grc' dir='ltr'><strong><em>ἀντὶ</em></strong></span> <span class='ocrx_word' id='word_1_263' title='bbox 1282 1889 1351 1928; x_wconf 86' lang='grc' dir='ltr'><strong><em>τοῦ</em></strong></span> <span class='ocrx_word' id='word_1_264' title='bbox 1369 1883 1667 1940; x_wconf 83' lang='grc' dir='ltr'><strong><em>τιμωρήσασθαι</em></strong></span> 
     </span>
     <span class='ocr_line' id='line_1_28' title="bbox 132 1944 1666 2009; baseline 0.003 -20"><span class='ocrx_word' id='word_1_265' title='bbox 132 1944 251 1998; x_wconf 79' lang='grc' dir='ltr'><strong><em>αὐτὸς</em></strong></span> <span class='ocrx_word' id='word_1_266' title='bbox 275 1946 508 1990; x_wconf 76' lang='grc' dir='ltr'><strong><em>ἐδούλευσεν</em></strong></span> <span class='ocrx_word' id='word_1_267' title='bbox 531 1947 611 2004; x_wconf 76' lang='grc' dir='ltr'><strong><em>ἤδη</em></strong></span> <span class='ocrx_word' id='word_1_268' title='bbox 636 1954 689 2008; x_wconf 81' lang='grc' dir='ltr'><strong><em>τῷ</em></strong></span> <span class='ocrx_word' id='word_1_269' title='bbox 715 1948 936 2009; x_wconf 60' lang='grc' dir='ltr'><strong><em>ἀνθρώπῳ</em></strong></span> <span class='ocrx_word' id='word_1_270' title='bbox 968 1950 1069 1994; x_wconf 75' lang='grc' dir='ltr'><strong><em>οὕτω</em></strong></span> <span class='ocrx_word' id='word_1_271' title='bbox 1097 1951 1140 1994; x_wconf 83' lang='grc' dir='ltr'><strong><em>δὲ</em></strong></span> <span class='ocrx_word' id='word_1_272' title='bbox 1164 1952 1230 1994; x_wconf 83' lang='grc' dir='ltr'><strong><em>καὶ</em></strong></span> <span class='ocrx_word' id='word_1_273' title='bbox 1254 1949 1385 2006; x_wconf 78' lang='grc' dir='ltr'><strong><em>ὑμεῖς,</em></strong></span> <span class='ocrx_word' id='word_1_274' title='bbox 1410 1952 1508 2006; x_wconf 77' lang='grc' dir='ltr'><strong><em>ἔφη,</em></strong></span> <span class='ocrx_word' id='word_1_275' title='bbox 1540 1948 1666 2005; x_wconf 82' lang='grc' dir='ltr'><strong><em>ὁρᾶτε,</em></strong></span> 
     </span>
     <span class='ocr_line' id='line_1_29' title="bbox 132 2010 1664 2076; baseline 0.003 -21"><span class='ocrx_word' id='word_1_276' title='bbox 132 2011 186 2067; x_wconf 90' lang='grc' dir='ltr'><strong><em>μὴ</em></strong></span> <span class='ocrx_word' id='word_1_277' title='bbox 210 2010 303 2064; x_wconf 79' lang='grc' dir='ltr'><strong><em>τοὺς</em></strong></span> <span class='ocrx_word' id='word_1_278' title='bbox 327 2016 538 2068; x_wconf 89' lang='grc' dir='ltr'><strong><em>πολεμίους</em></strong></span> <span class='ocrx_word' id='word_1_279' title='bbox 562 2014 797 2070; x_wconf 89' lang='grc' dir='ltr'><strong><em>βουλόμενοι</em></strong></span> <span class='ocrx_word' id='word_1_280' title='bbox 821 2016 1120 2072; x_wconf 82' lang='grc' dir='ltr'><strong><em>τιμωρήσασθαι</em></strong></span> <span class='ocrx_word' id='word_1_281' title='bbox 1144 2014 1260 2060; x_wconf 83' lang='grc' dir='ltr'><strong><em>ταύτὸ</em></strong></span> <span class='ocrx_word' id='word_1_282' title='bbox 1285 2016 1441 2072; x_wconf 76' lang='grc' dir='ltr'><strong><em>πάθητε</em></strong></span> <span class='ocrx_word' id='word_1_283' title='bbox 1466 2022 1518 2076; x_wconf 83' lang='grc' dir='ltr'><strong><em>τῷ</em></strong></span> <span class='ocrx_word' id='word_1_284' title='bbox 1540 2020 1664 2074; x_wconf 75' lang='grc' dir='ltr'><strong><em>ἵππῳ·</em></strong></span> 
     </span>
     <span class='ocr_line' id='line_1_30' title="bbox 131 2076 1664 2138; baseline 0.003 -18"><span class='ocrx_word' id='word_1_285' title='bbox 131 2076 201 2121; x_wconf 88' lang='grc' dir='ltr'><strong><em>τὸν</em></strong></span> <span class='ocrx_word' id='word_1_286' title='bbox 231 2078 302 2133; x_wconf 82' lang='grc' dir='ltr'><strong><em>μὲν</em></strong></span> <span class='ocrx_word' id='word_1_287' title='bbox 332 2076 407 2135; x_wconf 78' lang='grc' dir='ltr'><strong><em>γὰρ</em></strong></span> <span class='ocrx_word' id='word_1_288' title='bbox 444 2077 605 2134; x_wconf 81' lang='grc' dir='ltr'><strong><em>χαλινὸν</em></strong></span> <span class='ocrx_word' id='word_1_289' title='bbox 641 2081 739 2136; x_wconf 78' lang='grc' dir='ltr'><strong><em>ἔχετε</em></strong></span> <span class='ocrx_word' id='word_1_290' title='bbox 776 2080 876 2137; x_wconf 80' lang='grc' dir='ltr'><strong><em>ἤδη,</em></strong></span> <span class='ocrx_word' id='word_1_291' title='bbox 918 2081 1095 2137; x_wconf 80' lang='grc' dir='ltr'><strong><em>ἑλόμενοι</em></strong></span> <span class='ocrx_word' id='word_1_292' title='bbox 1131 2081 1345 2138; x_wconf 85' lang='grc' dir='ltr'><strong><em>στρατηγὸν</em></strong></span> <span class='ocrx_word' id='word_1_293' title='bbox 1382 2080 1664 2137; x_wconf 79' lang='grc' dir='ltr'><strong><em>αὐτοκράτορα·</em></strong></span> 
     </span>
     <span class='ocr_line' id='line_1_31' title="bbox 132 2141 1666 2203; baseline 0.003 -18"><span class='ocrx_word' id='word_1_294' title='bbox 132 2141 204 2193; x_wconf 77' lang='grc' dir='ltr'><strong><em>ἐὰν</em></strong></span> <span class='ocrx_word' id='word_1_295' title='bbox 235 2142 278 2185; x_wconf 79' lang='grc' dir='ltr'><strong><em>δὲ</em></strong></span> <span class='ocrx_word' id='word_1_296' title='bbox 309 2142 495 2199; x_wconf 84' lang='grc' dir='ltr'><strong><em>φυλακὴν</em></strong></span> <span class='ocrx_word' id='word_1_297' title='bbox 529 2147 625 2188; x_wconf 81' lang='grc' dir='ltr'><strong><em>δῶτε</em></strong></span> <span class='ocrx_word' id='word_1_298' title='bbox 656 2147 722 2189; x_wconf 81' lang='grc' dir='ltr'><strong><em>καὶ</em></strong></span> <span class='ocrx_word' id='word_1_299' title='bbox 753 2145 953 2202; x_wconf 86' lang='grc' dir='ltr'><strong><em>ἀναβῆναι</em></strong></span> <span class='ocrx_word' id='word_1_300' title='bbox 983 2147 1138 2203; x_wconf 79' lang='grc' dir='ltr'><strong><em>ἐάσητε,</em></strong></span> <span class='ocrx_word' id='word_1_301' title='bbox 1171 2146 1397 2190; x_wconf 80' lang='grc' dir='ltr'><strong><em>δουλεύσετε</em></strong></span> <span class='ocrx_word' id='word_1_302' title='bbox 1426 2147 1506 2202; x_wconf 80' lang='grc' dir='ltr'><strong><em>ἤδη</em></strong></span> <span class='ocrx_word' id='word_1_303' title='bbox 1534 2146 1666 2189; x_wconf 84' lang='grc' dir='ltr'><strong><em>Φαλά-</em></strong></span> 
     </span>
     <span class='ocr_line' id='line_1_32' title="bbox 134 2210 1664 2268; baseline 0.003 -19"><span class='ocrx_word' id='word_1_304' title='bbox 134 2210 223 2261; x_wconf 80' lang='grc' dir='ltr'><strong><em>ριδι.</em></strong></span> <span class='ocrx_word' id='word_1_305' title='bbox 286 2210 441 2251; x_wconf 83' lang='lat' dir='ltr'>Similia</span> <span class='ocrx_word' id='word_1_306' title='bbox 476 2213 602 2253; x_wconf 78' lang='lat' dir='ltr'><strong>refert</strong></span> <span class='ocrx_word' id='word_1_307' title='bbox 640 2213 777 2254; x_wconf 88' lang='lat' dir='ltr'>Conon</span> <span class='ocrx_word' id='word_1_308' title='bbox 807 2216 927 2255; x_wconf 83' lang='lat' dir='ltr'>Narr.</span> <span class='ocrx_word' id='word_1_309' title='bbox 958 2216 1090 2268; x_wconf 88' lang='lat' dir='ltr'>XLII;</span> <span class='ocrx_word' id='word_1_310' title='bbox 1135 2216 1184 2256; x_wconf 90' lang='lat' dir='ltr'><strong><em>cf.</em></strong></span> <span class='ocrx_word' id='word_1_311' title='bbox 1216 2217 1337 2268; x_wconf 83' lang='lat' dir='ltr'>etiam</span> <span class='ocrx_word' id='word_1_312' title='bbox 1375 2215 1508 2255; x_wconf 83' lang='lat' dir='ltr'>Rhett.</span> <span class='ocrx_word' id='word_1_313' title='bbox 1542 2215 1664 2254; x_wconf 80' lang='lat' dir='ltr'>Walz.</span> 
     </span>
     <span class='ocr_line' id='line_1_33' title="bbox 134 2276 1665 2332; baseline 0.004 -18"><span class='ocrx_word' id='word_1_314' title='bbox 134 2276 153 2315; x_wconf 94' lang='lat' dir='ltr'>I</span> <span class='ocrx_word' id='word_1_315' title='bbox 180 2277 279 2315; x_wconf 83' lang='lat'>424.</span> <span class='ocrx_word' id='word_1_316' title='bbox 329 2276 664 2318; x_wconf 78' lang='lat' dir='ltr'>Narratiunculae</span> <span class='ocrx_word' id='word_1_317' title='bbox 698 2281 815 2321; x_wconf 88' lang='lat' dir='ltr'>huius</span> <span class='ocrx_word' id='word_1_318' title='bbox 846 2283 999 2332; x_wconf 88' lang='lat' dir='ltr'>primus</span> <span class='ocrx_word' id='word_1_319' title='bbox 1031 2285 1078 2322; x_wconf 89' lang='lat' dir='ltr'>ut</span> <span class='ocrx_word' id='word_1_320' title='bbox 1107 2282 1268 2322; x_wconf 79' lang='lat' dir='ltr'>videtur</span> <span class='ocrx_word' id='word_1_321' title='bbox 1298 2282 1439 2319; x_wconf 80' lang='lat' dir='ltr'>auctor</span> <span class='ocrx_word' id='word_1_322' title='bbox 1469 2281 1665 2320; x_wconf 78' lang='lat' dir='ltr'>Philistus</span> 
     </span>
     <span class='ocr_line' id='line_1_34' title="bbox 134 2341 1666 2399; baseline 0.003 -20"><span class='ocrx_word' id='word_1_323' title='bbox 134 2342 176 2380; x_wconf 92' lang='lat' dir='ltr'><strong><em>in</em></strong></span> <span class='ocrx_word' id='word_1_324' title='bbox 205 2341 319 2387; x_wconf 75' lang='lat' dir='ltr'>libris</span> <span class='ocrx_word' id='word_1_325' title='bbox 350 2343 586 2393; x_wconf 85' lang='grc' dir='ltr'><strong><em>Σικελικῶν,</em></strong></span> <span class='ocrx_word' id='word_1_326' title='bbox 616 2344 695 2384; x_wconf 82' lang='lat' dir='ltr'>vid.</span> <span class='ocrx_word' id='word_1_327' title='bbox 727 2345 836 2386; x_wconf 85' lang='lat' dir='ltr'>Theo</span> <span class='ocrx_word' id='word_1_328' title='bbox 868 2347 1084 2399; x_wconf 86' lang='lat' dir='ltr'>Progymn.</span> <span class='ocrx_word' id='word_1_329' title='bbox 1109 2360 1147 2397; x_wconf 88' lang='lat' dir='ltr'><strong><em>p.</em></strong></span> <span class='ocrx_word' id='word_1_330' title='bbox 1175 2347 1229 2386; x_wconf 88' lang='grc'><strong><em>66</em></strong></span> <span class='ocrx_word' id='word_1_331' title='bbox 1257 2345 1421 2396; x_wconf 85' lang='lat' dir='ltr'>Speng.:</span> <span class='ocrx_word' id='word_1_332' title='bbox 1455 2341 1590 2396; x_wconf 83' lang='grc' dir='ltr'><strong><em>μύθου</em></strong></span> <span class='ocrx_word' id='word_1_333' title='bbox 1622 2343 1666 2385; x_wconf 87' lang='grc' dir='ltr'><strong><em>δὲ</em></strong></span> 
     </span>
     <span class='ocr_line' id='line_1_35' title="bbox 134 2401 1665 2466; baseline 0.003 -19"><span class='ocrx_word' id='word_1_334' title='bbox 134 2401 272 2454; x_wconf 82' lang='grc' dir='ltr'><strong><em>ὁποῖός</em></strong></span> <span class='ocrx_word' id='word_1_335' title='bbox 311 2404 388 2446; x_wconf 80' lang='grc' dir='ltr'><strong><em>ἔστι</em></strong></span> <span class='ocrx_word' id='word_1_336' title='bbox 424 2403 532 2459; x_wconf 80' lang='grc' dir='ltr'><strong><em>παρὰ</em></strong></span> <span class='ocrx_word' id='word_1_337' title='bbox 563 2402 764 2464; x_wconf 84' lang='grc' dir='ltr'><strong><em>Ἡροδότῳ</em></strong></span> <span class='ocrx_word' id='word_1_338' title='bbox 801 2413 871 2451; x_wconf 84' lang='grc' dir='ltr'><strong><em>τοῦ</em></strong></span> <span class='ocrx_word' id='word_1_339' title='bbox 909 2407 1100 2463; x_wconf 78' lang='grc' dir='ltr'><strong><em>αὐλητοῦ,</em></strong></span> <span class='ocrx_word' id='word_1_340' title='bbox 1143 2410 1210 2451; x_wconf 84' lang='grc' dir='ltr'><strong><em>καὶ</em></strong></span> <span class='ocrx_word' id='word_1_341' title='bbox 1246 2405 1353 2462; x_wconf 83' lang='grc' dir='ltr'><strong><em>παρὰ</em></strong></span> <span class='ocrx_word' id='word_1_342' title='bbox 1393 2410 1558 2466; x_wconf 80' lang='grc' dir='ltr'><strong><em>Φιλίστῳ</em></strong></span> <span class='ocrx_word' id='word_1_343' title='bbox 1597 2412 1665 2451; x_wconf 86' lang='grc' dir='ltr'><strong><em>τοῦ</em></strong></span> 
     </span>
     <span class='ocr_line' id='line_1_36' title="bbox 134 2469 1664 2530; baseline 0.004 -20"><span class='ocrx_word' id='word_1_344' title='bbox 134 2469 258 2511; x_wconf 77' lang='grc' dir='ltr'><strong><em>ἵππου</em></strong></span> <span class='ocrx_word' id='word_1_345' title='bbox 283 2469 350 2511; x_wconf 82' lang='grc' dir='ltr'><strong><em>καὶ</em></strong></span> <span class='ocrx_word' id='word_1_346' title='bbox 374 2474 453 2512; x_wconf 81' lang='grc' dir='ltr'><strong><em>τῶν</em></strong></span> <span class='ocrx_word' id='word_1_347' title='bbox 478 2471 522 2512; x_wconf 77' lang='grc' dir='ltr'><strong><em>ἐν</em></strong></span> <span class='ocrx_word' id='word_1_348' title='bbox 544 2471 710 2529; x_wconf 78' lang='grc' dir='ltr'><strong><em>ἑκατέρῳ</em></strong></span> <span class='ocrx_word' id='word_1_349' title='bbox 735 2473 780 2514; x_wconf 78' lang='grc' dir='ltr'><strong><em>ἐν</em></strong></span> <span class='ocrx_word' id='word_1_350' title='bbox 803 2477 849 2529; x_wconf 83' lang='grc' dir='ltr'><strong><em>τῇ</em></strong></span> <span class='ocrx_word' id='word_1_351' title='bbox 874 2473 1008 2530; x_wconf 81' lang='grc' dir='ltr'><strong><em>πρώτῃ</em></strong></span> <span class='ocrx_word' id='word_1_352' title='bbox 1032 2475 1099 2516; x_wconf 81' lang='grc' dir='ltr'><strong><em>καὶ</em></strong></span> <span class='ocrx_word' id='word_1_353' title='bbox 1124 2475 1167 2516; x_wconf 79' lang='grc' dir='ltr'><strong><em>ἐν</em></strong></span> <span class='ocrx_word' id='word_1_354' title='bbox 1191 2478 1237 2530; x_wconf 81' lang='grc' dir='ltr'><strong><em>τῇ</em></strong></span> <span class='ocrx_word' id='word_1_355' title='bbox 1263 2473 1436 2530; x_wconf 77' lang='grc' dir='ltr'><strong><em>δευτέρᾳ,</em></strong></span> <span class='ocrx_word' id='word_1_356' title='bbox 1461 2476 1530 2527; x_wconf 88' lang='lat' dir='ltr'><strong><em>qui</em></strong></span> <span class='ocrx_word' id='word_1_357' title='bbox 1554 2477 1664 2516; x_wconf 86' lang='lat' dir='ltr'>locus</span> 
     </span>
     <span class='ocr_line' id='line_1_37' title="bbox 135 2537 1664 2594; baseline 0.004 -19"><span class='ocrx_word' id='word_1_358' title='bbox 135 2537 392 2576; x_wconf 81' lang='lat' dir='ltr'>manifestum</span> <span class='ocrx_word' id='word_1_359' title='bbox 431 2538 573 2577; x_wconf 86' lang='lat' dir='ltr'>vitium</span> <span class='ocrx_word' id='word_1_360' title='bbox 611 2540 824 2589; x_wconf 80' lang='lat' dir='ltr'>contraxit,</span> <span class='ocrx_word' id='word_1_361' title='bbox 868 2542 1016 2581; x_wconf 87' lang='lat' dir='ltr'>conieci</span> <span class='ocrx_word' id='word_1_362' title='bbox 1052 2544 1122 2582; x_wconf 86' lang='grc' dir='ltr'><strong><em>τοῦ</em></strong></span> <span class='ocrx_word' id='word_1_363' title='bbox 1159 2541 1284 2582; x_wconf 77' lang='grc' dir='ltr'><strong><em>ἵππου</em></strong></span> <span class='ocrx_word' id='word_1_364' title='bbox 1321 2539 1387 2580; x_wconf 76' lang='grc' dir='ltr'><strong><em>καὶ</em></strong></span> <span class='ocrx_word' id='word_1_365' title='bbox 1423 2543 1501 2581; x_wconf 83' lang='grc' dir='ltr'><strong><em>τῶν</em></strong></span> <span class='ocrx_word' id='word_1_366' title='bbox 1539 2537 1664 2594; x_wconf 55' lang='lat' dir='ltr'><strong><em>CIM-</em></strong></span> 
     </span>
     <span class='ocr_line' id='line_1_38' title="bbox 135 2598 1664 2659; baseline 0.005 -19"><span class='ocrx_word' id='word_1_367' title='bbox 135 2601 298 2653; x_wconf 87' lang='grc' dir='ltr'><strong><em>ραίων·</em></strong></span> <span class='ocrx_word' id='word_1_368' title='bbox 329 2598 456 2656; x_wconf 86' lang='grc' dir='ltr'><strong><em>παρ’)</em></strong></span> <span class='ocrx_word' id='word_1_369' title='bbox 484 2601 671 2659; x_wconf 80' lang='grc' dir='ltr'><strong><em>ἑκατέρῳ,</em></strong></span> <span class='ocrx_word' id='word_1_370' title='bbox 703 2605 772 2645; x_wconf 86' lang='lat' dir='ltr'>sed</span> <span class='ocrx_word' id='word_1_371' title='bbox 798 2606 1055 2647; x_wconf 86' lang='lat' dir='ltr'>verisimilius</span> <span class='ocrx_word' id='word_1_372' title='bbox 1087 2608 1181 2647; x_wconf 80' lang='lat' dir='ltr'>bina</span> <span class='ocrx_word' id='word_1_373' title='bbox 1212 2608 1392 2658; x_wconf 81' lang='lat' dir='ltr'>exempla.</span> <span class='ocrx_word' id='word_1_374' title='bbox 1424 2620 1470 2647; x_wconf 87' lang='lat' dir='ltr'><strong><em>ex</em></strong></span> <span class='ocrx_word' id='word_1_375' title='bbox 1496 2607 1664 2648; x_wconf 81' lang='lat' dir='ltr'>Philisto</span> 
     </span>
     <span class='ocr_line' id='line_1_39' title="bbox 135 2667 1665 2725; baseline 0.004 -19"><span class='ocrx_word' id='word_1_376' title='bbox 135 2667 260 2707; x_wconf 75' lang='lat' dir='ltr'>allata</span> <span class='ocrx_word' id='word_1_377' title='bbox 291 2681 396 2718; x_wconf 83' lang='lat' dir='ltr'>esse,</span> <span class='ocrx_word' id='word_1_378' title='bbox 427 2669 495 2720; x_wconf 90' lang='lat' dir='ltr'><strong><em>qui</em></strong></span> <span class='ocrx_word' id='word_1_379' title='bbox 526 2669 705 2708; x_wconf 77' lang='lat' dir='ltr'>fabulam</span> <span class='ocrx_word' id='word_1_380' title='bbox 731 2670 780 2709; x_wconf 86' lang='lat' dir='ltr'><strong><em>de</em></strong></span> <span class='ocrx_word' id='word_1_381' title='bbox 805 2671 1028 2711; x_wconf 80' lang='lat' dir='ltr'>Himeraeis</span> <span class='ocrx_word' id='word_1_382' title='bbox 1060 2675 1101 2712; x_wconf 88' lang='lat' dir='ltr'><strong><em>et</em></strong></span> <span class='ocrx_word' id='word_1_383' title='bbox 1129 2685 1230 2723; x_wconf 84' lang='lat' dir='ltr'>equo</span> <span class='ocrx_word' id='word_1_384' title='bbox 1255 2673 1358 2712; x_wconf 89' lang='lat' dir='ltr'>libro</span> <span class='ocrx_word' id='word_1_385' title='bbox 1383 2672 1421 2722; x_wconf 94' lang='lat'><strong><em>1,</em></strong></span> <span class='ocrx_word' id='word_1_386' title='bbox 1452 2674 1665 2725; x_wconf 81' lang='lat' dir='ltr'>apologum</span> 
     </span>
     <span class='ocr_line' id='line_1_40' title="bbox 134 2731 1663 2786; baseline 0.005 -15"><span class='ocrx_word' id='word_1_387' title='bbox 134 2733 213 2771; x_wconf 79' lang='grc' dir='ltr'><strong><em>τῶν</em></strong></span> <span class='ocrx_word' id='word_1_388' title='bbox 243 2731 271 2783; x_wconf 87' lang='lat'><em>†</em></span> <span class='ocrx_word' id='word_1_389' title='bbox 290 2731 526 2786; x_wconf 78' lang='grc' dir='ltr'><strong><em>ἕνεκατέρων</em></strong></span> <span class='ocrx_word' id='word_1_390' title='bbox 556 2735 659 2774; x_wconf 90' lang='lat' dir='ltr'>libro</span> <span class='ocrx_word' id='word_1_391' title='bbox 691 2735 731 2774; x_wconf 95' lang='grc' dir='ltr'><strong><em>ΙΙ</em></strong></span> <span class='ocrx_word' id='word_1_392' title='bbox 762 2735 944 2776; x_wconf 86' lang='lat' dir='ltr'>inseruit.</span> <span class='ocrx_word' id='word_1_393' title='bbox 999 2736 1170 2777; x_wconf 84' lang='lat' dir='ltr'>Philisto</span> <span class='ocrx_word' id='word_1_394' title='bbox 1202 2750 1299 2777; x_wconf 90' lang='lat' dir='ltr'>usus</span> <span class='ocrx_word' id='word_1_395' title='bbox 1331 2740 1394 2777; x_wconf 86' lang='lat' dir='ltr'>cst</span> <span class='ocrx_word' id='word_1_396' title='bbox 1423 2751 1503 2777; x_wconf 93' lang='lat' dir='ltr'><strong><em>non</em></strong></span> <span class='ocrx_word' id='word_1_397' title='bbox 1534 2735 1663 2779; x_wconf 83' lang='lat' dir='ltr'>solum</span> 
     </span>
     <span class='ocr_line' id='line_1_41' title="bbox 137 2798 1664 2854; baseline 0.005 -17"><span class='ocrx_word' id='word_1_398' title='bbox 137 2798 388 2849; x_wconf 83' lang='lat' dir='ltr'>Aristoteles,</span> <span class='ocrx_word' id='word_1_399' title='bbox 414 2800 483 2839; x_wconf 86' lang='lat' dir='ltr'>sed</span> <span class='ocrx_word' id='word_1_400' title='bbox 509 2800 631 2839; x_wconf 84' lang='lat' dir='ltr'>etiam</span> <span class='ocrx_word' id='word_1_401' title='bbox 658 2800 757 2840; x_wconf 81' lang='lat' dir='ltr'>Cato</span> <span class='ocrx_word' id='word_1_402' title='bbox 782 2802 823 2840; x_wconf 91' lang='lat' dir='ltr'><strong><em>in</em></strong></span> <span class='ocrx_word' id='word_1_403' title='bbox 849 2801 1081 2853; x_wconf 85' lang='lat' dir='ltr'>Originibus</span> <span class='ocrx_word' id='word_1_404' title='bbox 1100 2803 1125 2842; x_wconf 90' lang='lat'><strong><em>1.</em></strong></span> <span class='ocrx_word' id='word_1_405' title='bbox 1146 2803 1219 2852; x_wconf 84' lang='grc' dir='ltr'><strong><em>ΙΙΙ,</em></strong></span> <span class='ocrx_word' id='word_1_406' title='bbox 1244 2803 1320 2846; x_wconf 84' lang='lat' dir='ltr'>vid.</span> <span class='ocrx_word' id='word_1_407' title='bbox 1347 2803 1395 2844; x_wconf 87' lang='lat' dir='ltr'><strong><em>fr.</em></strong></span> <span class='ocrx_word' id='word_1_408' title='bbox 1416 2815 1478 2854; x_wconf 82' lang='lat' dir='ltr'><strong><em>ap.</em></strong></span> <span class='ocrx_word' id='word_1_409' title='bbox 1500 2804 1664 2844; x_wconf 84' lang='lat' dir='ltr'>Festum</span> 
     </span>
     <span class='ocr_line' id='line_1_42' title="bbox 135 2862 1665 2922; baseline 0.006 -20"><span class='ocrx_word' id='word_1_410' title='bbox 135 2875 174 2913; x_wconf 88' lang='lat' dir='ltr'><strong><em>p.</em></strong></span> <span class='ocrx_word' id='word_1_411' title='bbox 208 2865 309 2903; x_wconf 82' lang='lat'>182:</span> <span class='ocrx_word' id='word_1_412' title='bbox 360 2865 493 2915; x_wconf 79' lang='lat' dir='ltr'>Equos</span> <span class='ocrx_word' id='word_1_413' title='bbox 522 2866 735 2916; x_wconf 59' lang='grc' dir='ltr'><strong><em>νεεῃιοηιῑὶέ,</em></strong></span> <span class='ocrx_word' id='word_1_414' title='bbox 772 2878 883 2907; x_wconf 79' lang='lat' dir='ltr'>oreas</span> <span class='ocrx_word' id='word_1_415' title='bbox 914 2862 963 2920; x_wconf 87' lang='lat' dir='ltr'>(s.</span> <span class='ocrx_word' id='word_1_416' title='bbox 997 2863 1157 2922; x_wconf 79' lang='lat' dir='ltr'>aureas)</span> <span class='ocrx_word' id='word_1_417' title='bbox 1194 2869 1289 2909; x_wconf 71' lang='lat' dir='ltr'>mim·</span> <span class='ocrx_word' id='word_1_418' title='bbox 1325 2870 1430 2915; x_wconf 72' lang='lat' dir='ltr'>inde,</span> <span class='ocrx_word' id='word_1_419' title='bbox 1468 2871 1536 2910; x_wconf 72' lang='lat' dir='ltr'>tibi</span> <span class='ocrx_word' id='word_1_420' title='bbox 1572 2882 1665 2921; x_wconf 78' lang='lat' dir='ltr'><strong><em>cape</em></strong></span> 
     </span>
    </p>
   </div>
  </div>
 </body>
</html>
