1864 3126
233 84 320 127 488
525 131 527 134 ,
795 84 988 122 ΡοΕΤΑΕ
1013 85 1192 122 1101101.

392 194 465 237 καὶ
497 192 653 245 πόλιας
683 194 866 249 θνητῶν
898 195 1069 250 θοῦρος
1088 192 1222 250 ’Ἀρης
1253 194 1423 250 ἐφέπει,
1665 207 1755 240 1168

332 262 486 308 οὐδένι
518 279 584 308 πω
616 263 800 308 κάλλιον
833 265 1104 321 ἐπιχθονίων
1135 263 1274 320 γένετ’
1309 263 1492 323 ἀνδρῶν

392 338 524 390 ἔργον
557 336 604 379 ἐν
636 333 802 395 ἠπείρῳ
834 335 907 378 καὶ
938 334 1046 378 κατὰ
1079 334 1245 379 πόντον
1278 333 1404 392 ὁμοῦ.

284 418 305 449 5
333 406 427 449 οἵδε
457 404 543 463 γὰρ
577 407 624 450 ἐν
656 410 761 464 γαίῃ
796 405 972 462 Μήδων
1003 404 1196 458 πολλοὺς
1227 404 1459 458 ὀλέσαντες

394 479 620 521 Φοινίκων
652 476 810 521 ἑκατὸν
841 479 953 528 ναῦς
984 477 1087 521 ἕλον
1119 478 1166 521 ἐν
1198 476 1375 534 πελάγει

332 545 515 604 ἀνδρῶν
545 546 823 604 πληθούσας·
855 548 965 604 μέγα
997 545 1038 591 δ’
1074 550 1248 592 ἔστενεν
1276 546 1393 601 Ἀσὶς
1423 545 1499 592 ὑπ’
1534 546 1683 593 αὐτῶν

391 617 590 674 πληγεῖσ’
626 617 897 676 ἀμφοτέραις
927 618 1048 677 χερσὶ
1080 617 1228 676 κράτει
1260 619 1466 676 πολέμου.

237 736 391 773 Aristid.
418 738 457 772 et
482 737 595 772 schol.
599 737 749 794 (epigr.
769 737 933 794 Xanthq)
961 733 1000 780 ἐξ
1027 732 1071 773 οὗ
1124 733 1275 773 ’A.nth
1296 737 1404 773 Diod.
1418 737 1498 773 Ars.
1514 735 1760 784 -Εὖρῶπην

237 782 368 831 Ἀσίας,
405 780 743 830 Αο111.Εὐρωπαν
771 781 897 841 Ἀσίης.
925 804 968 810 -
997 783 1165 830 ἔνειμεν,
1201 784 1351 821 Aristid.
1385 786 1423 820 et
1454 785 1568 821 schol.
1602 784 1761 831 ἔκρινεν.

238 853 283 858 -
308 832 353 867 V.
381 836 412 868 2.
439 830 590 877 πόλιας,
622 831 729 867 Diod.
757 829 895 872 πόλεας
920 832 1042 877 (codd.
1067 798 1232 878 πολέας),
1266 831 1378 868 Anth.
1405 830 1605 879 πόλεμον
1630 833 1762 879 λαῶν,

238 880 326 915 inde
345 879 511 915 Dorville
531 879 716 925 πολέμους
740 879 896 914 θνατῶν
918 879 1204 924 commendavit,
1229 878 1322 915 mihi
1345 877 1480 920 πόλιας
1505 881 1622 916 λαῶν
1647 882 1762 926 poeta

236 927 385 963 videtur
410 927 615 972 scripsisse,
642 938 730 962 nam
754 927 908 986 θνητῶν
934 926 1126 972 displicet,
1152 927 1327 972 quoniam
1354 925 1585 986 ἐπιχθονίων
1609 924 1762 972 ἀνδρῶν

237 973 413 1010 continuo
437 973 685 1030 subsequitur.
712 994 756 999 —
784 970 937 1018 ἐφέπει,
964 973 1072 1010 Diod.
1101 971 1191 1019 ἕπέχ
1193 987 1238 1010 ει.
1265 995 1307 999 —-
1334 974 1379 1010 V.
1405 979 1438 1011 3.
1472 971 1620 1020 ούδένι,
1651 975 1760 1011 Diod.

235 1019 361 1066 οὐδέν,
387 1022 499 1056 Anth.
527 1018 687 1066 οὐδαμά.
710 1042 753 1046 —
775 987 1235 1066 καλλιον,Α111,11.οο(1.χΡ
1263 1023 1433 1064 καλλίων,
1457 1021 1566 1058 Diod.
1590 1022 1763 1058 τοιοῦτον

236 1069 347 1114 male,
373 1068 532 1104 fortasse
551 1068 721 1104 Atticum
746 1068 841 1104 illud
866 1068 1096 1114 epigramma
1121 1069 1181 1105 vel
1206 1069 1310 1104 aliud
1335 1049 1455 1105 simile
1481 1069 1642 1105 librariis
1661 1070 1762 1106 vete·

234 1116 336 1152 ribus
363 1116 642 1152 obversabatur.
669 1137 711 1141 ——
738 1116 782 1151 V.
804 1120 836 1151 4.
865 1115 985 1161 ἐ’,ργον
1011 1116 1090 1152 00(1.
1118 1117 1157 1151 P.
1184 1117 1296 1151 Anth.
1323 1128 1346 1152 a
1371 1129 1418 1152 m.
1445 1129 1499 1162 pr.
1527 1129 1696 1162 ευεργον.
1716 1138 1759 1143 -

236 1160 345 1209 ὁμοῦ,
372 1164 482 1198 Anth.
509 1163 616 1199 Diod.
642 1159 732 1208 α’μα.
759 1184 806 1188 —-
831 1164 874 1200 V.
902 1167 933 1199 5.
962 1164 1054 1209 οἵδε,
1079 1163 1192 1200 Αο1·,11,
1219 1164 1299 1199 0011.
1324 1164 1354 1199 P
1381 1162 1478 1210 οἶδε,
1504 1164 1620 1200 001101.
1646 1163 1760 1199 Arist.

237 1210 377 1246 00(1.Α
403 1212 442 1245 et
466 1210 580 1246 Paris.
607 1210 637 1244 B
665 1177 755 1246 εἶδε.
782 1212 940 1257 -γαίῃ
966 1211 1081 1246 Arist.
1107 1212 1145 1246 et
1171 1211 1305 1254 schol..
1339 1193 1482 1258 Κύπρῳ
1514 1211 1621 1247 Diod.
1646 1211 1760 1247 Anth.

237 1259 383 1294 Arsen.-
375 1285 383 1300 ,
415 1258 522 1304 γαίῃ,
553 1258 652 1304 quod
684 1258 760 1293 iam
791 1247 936 1302 Kruger
965 1258 1068 1294 recto
1094 1269 1180 1293 usus
1206 1257 1344 1294 iudicio
1370 1260 1507 1304 tuetur,
1542 1270 1617 1294 non
1641 1259 1762 1294 0011101

236 1294 516 1341 commendatur
540 1299 663 1340 verb'is
689 1304 866 1350 proximis
892 1302 933 1340 ἐν
958 1302 1123 1365 πελάγει,
1150 1305 1216 1340 0οᾱ
1234 1305 1348 1362 etiam
1369 1306 1488 1342 multo
1508 1305 1628 1363 magis
1648 1305 1762 1342 stabi-

235 1353 357 1388 lititur
375 1363 483 1387 versu
508 1363 727 1409 praegresso
754 1351 864 1398 ἔργον
891 1349 932 1387 ἐν
957 1349 1128 1399 ἠπείρῳ
1154 1351 1218 1388 καὶ
1243 1349 1339 1388 κατὰ
1365 1351 1505 1389 πόντον
1530 1350 1652 1408 dumi,-
1665 1365 1762 1398 quae

237 1399 391 1435 lectioni
418 1397 459 1435 ἐν
478 1397 618 1448 Κύπρῳ
645 1400 757 1445 plane
782 1401 1043 1459 adversantur;
1068 1411 1156 1435 nam
1181 1400 1363 1446 proelium
1388 1400 1559 1446 pedestre
1585 1401 1616 1436 si
1641 1399 1680 1436 in
1704 1400 1761 1436 in-

238 1448 319 1483 sula
344 1447 582 1482 commissum
596 1436 690 1491 fuit,
715 1447 820 1482 nullo
846 1448 957 1492 pacto
985 1444 1025 1482 ἐν
1051 1444 1193 1495 ἠπείρῳ
1219 1447 1293 1482 (1101
1316 1447 1457 1493 potuit:
1489 1447 1618 1493 itaque
1642 1447 1762 1483 mani-

235 1495 374 1530 festum
399 1497 472 1538 est,
506 1495 736 1539 epigramma
761 1494 810 1529 ad
835 1494 1030 1530 victoriam
1047 1484 1403 1550 Eurymedonffiam,
1434 1507 1509 1531 non
1541 1496 1589 1530 ad
1620 1507 1764 1541 pugnas

238 1542 390 1587 Cyprias
416 1543 594 1586 spectare.
644 1542 774 1577 Altera
799 1541 911 1576 lectio
938 1538 980 1577 ἐν
999 1538 1140 1590 Κύπρῳ
1166 1542 1260 1577 nihil
1285 1543 1342 1578 est
1365 1542 1435 1578 nisi
1454 1543 1762 1588 interprefflen·

236 1591 317 1624 tum
341 1589 516 1634 hominis,
542 1589 606 1634 qui
630 1589 692 1625 vel
710 1590 907 1634 utramque
928 1556 1125 1625 victoriam
1144 1591 1283 1625 temere
1304 1590 1484 1634 confudit,
1504 1590 1565 1626 vel
1583 1590 1762 1646 deceptus

239 1638 295 1671 est
319 1636 476 1672 Diodori
500 1636 714 1672 narratione
739 1636 806 1681 (XL
831 1639 900 1680 60),
933 1635 998 1694 qui
1029 1637 1211 1693 proelium
1235 1637 1369 1673 navale
1399 1618 1486 1682 περὶ
1510 1634 1580 1682 τὴν
1605 1633 1762 1682 Κύπρον

235 1684 474 1719 commissum
500 1695 579 1719 esse
605 1685 749 1728 narrat;
783 1684 922 1719 etenim
947 1680 970 1729 ἡ
997 1685 1083 1729 περὶ
1107 1681 1175 1742 τὴν
1202 1682 1356 1730 Κύπρον
1386 1686 1579 1744 ναυμαχία
1613 1685 1762 1741 poterat

237 1731 351 1767 etiam
376 1728 400 1776 ὴ
429 1728 469 1766 ἐν
490 1729 619 1779 κύπρῳ
640 1745 673 1767 ν.
694 1730 779 1776 dici,
806 1731 1119 1775 quemadmodum
1143 1729 1167 1777 ἡ
1189 1733 1376 1777 Σαλαμῖνι
1402 1732 1462 1768 vel
1487 1729 1510 1777 ἡ
1538 1729 1580 1767 ἐν
1598 1729 1763 1784 Μυκάλῃ

238 1776 355 1824 μάχη,
393 1789 512 1823 neque
550 1789 638 1814 vero
669 1779 851 1824 pedestris
887 1790 1014 1824 pugna
1045 1779 1094 1814 ad
1128 1779 1442 1824 Eurymedontem
1474 1778 1514 1814 in
1538 1777 1764 1832 Pamphylia

238 1825 445 1870 commissa,
472 1837 566 1869 quae
592 1827 663 1861 hoe
689 1837 796 1860 versu
815 1827 1051 1861 memoratur.
1103 1826 1233 1871 Neque
1259 1827 1495 1872 adversabor,
1521 1827 1553 1862 si
1578 1826 1662 1871 quis
1686 1825 1763 1862 1801

236 1872 440 1908 Diodorum
465 1873 505 1907 in
531 1884 596 1908 suo
623 1873 792 1918 exemplo
826 1873 1154 1918 interpolationem
1184 1874 1295 1909 istam
1325 1874 1531 1919 repperisse
1562 1872 1762 1918 existimet,

237 1931 351 1965 quam
394 1920 515 1955 denuo
565 1919 683 1955 tuitus
732 1924 789 1955 est
836 1920 1032 1965 Iunghahn
1081 1921 1192 1965 plane
1241 1921 1477 1957 incredibilia
1520 1922 1762 1964 commentus,

237 1967 359 2003 verbis
397 1968 475 2002 οιδε
504 1995 511 2003 .
539 1994 547 2002 .
574 1995 582 2003 .
608 1965 830 2022 πληθούσας
865 1967 999 2003 navale
1035 1967 1236 2024 proelium,
1274 1967 1371 2013 μέγα
1408 1965 1525 2003 δ’.
1558 1996 1566 2004 .
1598 1965 1762 2013 πολέμου

237 2015 407 2060 pedestre
451 2014 636 2060 describi,
681 2012 723 2050 ἐν
760 2011 906 2071 Κύπρῳ
953 2011 994 2050 ἐν
1037 2012 1194 2060 πελαγει
1234 1995 1502 2060 interpretatus
1546 2015 1678 2060 opinor
1691 1981 1763 2051 μέν

237 2063 392 2110 Κυπρία)
429 2059 602 2108 πελάγει,
645 2063 710 2097 sed
747 2058 980 2107 ἀμφοτέραις
1022 2061 1145 2120 χτερσὶ
1165 2073 1249 2097 eum
1292 2062 1526 2108 intelligeret
1554 2073 1763 2120 repugnare

239 2121 326 2144 suae
347 2099 600 2154 explicationi,
626 2121 743 2167 prava
762 2109 975 2145 coniectura
1000 2106 1097 2145 αυθ’
1126 2106 1271 2169 ἑτέραις
1294 2110 1466 2146 tentavit.
1486 2129 1530 2135 —
1554 2106 1764 2154 ὀλέσαντες,

240 2157 354 2192 001101.
375 2155 487 2193 Arist.
508 2157 586 2192 cod.
607 2157 639 2191 A
660 2153 872 2201 ὀλέσαντας,
899 2168 957 2202 ap.
979 2156 1087 2193 Diod
1107 2156 1204 2192 AHL
1226 2154 1436 2198 ἐλάσαντες.
1480 2156 1763 2200 Difficultafem,

238 2215 313 2248 qua
338 2204 457 2239 oratio
482 2203 640 2247 laborat,
664 2203 761 2239 infra
786 2204 958 2250 expedire
985 2205 1138 2240 conatus
1164 2216 1262 2247 sum,
1289 2205 1354 2241 sed
1379 2204 1577 2250 oportebat
1600 2204 1763 2251 poetam,

239 2263 350 2296 quem
375 2262 496 2287 rerum
529 2253 720 2297 gestarum
751 2251 917 2287 ordinem
950 2252 1140 2297 cognitum
1171 2252 1345 2288 habuisse
1377 2253 1664 2288 consentaneum
1694 2252 1763 2295 est,

238 2299 433 2334 verborum
466 2298 751 2344 ambiguitatem
785 2299 914 2344 procul
951 2299 1104 2343 habere;
1153 2299 1255 2334 haud
1291 2299 1367 2335 scio
1398 2311 1447 2335 an
1470 2300 1646 2335 mendum
1667 2299 1765 2335 deli-

237 2347 373 2381 tescat:
399 2346 551 2391 planam
575 2346 781 2382 reddideris
806 2346 1057 2382 narrationem
1082 2346 1277 2383 scribendo
1301 2344 1460 2387 πολλοὺς
1478 2348 1543 2393 Μη
1533 2345 1622 2383 'dano
1649 2345 1754 2384 ἐδά-

239 2405 415 2438 μασσαν
444 2395 667 2429 Φοινίκων
692 2390 737 2428 θ’
767 2391 904 2429 ἑκατὸν
930 2394 1026 2434 ναῦς
1052 2392 1151 2451 elom,
1185 2394 1495 2454 quemadmodum
1528 2397 1586 2431 est
1610 2406 1666 2440 ep.
1694 2398 1761 2431 135

238 2441 493 2477 παντοδαπῶν
517 2438 668 2485 ανδρων
695 2439 919 2486 γενεὰς..
943 2440 1040 2489 τῷδέ
1065 2439 1151 2477 ποτ’
1180 2439 1221 2477 ἐν
1246 2439 1402 2500 πελάγει
1426 2443 1616 2491 ναυμαχία
1636 2441 1757 2488 δαμά-

239 2501 381 2528 σαντες.
432 2487 524 2523 cum
544 2488 751 2524 Simonides
777 2488 861 2524 aliis
886 2478 979 2524 10010
1007 2485 1137 2524 ἐλασαι
1158 2489 1219 2525 vel
1245 2485 1373 2525 ὀλέσαι
1397 2489 1443 2525 (10
1464 2478 1616 2525 Graeoi‘s
1643 2489 1760 2526 victo-

240 2536 342 2571 ribus
368 2534 523 2581 dixerit,
549 2547 623 2571 non
649 2535 784 2571 mirum
810 2536 858 2571 ad
883 2536 1039 2571 eundem
1067 2537 1219 2571 modum
1238 2536 1336 2571 hunc
1354 2537 1479 2572 locum
1497 2536 1760 2582 interpolatum

241 2594 329 2619 0000.
356 2603 400 2609 -—
426 2583 471 2619 V.
493 2587 526 2619 6.
554 2582 649 2628 ελον,
675 2594 734 2628 ap.
759 2582 871 2618 Arist.
897 2583 1021 2629 priore
1045 2584 1070 2619 1.
1091 2584 1157 2619 EN
1183 2582 1294 2620 εἷλον.
1321 2604 1365 2610 -
1391 2583 1435 2620 V.
1456 2587 1487 2620 7.
1515 2582 1676 2627 ἔστενεν,
1701 2596 1760 2630 ap.

242 2631 354 2665 Arist.
379 2643 433 2676 pr.
460 2631 484 2666 1.
511 2630 541 2665 Ε
569 2629 758 2676 ἕσταινεν,
789 2631 817 2665 L
846 2629 1018 2677 ε”στεμεν,
1051 2643 1109 2676 ap.
1139 2631 1261 2668 Schol.
1287 2632 1320 2666 A
1351 2632 1390 2667 et
1419 2631 1500 2666 Par.
1525 2631 1556 2665 B
1589 2629 1760 2677 ἔσθενεν,

242 2734 395 2777 οὐδείς
420 2750 477 2772 πω
498 2734 648 2773 κάλλιον
670 2734 899 2782 ἐπιχθονίων
923 2733 1066 2772 τέλεσ’
1093 2735 1244 2782 ἀνδρῶν
1265 2734 1386 2781 ἔργον,
1411 2737 1454 2772 ut
1472 2737 1625 2781 uterque
1647 2737 1760 2773 versi-

240 2784 369 2819 ficator
394 2785 586 2829 antiquam
617 2784 836 2829 scripturam
867 2785 1096 2820 monumenti
1128 2784 1166 2819 in
1203 2783 1366 2819 Cimonis
1403 2783 1579 2819 honorem
1613 2784 1765 2821 excitati

242 2832 459 2867 servaverit:
491 2844 578 2868 nam
603 2831 712 2868 huius
737 2831 839 2868 tituli
864 2831 1064 2868 admodum
1090 2831 1242 2868 dubiam
1268 2842 1347 2867 esse
1370 2830 1571 2877 paradosin
1595 2833 1761 2878 apparet.
