1864 3126
225 164 312 206 466
786 164 975 200 ΡΟΕΤΑΕ
1001 164 1178 201 MELICI.

854 273 950 316 113.
984 274 1119 327 [173]

320 355 451 409 Σῆμα
481 354 836 409 καταφῆιμένοιο
869 355 1127 410 Μεγακλέος
1157 348 1247 397 εὖτ’
1281 351 1341 415 ἂν
1371 357 1554 411 ἴδωμαι,

379 426 579 481 οἰκτείρω
612 437 675 479 σε,
707 423 845 468 τάλαν
876 428 1072 481 Καλλία,
1105 420 1163 468 οἷ’
1199 427 1372 477 ἔπαθες.

870 545 967 587 114.
1001 545 1105 598 [64]
1653 537 1743 588 115'7

307 622 463 680 -Hspefn
496 628 537 669 Γ
534 623 726 681 εράνεια,
757 623 896 669 κακὸν
927 625 1073 680 λέπας,
1105 623 1277 682 ὤφελεν
1300 624 1474 683 Ἵστρον

225 777 384 813 coniecit
416 774 498 823 ἕρμ’
533 777 646 823 ἔχων,
677 780 778 814 recte
809 778 1044 823 improbante
1076 779 1303 814 Buttmanno
1334 779 1373 814 in
1406 778 1584 824 Lexilogo
1615 779 1631 814 I
1665 783 1744 822 113,

223 825 712 908 ἕνοῖἒῗέιῑῑὲὲἓὲηξέἑηοίρεὲε
744 824 847 866 τέλος
873 824 991 871 ἔχειν,
1023 826 1266 871 magistratus
1292 837 1455 861 summus
1486 825 1675 872 τελεστής,
1709 825 1748 862 οἱ

316 942 443 989 Epigr.
473 948 550 978 113.
601 944 712 979 Anth.
739 945 819 980 Pal.
846 944 914 980 VII
941 949 1026 980 511:
1059 955 1149 980 corr.
1183 944 1249 979 τοῦ
1275 940 1395 979 αὐτοῦ
1431 945 1743 990 (Σιμωνίδου)·

224 990 250 1025 O
277 990 331 1031 εἰς
355 991 572 1036 Μεγακλέα.
612 991 853 1037 Epigramma
878 991 1074 1027 manifesto
1099 990 1331 1034 mutilatum
1351 991 1494 1036 elegiae
1521 991 1742 1037 particulam

222 1049 299 1073 esse
319 1039 446 1073 censet
464 1039 719 1074 Schneidewin
732 1067 740 1080 ,
765 1051 886 1084 neque
904 1039 1092 1084 integrum
1118 1040 1175 1074 est
1200 1049 1358 1083 carmen,
1385 1040 1554 1083 quamvis
1573 1039 1743 1074 Kaibelio

222 1096 326 1120 secus
350 1085 532 1129 videatur,
559 1086 624 1121 sed
649 1086 741 1122 mihi
760 1087 1023 1122 detrimentum
1045 1086 1213 1121 resarciri
1232 1097 1339 1131 posse
1358 1085 1516 1130 videtur,
1541 1086 1573 1121 si
1592 1096 1650 1131 ep.
1673 1089 1740 1121 114

221 1132 321 1177 quod
347 1134 386 1167 et
417 1132 540 1178 ipsum
567 1132 707 1168 criticis
738 1133 998 1179 imperfectum
1033 1133 1153 1168 visum
1180 1135 1246 1177 est,
1272 1133 1358 1168 huic
1385 1132 1545 1168 disticho
1571 1132 1743 1168 subiicia-

220 1181 292 1214 tur.
344 1179 436 1215 Cum
460 1179 499 1215 in
523 1182 650 1215 vetere
675 1181 905 1226 Anthologio
939 1181 1035 1216 forte
1067 1181 1138 1215 hoc
1166 1179 1395 1225 poematium
1410 1180 1620 1226 ,diremtum
1645 1182 1745 1216 esset

222 1226 408 1271 (librarius
432 1238 466 1263 v.
487 1231 508 1261 2
534 1227 681 1262 addidit
699 1228 922 1273 coronidem,
949 1227 1126 1272 quoniam
1144 1239 1177 1262 v.
1199 1231 1220 1262 3
1246 1227 1333 1262 novi
1360 1227 1532 1262 carminis
1553 1226 1743 1262 exordium

222 1284 301 1309 esse
328 1273 555 1319 credidit)*),
581 1275 647 1309 has
673 1275 877 1320 particulas
897 1274 1053 1311 diversis
1072 1273 1166 1310 locis
1192 1275 1359 1318 inseruit,
1385 1275 1450 1320 qui
1476 1274 1744 1320 Anthologiam

220 1320 297 1356 Pal.
323 1321 531 1364 adornavit,
559 1321 598 1356 id
624 1323 723 1366 quod
750 1322 834 1357 aliis
860 1333 1007 1368 quoque
1037 1322 1129 1357 locis
1155 1321 1494 1358 animadvertimus.
1541 1321 1635 1357 Sane
1660 1321 1742 1367 plu-

219 1368 314 1403 rima
340 1368 540 1404 Simonidis
565 1368 838 1414 epigrammata
864 1369 1020 1415 singulis
1044 1369 1106 1404 vel
1130 1368 1227 1403 binis
1258 1369 1319 1404 vel
1342 1369 1459 1404 ternis
1487 1369 1631 1404 inclusa
1661 1370 1746 1410 sunt

220 1415 401 1461 distichis,
428 1415 493 1451 sed
512 1417 608 1451 hunc
628 1417 820 1452 modulum
844 1417 1037 1459 excedunt,
1063 1418 1105 1451 ut
1128 1416 1291 1451 incertae
1317 1415 1551 1451 auctoritatis
1578 1415 1744 1451 carmina

219 1463 526 1508 praetermittam,
547 1475 604 1508 ep.
624 1468 690 1499 107
706 1464 744 1499 et
759 1468 837 1508 115,
851 1464 1010 1499 alterum
1030 1464 1170 1507 decem,
1189 1463 1349 1498 alterum
1364 1463 1559 1498 duodecim
1579 1463 1745 1498 versi-bus

220 1510 444 1546 absolutum.
470 1511 588 1546 Huius
602 1510 782 1556 poematii
795 1522 922 1546 versus
942 1513 1027 1547 octo
1041 1520 1084 1546 6ο
1104 1510 1225 1545 minus
1245 1509 1456 1546 offensionis
1475 1510 1745 1564 habena-quod

221 1568 295 1592 non
329 1557 401 1592 fuit
431 1559 575 1593 tumulo
602 1559 834 1604 inscriptum,
867 1559 931 1594 sed
957 1558 1168 1604 epistolium
1201 1557 1416 1593 consolandi
1448 1568 1560 1593 causa
1590 1568 1743 1592 missum
1807 1573 1811 1577 ·

221 1603 374 1648 Calliae,
410 1605 511 1641 cuius
546 1605 643 1640 filius
668 1606 855 1651 Megacles
879 1605 1073 1650 naufragio
1099 1616 1216 1650 prope
1242 1605 1448 1640 Geraneam
1466 1604 1630 1640 interiit:
1655 1605 1744 1640 ado-

219 1652 393 1687 lescentis
412 1653 597 1687 tumulum
616 1652 879 1698 imaginarium
897 1652 936 1688 in
961 1652 1088 1688 littore
1109 1652 1276 1688 Scironio
1295 1654 1448 1697 propter
1464 1652 1563 1687 viam
1586 1651 1744 1687 visitans

219 1700 332 1743 poeta
357 1699 503 1744 quoties
530 1700 578 1735 ad
603 1703 788 1736 mercatus
814 1701 1090 1745 conventusque
1124 1699 1346 1735 Graecorum
1379 1698 1418 1734 in
1450 1699 1745 1743 Peloponnesum

218 1747 532 1791 proficiscebatur,
557 1759 749 1793 nunquam
769 1759 844 1783 non
862 1748 959 1783 hunc
979 1759 1103 1783 casum
1130 1746 1410 1782 commiseratus
1435 1741 1501 1782 est.
1546 1745 1687 1781 Calliae
1706 1748 1746 1781 et

219 1794 399 1838 Megaclis
424 1794 577 1830 nomina
595 1794 761 1831 Atticam
787 1795 969 1841 originem
994 1794 1084 1829 satis
1109 1794 1305 1830 testantur.
1355 1794 1527 1829 Fortasse
1551 1795 1637 1839 post
1661 1805 1694 1829 v.
1722 1797 1744 1828 2

221 1841 366 1886 aliquot
391 1852 516 1876 versus
541 1842 752 1888 intercepti,
778 1854 891 1887 quam
915 1842 1098 1878 iacturam
1123 1841 1214 1877 licet
1232 1841 1420 1886 resarcire,
1448 1840 1480 1876 si
1498 1840 1741 1876 novissimum

221 1887 418 1932 distichon,
445 1889 544 1933 quod
569 1889 699 1924 Alcaei
725 1890 901 1925 Messenii
926 1889 1188 1935 epigrammati
1213 1887 1282 1922 VII
1307 1892 1376 1924 495
1402 1887 1637 1924 adhaerescit

474 1955 638 1994 Ὴϊθὲων
664 1958 849 2005 δακρυτὸς
874 1956 974 2000 ἅπας
999 1958 1126 2005 μόρος·
1156 1956 1197 1994 ἒν
1223 1957 1264 1994 δὲ
1290 1957 1464 2005 θαλάσσῃ

549 2009 704 2041 πλεῖστα
729 2004 988 2042 πολυκλαύτου
1015 2005 1136 2051 κήδεα
1161 2007 1351 2051 ναυτιλίης

218 2077 452 2122 praemiseris
479 2077 678 2113 Simonidis
703 2089 760 2123 ep,
789 2083 806 2113 1
834 2078 934 2121 quod
965 2076 1138 2112 continuo
1170 2075 1407 2121 subsequitur
1432 2075 1501 2110 VH
1525 2079 1594 2111 496
1618 2072 1742 2121 Ἠερίη
1774 2084 1776 2086 ·

219 2123 419 2170 Γεράνεια.
471 2125 596 2160 Ascito
628 2125 724 2160 enim
758 2125 828 2160 hoc
861 2124 1020 2160 disticho
1045 2124 1121 2159 iam
1146 2123 1240 2158 nihil
1265 2122 1545 2166 desideraveris,
1577 2124 1742 2168 quando-

218 2172 369 2216 quidem
388 2171 567 2216 reliquiae
587 2172 866 2217 epigrammatis
887 2171 1091 2207 Simonidei
1104 2171 1216 2216 Σῆμα
1236 2168 1542 2215 καταφθιμένοιο
1562 2173 1601 2206 et
1614 2167 1741 2215 Ἠερίη

221 2216 408 2263 Γεράνεια
435 2221 538 2255 arcta
561 2219 832 2255 necessitudine
857 2219 984 2254 vincta
1009 2220 1104 2254 sunt.
1156 2218 1330 2253 Vicissim
1361 2217 1548 2253 distichon
1571 2217 1678 2261 illud,
1711 2219 1742 2252 si

219 2265 414 2311 copulatur
452 2278 536 2301 cum
574 2266 704 2302 Alcaei
742 2269 931 2312 poemate,
972 2266 1062 2302 satis
1096 2265 1254 2301 otiosum
1286 2263 1602 2301 additamentum:
1628 2266 1741 2309 atque

217 2314 417 2358 paradosin
441 2314 535 2349 vitio
562 2313 732 2349 laborare
760 2314 872 2350 etiam
899 2312 1117 2349 correctoris
1143 2312 1334 2348 adnotatio
1353 2310 1493 2347 indicio
1513 2313 1583 2354 est,
1607 2312 1673 2357 qui
1692 2311 1742 2347 ad

216 2361 347 2396 Alcaei
365 2373 398 2396 v.
420 2365 440 2396 3
461 2362 672 2406 adscripsit:
701 2357 759 2396 ὅτι
785 2360 1012 2407 διῃρημένον
1039 2354 1150 2405 εὖρον
1176 2358 1217 2394 τὸ
1239 2357 1455 2405 ἐπίγραμμα
1474 2357 1515 2395 τὸ
1542 2355 1740 2404 στυγνὸς

219 2405 286 2443 ἐπ’
314 2405 573 2453 ἄρκτούρωι
598 2410 646 2454 (v.
675 2410 708 2454 1)
735 2408 799 2443 καὶ
824 2407 866 2444 τὸ
900 2403 950 2444 οὗ
977 2409 1146 2453 στίχεις
1171 2405 1292 2452 παρὰ
1319 2403 1489 2454 τύμβον
1514 2403 1737 2459 ‹idcir-5602

219 2457 266 2500 (v.
283 2459 336 2499 3):
362 2455 435 2490 fuit
458 2456 574 2500 igitur
599 2456 637 2491 in
663 2456 819 2501 antiquo
846 2455 1015 2500 exemplo
1040 2466 1234 2500 perperam
1261 2454 1344 2489 dist.
1369 2458 1387 2488 1
1408 2465 1431 2488 a
1456 2454 1541 2488 dist.
1563 2457 1583 2488 2
1605 2453 1740 2488 direm-

217 2505 308 2547 tum,
336 2514 420 2538 cum
439 2503 564 2547 potius
584 2503 668 2539 dist.
690 2508 722 2548 3,
748 2503 848 2548 quod
874 2503 1055 2538 Simonidi
1080 2501 1356 2546 vindicaverim,
1382 2501 1431 2537 sit
1455 2499 1737 2545 segregandum.

218 2571 261 2632 -ἰ
295 2550 337 2585 V.
374 2554 404 2585 1.
437 2549 675 2596 Μεγακλέος,
714 2551 794 2586 cod.
826 2550 855 2584 P
889 2550 984 2596 μέγα
1016 2548 1134 2589 κλέος.
1170 2569 1214 2575 -
1246 2549 1290 2593 V,
1322 2553 1354 2583 2.
1387 2547 1574 2593 οἰκτείρω,
1605 2546 1738 2582 Kaibel

217 2610 236 2631 ο
255 2599 376 2642 κτίρω.

313 2668 438 2725 Epigr.
474 2672 552 2704 114.
602 2669 715 2704 Anth.
748 2669 825 2704 Pal.
858 2668 926 2703 VII
966 2672 1053 2703 496:
1099 2679 1190 2725 corr.
1229 2667 1460 2723 Σιμωνίδου·
1497 2665 1524 2701 Ο
1563 2663 1617 2705 εἰς
1653 2662 1737 2700 τινὰ

218 2728 386 2761 ναυηγον
414 2713 455 2751 ἐν
480 2717 659 2765 γερανείᾳ
685 2715 748 2751 καὶ
774 2719 855 2756 ταῖς
881 2716 1061 2760 σκιρονίσι
1085 2727 1240 2759 πετραις
1264 2724 1542 2758 ναναγησαντα.
1570 2733 1612 2737 -
1640 2711 1684 2747 V.
1705 2716 1737 2748 1.

311 2857 344 2901 ³³²)
372 2857 519 2893 Accidit
542 2858 614 2893 hoc
638 2858 676 2892 in
702 2857 781 2893 cod.
807 2857 887 2892 Pal.
914 2869 997 2892 cum
1022 2857 1124 2901 alias,
1150 2859 1230 2892 tum
1256 2857 1294 2892 in
1324 2854 1545 2892 Callimachi
1569 2850 1733 2891 carmine

219 2903 284 2938 VII
311 2908 390 2949 272,
417 2905 481 2941 ubi
506 2903 689 2940 Planudes
715 2915 931 2949 germanam
957 2905 1150 2950 paradosin
1176 2906 1312 2940 tuetur.

1854 2799 1864 2859 ὲ

1836 2863 1864 2906 ..ς

1835 2913 1864 3126 i
