1864 3126
899 716 996 760 VII.
1389 759 1392 762 ,
1641 700 1711 757 925

763 812 807 861 E
827 812 874 861 R
891 812 917 861 I
933 811 982 861 N
1001 812 1049 862 N
1067 810 1126 860 A.

299 935 360 975 De
398 935 575 974 Erinnae
613 934 747 973 aetate
788 932 887 971 satis
928 930 1101 970 difficilis
1142 933 1205 970 est
1244 930 1312 970 lis:
1354 943 1447 969 nam
1489 928 1631 968 Suidas
1673 931 1714 967 et

180 1000 418 1040 Eustathius
460 999 644 1050 Sapphus
684 997 855 1037 amicam
893 998 935 1036 et
973 996 1182 1048 aequalem
1222 996 1346 1036 fuisse
1386 995 1571 1043 tradunt,
1611 1006 1713 1045 quae

181 1067 374 1106 memoria
399 1065 500 1105 nulli
523 1065 603 1104 iam
630 1063 871 1103 dubitationi
896 1062 1001 1101 foret
1025 1061 1207 1114 obnoxia,
1235 1062 1269 1100 si
1295 1064 1448 1101 certum
1475 1062 1583 1101 esset
1600 1059 1713 1098 Erin-

179 1144 272 1171 nam
304 1143 328 1170 a
358 1131 568 1182 Sapphone
600 1142 688 1169 esse
719 1129 1083 1176 commemoratam,
1113 1127 1204 1167 vide
1236 1140 1338 1178 quae
1371 1127 1452 1166 dixi
1483 1126 1535 1166 ad
1566 1125 1713 1176 Sapph.

182 1197 229 1236 fr.
251 1199 274 1237 7
281 1199 319 1237 7.
369 1196 426 1235 At
455 1194 656 1235 Eusebius
687 1194 886 1247 poetriam
916 1193 1022 1233 circa
1047 1192 1108 1233 Ol.
1130 1192 1242 1232 CVII
1265 1196 1286 1232 1
1315 1193 1550 1233 inclaruisse
1575 1193 1715 1231 auctor

182 1257 261 1312 est3
280 1262 379 1301 haec
396 1261 521 1313 igitur
539 1261 650 1300 nullo
669 1261 787 1311 pacto
801 1259 908 1298 inter
926 1271 969 1298 se
988 1261 1158 1309 possunt
1171 1259 1386 1299 conciliari.
1418 1259 1506 1298 Iam
1519 1257 1714 1296 Tatianus

181 1327 270 1368 adv.
290 1326 359 1366 Gr.
379 1328 433 1366 51
457 1327 597 1365 auctor
622 1326 685 1364 est
703 1337 728 1363 a
746 1324 938 1375 Naucyde
964 1325 1144 1375 poetriae
1164 1327 1342 1365 statuam
1361 1338 1448 1364 esse
1467 1324 1628 1374 factam,
1647 1322 1715 1372 qui

182 1388 342 1444 quidem
363 1391 580 1432 secundum
600 1390 776 1430 Plinium
795 1390 899 1429 circa
919 1389 980 1429 Ol.
1000 1389 1108 1429 XCV
1127 1391 1258 1430 clarus
1278 1391 1368 1442 fuit,
1388 1392 1522 1430 aetate
1541 1389 1610 1428 ille
1631 1388 1716 1439 qui-

181 1458 273 1498 dem
291 1461 387 1497 tunc
405 1458 484 1496 iam
503 1456 742 1507 provectior,
761 1458 807 1495 ut
825 1452 1001 1496 videtur:
1022 1454 1148 1505 igitur
1167 1455 1364 1513 hiQfiotor
1381 1468 1461 1495 non
1479 1453 1611 1504 potuit
1630 1453 1713 1492 vir·-

181 1523 298 1575 ginis‚
310 1535 413 1573 quae
425 1522 458 1561 L
474 1522 557 1561 fere
570 1521 684 1560 annis
697 1522 791 1571 post
802 1520 914 1573 vixit,
927 1520 1088 1570 signum
1100 1520 1248 1572 facere3
1263 1521 1303 1559 id
1316 1521 1422 1572 quod
1434 1521 1516 1559 iam
1528 1518 1716 1559 Welcker

182 1584 343 1642 (Opusc.
375 1587 416 1627 11
450 1582 555 1640 149)
593 1585 814 1626 rectissimo
851 1584 996 1625 iudicio
1034 1598 1130 1625 usus
1167 1586 1382 1625 intellexit:
1420 1587 1555 1625 tamen
1586 1584 1715 1623 Benn-

181 1654 276 1693 dorf
302 1649 371 1707 (de
403 1653 566 1692 Anthol.
596 1665 655 1703 gr.
682 1651 809 1702 epigr.
841 1664 879 1700 p.
912 1647 958 1704 8)
992 1663 1039 1690 ea
1070 1664 1148 1702 qua
1181 1652 1285 1691 solet
1314 1651 1543 1691 temeritate
1575 1650 1713 1689 adver-

181 1720 311 1769 satur,
349 1718 419 1770 qui
447 1716 664 1758 levissimis
695 1728 793 1755 usus
833 1717 1083 1767 argumentis
1114 1716 1309 1755 Erinnam
1339 1717 1490 1755 claram
1519 1716 1717 1767 poetriam

182 1783 401 1823 Alexandri
429 1782 567 1834 magni
597 1783 731 1822 aetate
757 1778 954 1835 (Philippi
979 1781 1207 1822 Macedonis
1234 1784 1341 1822 certe
1367 1782 1498 1822 dicere
1524 1776 1718 1834 debebat)

182 1849 331 1890 vixisse
363 1848 585 1899 contendit3
623 1848 736 1888 velut
773 1859 821 1886 ex
851 1846 1064 1900 Propertio
1095 1848 1135 1887 II
1169 1850 1207 1899 2,
1241 1850 1314 1898 21,
1352 1848 1421 1899 qui
1459 1849 1553 1898 post
1582 1846 1717 1886 Corin·

183 1926 277 1954 nam
319 1914 496 1954 creditur
533 1913 726 1953 Erinnam
765 1913 1052 1964 nominavisse,
1096 1912 1268 1964 colligit,
1312 1913 1505 1952 Erinnam
1546 1911 1720 1952 Corinna

184 1980 308 2020 fuisse
339 1982 439 2019 natu
470 1979 683 2028 minorem,
715 1981 762 2018 ut
791 1979 914 2019 mirer
944 1978 1231 2018 Benndorfium
1260 1991 1340 2018 non
1371 1992 1489 2019 usum
1520 1990 1607 2018 esse
1638 1977 1718 2016 Me-

183 2046 314 2097 leagri
351 2045 542 2095 disticho,
584 2047 632 2084 ut
673 2044 865 2084 Erinnam
904 2044 1052 2084 Rhiani
1094 2045 1313 2095 aequalem*
1346 2044 1471 2084 fuisse
1511 2043 1717 2095 argueret:

185 2114 307 2162 atque
340 2110 628 2168 Propertiaqus
666 2110 735 2149 ille
766 2122 906 2150 versus
938 2112 1022 2165 tam
1053 2111 1168 2151 foede
1199 2113 1412 2161 corruptus
1444 2112 1522 2160 est,
1560 2111 1606 2148 ut
1638 2121 1717 2148 om-

184 2176 277 2215 nino
309 2175 367 2215 sit
407 2174 590 2223 dubium,
627 2186 679 2213 an
722 2177 831 2214 recte
876 2174 1048 2215 Erinnae
1089 2189 1235 2216 nomen
1277 2176 1333 2214 ibi
1378 2175 1431 2214 sit
1473 2175 1719 2214 restitutum,

186 2240 318 2287 Quare
349 2252 439 2279 cum
471 2241 628 2279 constet
657 2239 739 2278 iam
775 2240 881 2279 circa
911 2238 973 2282 01.
1005 2240 1113 2280 XCV
1145 2241 1339 2279 Erinnam
1378 2242 1536 2279 statuae
1569 2238 1718 2278 honore

186 2305 414 2345 decoratam
445 2303 588 2354 fuisse,
626 2304 660 2343 si
690 2304 865 2344 Eusebio
896 2305 995 2345 fides
1026 2308 1087 2345 est
1118 2304 1318 2354 habenda,
1355 2316 1515 2343 necesse
1548 2306 1609 2343 est
1640 2305 1719 2343 sta-

186 2374 347 2411 tuamus
378 2369 477 2408 duas
515 2368 694 2408 eiusdem
728 2370 899 2410 nominis
936 2370 1112 2421 poetrias
1151 2370 1291 2417 fuisse,
1329 2369 1479 2408 claram
1516 2368 1719 2417 maiorem,

186 2448 306 2487 quam
338 2433 537 2474 Eusebius
568 2445 733 2483 prorsus
765 2435 924 2475 silentio
955 2435 1244 2486 praetermisit,
1282 2434 1451 2474 alteram
1489 2433 1720 2484 ignobilem,

187 2513 308 2551 quam
339 2500 447 2540 solus
479 2499 807 2549 chronographus
839 2503 1054 2552 memorat,
1092 2500 1204 2539 cuius
1235 2499 1430 2539 memoria
1466 2499 1625 2549 penitus
1657 2501 1721 2538 est

187 2566 380 2616 extincta3
417 2577 510 2604 nam
547 2563 794 2614 reliquorum
834 2566 1061 2606 testimonia
1097 2564 1230 2604 omnia
1266 2565 1450 2614 spectant
1486 2576 1574 2603 eam
1606 2563 1719 2603 Erin-

188 2643 300 2681 nam‚
338 2642 441 2681 quae
472 2630 658 2677 musicae¹
679 2630 780 2669 artis
811 2631 928 2670 laude
965 2630 1170 2679 inclaruit,
1207 2642 1335 2679 neque
1371 2631 1539 2680 possunt
1576 2628 1627 2668 ad
1665 2628 1721 2668 di-

188 2699 324 2736 versas
356 2696 532 2746 poetrias
563 2695 754 2734 revocari.
815 2695 917 2735 Eam
947 2697 1103 2743 autem,
1133 2706 1235 2745 quae
1266 2693 1399 2733 nobile
1429 2706 1574 2734 nomen
1603 2696 1721 2734 nacta.

154 2795 161 2801 .
189 2763 263 2811 est,
293 2761 486 2800 maiorem
525 2760 649 2799 fuisse
686 2759 890 2810 Naucydis
929 2761 1067 2799 statua
1101 2758 1352 2798 testificatur.
1413 2759 1522 2799 Haec
1559 2759 1721 2808 Erinna,

190 2838 279 2865 cum
317 2826 574 2876 praematura
611 2827 741 2864 morte
778 2824 955 2864 extincta
997 2823 1067 2874 sit,
1109 2836 1233 2862 unum
1276 2825 1435 2863 tantum
1477 2824 1721 2874 poematium

191 2903 382 2930 versuum
414 2889 532 2939 CCC,
569 2890 674 2941 quod
707 2884 899 2929 ’Λλακᾶτα
935 2889 1014 2928 fuit
1049 2888 1302 2939 inscriptum,
1331 2889 1510 2940 reliquit,
1543 2889 1651 2940 quod
1680 2891 1722 2928 et
