1864 3126
214 151 301 193 206
528 187 530 189 ,
773 152 965 188 ΡΟΕΤΑΕ
989 152 1166 190 MELICI.

902 286 940 328 2.
974 287 1050 338 [2.]

273 510 534 564 Σασαμίδας
565 505 759 563 χόνδρον
790 524 836 550 τε
867 507 939 550 καὶ
973 508 1197 564 ἐγκρίδας,
1578 529 1582 533 ’
1665 523 1734 555 975

273 577 384 621 ἄλλα
415 594 461 621 τε
492 577 692 634 πέμματα
723 577 792 621 καὶ
827 579 923 634 μέλι
955 577 1140 635 χλωρόν.

899 721 937 762 3.
972 721 1047 774 [3.]

271 812 497 870 Θρώσκων
528 812 609 869 μὲν
639 811 724 869 γάρ
755 811 796 855 τ’
833 811 1124 871 Ἀμφιάραος,
1163 812 1318 858 ἄκοντι
1350 814 1399 858 δὲ
1430 819 1611 859 νίκασεν
1644 820 1735 860 Με-

993 885 1188 941 λεάγρος.

210 1050 334 1085 Miller
365 1049 469 1084 Misc.
502 1052 581 1093 199,
619 1049 684 1084 ubi
721 1049 885 1095 glossam
923 1046 1115 1095 Κύλλαρος
1153 1050 1345 1095 excipiunt
1377 1052 1571 1094 Κυλίνδει,
1603 1054 1735 1087 Κυλιν-

212 1096 352 1142 δήθρα,
373 1098 496 1132 Κυλίω
525 1098 563 1131 et
588 1095 869 1141 Κυλινδόμενος
894 1097 979 1139 περὶ
999 1098 1138 1144 χαλκῷ·
1160 1097 1379 1142 κυλιόμενος
1398 1101 1472 1134 κτλ.
1499 1110 1593 1144 quae
1611 1100 1738 1144 glossa

212 1144 400 1190 descripta
425 1145 483 1179 est
507 1155 552 1178 ex
578 1143 700 1179 Schol.
726 1144 833 1178 Hom.
860 1143 901 1178 ll.
930 1145 963 1178 Θ
981 1146 1036 1179 86.
1065 1165 1108 1169 -
1136 1145 1178 1179 V.
1207 1149 1225 1179 1
1251 1145 1444 1180 Blomfield
1469 1146 1646 1191 restituit,
1670 1147 1737 1182 alii

213 1193 324 1227 aliter
349 1192 441 1227 haec
473 1191 807 1226 conformaverunt.
857 1190 927 1226 Pro
962 1188 1126 1236 Φλόγεον
1158 1192 1317 1227 fortasse
1351 1194 1544 1237 Φλογίον
1576 1194 1736 1229 scriben-

213 1240 313 1283 dum,
339 1239 385 1274 cf.
415 1238 539 1280 Quint.
566 1238 711 1283 Smyrn.
739 1237 827 1273 VIII
854 1242 939 1282 241,
971 1238 1016 1273 de
1048 1238 1178 1274 Martis
1204 1239 1324 1284 equis:
1357 1237 1498 1284 φόρεον
1531 1239 1575 1275 δέ
1605 1254 1668 1285 μιν
1699 1237 1738 1281 ἐς

212 1284 336 1332 μόθον
363 1287 472 1320 ἵπποι
491 1286 622 1320 Αἴθων
642 1285 706 1320 καὶ
728 1282 896 1330 Φλόγιος,
916 1282 1090 1333 Κόναβος
1109 1282 1146 1320 δ’
1169 1283 1231 1322 ἐπὶ
1250 1291 1345 1321 τοῖσι
1367 1285 1490 1334 Φόβος
1508 1300 1558 1322 τε.
1592 1287 1736 1324 Nomen
1784 1303 1787 1306 ⁴

215 1333 487 1379 appellativum
515 1334 571 1368 est
597 1330 756 1377 φλόγεος
782 1334 821 1368 et
846 1329 1020 1377 φλόγειος
1045 1331 1130 1378 (hoc
1154 1333 1391 1378 grammatici
1414 1335 1625 1380 testantur),
1651 1346 1735 1380 pro-

210 1381 333 1426 prium
366 1380 538 1425 Φλογίος,
573 1379 674 1424 quod
706 1380 817 1425 vulgo
849 1381 1175 1425 proparoxytonon
1205 1381 1338 1424 fertur,
1371 1381 1436 1416 sed
1466 1381 1735 1426 paenultimam

213 1428 419 1463 acuendam
440 1438 517 1463 esse
537 1427 772 1473 praecipiunt
791 1425 1037 1472 grammatici.
1059 1447 1101 1452 —-
1129 1427 1173 1463 V.
1193 1432 1227 1463 2.
1255 1425 1414 1466 Ξάνθον
1437 1428 1606 1464 restituit
1622 1429 1734 1464 Hem-

212 1476 403 1520 sterhuys,
429 1475 528 1519 quod
552 1475 663 1520 plane
698 1474 849 1509 firmant
879 1474 1209 1519 grammaticorum
1233 1475 1460 1521 testimonia,
1493 1476 1538 1511 cf.
1564 1476 1671 1512 Proh.
1698 1476 1738 1511 in

213 1523 316 1568 Virg.
344 1522 519 1567 GeorgfI
548 1526 607 1556 12:
644 1521 716 1565 „Et
741 1521 879 1557 idcirco
905 1521 1018 1556 etiam
1049 1523 1183 1566 poetae
1207 1522 1362 1557 tradunt
1391 1522 1439 1557 ab
1465 1533 1508 1558 co
1533 1523 1737 1569 (Neptuno)

213 1581 352 1615 equum
378 1569 557 1605 donatum
581 1567 911 1614 Adrasto'Ariona,
939 1569 977 1604 et
1000 1569 1131 1604 Iunoni
1150 1569 1341 1605 Xanthum
1361 1570 1399 1605 et
1417 1569 1618 1615 cyllarum,
1643 1581 1737 1615 quos

211 1617 279 1652 illa
303 1615 450 1653 dederit
475 1616 620 1652 Castori
645 1617 683 1651 et
707 1616 886 1651 Polluci.“
923 1616 1023 1651 idem
1048 1616 1097 1651 ad
1116 1614 1248 1662 Georg.
1270 1616 1403 1652 11189:
1429 1617 1587 1661 „Pollux
1610 1619 1736 1653 autem

212 1667 251 1700 ct
276 1664 408 1700 Castor
433 1664 713 1699 Lacedaemone
738 1664 818 1698 nati
843 1664 945 1707 sunt,
980 1663 1043 1708 qui
1074 1663 1333 1699 existimantur
1362 1675 1476 1708 equos
1501 1665 1687 1709 accepisse
1713 1676 1736 1700 a

211 1713 349 1747 Iunone
375 1711 537 1746 muneris
563 1710 722 1756 nomine,
747 1708 908 1749 Ξάνθον
928 1711 992 1745 καὶ
1014 1707 1220 1755 Κύλλαρον,
1245 1722 1337 1755 quos
1357 1710 1392 1746 ei
1410 1711 1604 1757 Neptunus
1623 1711 1735 1748 dona-

210 1760 350 1796 verat.“
377 1787 385 1794 .
412 1786 419 1793 .
446 1759 552 1793 Adde
577 1758 782 1804 Philargyr.
809 1758 858 1793 ad
883 1758 1015 1803 Georg.
1042 1758 1093 1792 III
1119 1762 1164 1794 89
1191 1760 1230 1794 et
1255 1757 1473 1796 Tertullian.
1499 1759 1545 1794 de
1566 1758 1735 1804 Spectac.

212 1818 242 1842 c.
270 1810 303 1842 9.
342 1807 396 1843 Of.
422 1805 536 1842 etiam
561 1805 729 1841 Alcman.
754 1805 799 1842 fr.
829 1809 882 1841 12.

307 1901 363 1937 Fr.
391 1905 423 1936 2.
474 1899 609 1935 Athen.
637 1900 687 1934 IV
715 1900 840 1935 172D:
873 1898 1086 1946 Πεμμάτων
1121 1899 1162 1936 δὲ
1189 1898 1336 1946 πρῶτόν
1362 1913 1455 1946 φησι
1479 1901 1737 1947 μνημονεῦσαι

212 1946 411 1983 Πανύασιν
437 1947 642 1991 Σέλευκος,
675 1944 717 1982 ἐν
753 1946 809 1987 οἷς
840 1947 926 1992 περὶ
956 1948 1021 1992 τῆς
1045 1944 1137 1992 παρ’
1170 1947 1384 1993 Αἰγυπτίοις
1413 1945 1736 1992 ἀνθρωποθυσίας
1774 1950 1779 1953 ’

212 1998 413 2041 διηγεῖται,
447 1991 563 2030 πολλοὶ
596 1993 665 2039 μὲν
698 1991 892 2029 ἐπιθεῖναι
923 1993 1042 2039 λέγων
1079 1993 1267 2055 πέμματα,
1303 1993 1443 2035 πολλὰς
1474 1994 1516 2030 δε
1548 1994 1735 2035 νοσσάδας

211 2041 348 2088 ὄρνεις,
374 2041 557 2087 προτέρου
583 2038 868 2086 Στησιχόρου
893 2037 917 2086 ἢ
940 2038 1112 2086 Ἰβύκου
1145 2055 1192 2078 εν
1216 2038 1392 2082 ’Ἄθλοις
1425 2039 1734 2087 ἐπιγραφομέ-

210 2103 309 2130 νοις
339 2087 532 2135 εἰρηκότος
563 2087 752 2134 φέρεσθαι
787 2088 855 2132 (sic
872 2088 902 2122 B
927 2090 1039 2133 recte,
1064 2100 1150 2124 nam
1175 2088 1266 2124 haec
1290 2089 1475 2124 Athenaei
1499 2090 1586 2124 sunt
1609 2089 1734 2134 verba,

211 2138 324 2183 vulgo
351 2135 533 2183 φέρεσθε)
558 2137 602 2180 τῇ
630 2134 811 2183 παρθένῳ
838 2135 957 2181 δῶρα·
983 2135 1256 2181 Σασαμίὸας
1280 2139 1355 2171 κτλ.
1398 2137 1456 2171 Ita
1479 2137 1579 2171 recte
1599 2136 1735 2171 Casan-

211 2186 348 2228 bonus,
377 2185 450 2219 nisi
480 2183 580 2228 quod
612 2184 819 2228 σησαμίδας
849 2182 1014 2228 scripsit,
1045 2184 1078 2217 A
1112 2181 1226 2228 δορὰς
1255 2180 1460 2229 άσαμίδας,
1493 2183 1587 2218 BPV
1612 2181 1735 2228 δώροις

212 2230 363 2278 (δωρὰς)
397 2229 596 2277 ἇσαμίδας,
628 2230 656 2264 L
683 2227 775 2275 δῶρ’
803 2227 999 2276 άσαμίδας.
1049 2229 1181 2266 Kleine
1211 2232 1345 2276 poetae
1376 2230 1491 2267 verba
1522 2241 1602 2266 esse
1632 2232 1734 2266 ratus

212 2278 418 2325 Φέρεσθε
445 2276 497 2314 τὰ
522 2275 860 2323 παρθενόδωρα
893 2277 1061 2313 coniecit.
1094 2277 1283 2314 Meineke:
1303 2276 1468 2323 φέρεσθέ
1488 2290 1526 2313 τε
1552 2276 1733 2323 παρθένοι

211 2327 326 2372 Δῶρα
358 2327 566 2372 σησαμίδας
596 2328 670 2362 κτλ.
734 2326 949 2360 Athenaeus
979 2337 1104 2360 rursus
1135 2336 1181 2361 ex
1217 2325 1481 2361 Stesichoro
1512 2325 1619 2360 affert
1649 2314 1735 2360 XIV

213 2374 319 2409 645Ε
345 2374 414 2409 hos
448 2374 540 2409 duos
571 2384 699 2408 versus
731 2372 868 2408 omisso
893 2374 1021 2408 tamen
1051 2374 1271 2418 σασαμίδας.
1320 2372 1492 2408 Fortasse
1522 2371 1562 2407 hi
1587 2382 1734 2416 quoque

215 2433 344 2458 versus
371 2420 582 2467 copulandi,
607 2421 650 2456 ut
675 2420 880 2456 octameter
904 2419 981 2465 fiat,
1007 2420 1321 2464 quemadmodum
1346 2420 1390 2455 fr.
1418 2423 1435 2454 1
1462 2431 1495 2454 v.
1524 2423 1542 2454 1
1569 2419 1609 2453 et
1631 2419 1674 2454 fr.
1701 2423 1734 2454 3.

310 2516 367 2551 Fr.
387 2521 420 2552 3.
463 2515 597 2552 Athen.
619 2515 669 2550 IV
692 2515 814 2550 172E:
830 2511 910 2550 Ὅτι
935 2513 977 2549 δὲ
1004 2511 1045 2549 τὸ
1072 2515 1215 2572 ποίημα
1239 2514 1351 2550 τοῦτο
1371 2510 1602 2558 Στησιχόρου
1622 2509 1736 2558 ἐστίν,

213 2561 442 2604 ἴκανώτατος
472 2562 612 2609 μάρτυς
642 2563 857 2607 Σιμωνίδης
889 2558 908 2596 ὁ
934 2558 1107 2606 ποιητής,
1140 2575 1182 2602 ος
1206 2561 1291 2605 περὶ
1322 2560 1387 2596 τοῦ
1419 2558 1642 2605 Μελεάγρου
1667 2557 1733 2595 τὸν

210 2609 323 2657 λόγον
360 2607 587 2656 ποιούμενός
617 2619 750 2655 φησιν·
779 2604 849 2649 “09
879 2608 1010 2654 δουρὶ
1039 2607 1214 2648 πάντας
1244 2609 1402 2643 νίκασε
1433 2606 1570 2648 νέους
1604 2604 1734 2642 δινά·

213 2672 320 2694 εντα
360 2656 506 2707 βαλὼν
537 2655 749 2701 ’Ἄναυρον
791 2652 901 2701 ὕπερ
945 2654 1260 2704 πολυβότρυος
1298 2653 1342 2698 ἐξ
1383 2651 1577 2690 Ἰωλκοῦ·
1617 2650 1731 2690 οὕτω

211 2703 504 2751 γὰρ”Όμηρος
528 2701 608 2750 ἠδὲ
634 2705 915 2749 Στασίχορος
938 2700 1070 2739 α”εισε
1097 2706 1233 2743 λαοῖς.
1279 2699 1320 2738 Ὁ
1348 2699 1420 2747 γὰρ
1452 2702 1733 2747 Στησίχορος

212 2750 331 2793 οὕτως
362 2754 512 2797 εἴρηκεν
546 2749 594 2788 ἐν
626 2752 685 2798 τῷ
723 2749 1010 2798 προκειμένῳ
1048 2747 1218 2799 ᾄσματι
1248 2753 1346 2789 τοῖς
1368 2745 1558 2789 ’Ἄθλοις-
1610 2745 1732 2793 Θρυό-

213 2813 331 2834 σκων
357 2802 431 2834 κτλ.
460 2820 502 2824 -
530 2798 599 2845 μὲν
623 2799 695 2844 γάρ
720 2795 754 2833 τ’
782 2798 924 2843 scripsi,
950 2798 1062 2843 vulgo
1089 2796 1158 2842 μὲν
1183 2794 1267 2842 γὰρ,
1298 2795 1428 2831 Kleine
1461 2794 1531 2841 μὲν
1556 2791 1619 2840 ἄρ’
1646 2807 1734 2831 ana-

213 2847 376 2891 paestico
403 2858 554 2882 numero
579 2847 765 2882 restituto.
793 2866 835 2871 —-
861 2846 1016 2880 νίκασεν
1040 2843 1133 2880 Μέλ.
1161 2845 1201 2888 L,
1227 2844 1336 2883 νικᾶς
1362 2840 1486 2888 ἐμμελ.
1512 2841 1616 2878 BPV.
1642 2842 1735 2878 Har-

212 2899 306 2939 tung
333 2922 340 2929 .
363 2923 369 2929 .
393 2923 399 2930 .
423 2923 429 2930 .
459 2891 644 2939 Θρώσκων
671 2891 740 2940 μὲν
763 2889 987 2938 Ἀμφιάραος
1013 2889 1182 2937 (Πάντας
1208 2887 1402 2934 ἔκαίνυτ’),
1428 2886 1488 2926 ἄκ.
1516 2892 1590 2925 κτλ.
