1864 3126
208 127 295 170 616
517 124 519 128 ’
769 125 964 163 ΡΟΕΤΑΕ
990 126 1166 163 MELICI.

897 217 899 219 ’
935 235 1001 278 20.

323 322 422 360 Plin.
455 322 559 360 Hist.
590 321 638 361 N.
671 320 860 359 XXXVII
893 322 964 360 31:
1003 322 1288 372 „Phaethontis
1321 322 1487 362 fulmine
1524 323 1594 362 icti
1624 335 1730 363 soro-

207 399 270 425 res
302 387 414 425 luctu
446 387 624 426 mutatas
657 388 698 425 in
729 387 892 436 arbores
923 388 1092 436 populos
1122 388 1296 427 lacrimis
1329 389 1519 427 electrum
1551 388 1733 428 omnibus

208 452 321 490 annis
353 451 518 491 fundere
549 453 662 491 iuxta
686 452 907 491 Eridanum
938 465 1107 500 amnem,
1138 465 1255 502 quem
1281 453 1433 492 Padum
1464 465 1662 501 vocamus,
1693 455 1735 492 et'

209 517 400 555 electrum
432 518 695 567 appellatum,
736 517 922 568 quoniam
954 517 1013 556 sol
1044 518 1243 557 vocitatus
1276 519 1329 556 sit
1359 519 1540 567 Elector,
1570 517 1732 568 plurimi

208 585 349 632 poetae
382 583 527 633 dixere,
558 582 765 632 primique?
786 585 831 622 ut
864 583 1037 622 arbitror
1068 582 1303 633 Aeschylus,
1335 584 1586 632 Philoxenus,
1617 583 1730 622 Euri-

208 648 338 696 pides,
374 648 559 699 Satyrus,
593 645 831 687 Nicander.“
891 648 1079 698 Hartung
1117 661 1292 698 carmen⁷
1331 650 1434 687 unde
1471 649 1569 688 haec
1606 648 1734 699 petita.

211 703 316 764 sunt,
350 711 523 752 Φαέθων
553 715 618 754 vel
643 709 826 761 Ἡλιάδες
857 714 1093 763 inscriptum
1124 714 1248 753 fuisse
1282 714 1516 764 suspicatur.

328 867 388 905 Ex
413 868 619 907 Philoxeni
644 868 884 907 carminibus
908 867 1050 906 Suidas
1076 882 1112 907 v.
1135 863 1343 916 Φιλόξενος
1363 863 1429 920 (cf.
1449 868 1596 907 Eudoc.
1618 862 1736 920 428),

211 935 424 983 postquam
456 933 555 972 dixit
585 932 732 986 ἔγραψε
765 929 1040 985 διθυράμβους
1070 928 1151 983 κδ’,
1189 946 1311 971 unum
1342 937 1551 974 memorat:
1590 932 1736 986 ἔγραψε

211 995 253 1036 δὲ
293 1000 455 1049 μελικῶς
492 999 752 1051 Γενεαλογιάν
795 1000 872 1037 τῶν
909 997 1131 1048 Αἰακιδῶν,
1168 998 1280 1038 cuius
1319 999 1415 1038 alibi
1451 1011 1647 1049 nusquam
1689 998 1737 1037 fit

211 1064 373 1103 mentio.
435 1064 514 1103 Sed
554 1066 663 1103 extat
707 1065 875 1103 aliorum
919 1063 1137 1101 carminum
1181 1065 1383 1103 memoria,
1446 1065 1505 1103 Ex
1543 1064 1664 1103 Suida
1700 1077 1737 1103 v.

205 1124 468 1182 Ἀντιγενίδης
499 1125 697 1181 Σατύρου,
733 1129 929 1181 Θηβαῖος,
961 1124 1164 1179 μουσικός,
1197 1124 1375 1182 αὐλῳδὸς
1408 1126 1638 1177 Φιλοξένου·
1670 1119 1735 1167 οὗ·

211 1210 276 1242 τος
315 1190 543 1246 ὑποδήμασι
578 1194 794 1245 Μιλησίοις
830 1195 981 1245 πρῶτος
1022 1189 1207 1245 ἐχρήσατο
1250 1191 1315 1232 καὶ
1353 1189 1551 1245 κροκωτὸν
1590 1191 1640 1232 ἕν
1679 1194 1737 1247 τῷ

211 1260 443 1312 Κωμαστῇ
483 1254 750 1310 περιεβάλλετο
803 1254 972 1310 ἱμάτιον·
1018 1257 1164 1311 ἔγραψε
1208 1257 1300 1310 μέλη
1344 1259 1532 1309 Berglein
1572 1258 1739 1298 coniecit

210 1325 336 1375 ipsius
367 1324 577 1363 Philoxeni
605 1325 707 1363 illud
736 1324 862 1363 fuisse
894 1336 1070 1362 carmen:
1104 1324 1172 1363 sed
1203 1325 1277 1363 hoc
1309 1324 1467 1374 quidem
1493 1323 1741 1374 ambiguum.

211 1412 270 1419 —
301 1392 358 1430 At
388 1391 465 1429 huc
495 1391 683 1440 pertinet,
714 1390 819 1440 quod
851 1389 946 1428 dicit
976 1388 1142 1428 Aristot.
1168 1389 1251 1428 Pol.
1277 1389 1378 1427 VIII
1407 1390 1443 1437 7,
1478 1391 1521 1427 9:
1553 1386 1619 1427 καὶ
1648 1383 1736 1428 τού-

214 1472 284 1497 του
315 1451 440 1495 πολλὰ
470 1455 763 1509 παραδείγματα
793 1452 973 1507 λέγουσιν
999 1453 1040 1493 οἵ
1060 1452 1148 1506 περὶ
1178 1449 1249 1505 τὴν
1280 1450 1438 1493 σύνεσιν
1467 1449 1612 1505 ταύτην
1642 1449 1739 1492 ἅλλα

213 1537 250 1561 τε
283 1519 347 1561 καὶ
381 1516 479 1560 διότι
513 1516 721 1568 Φιλόξενος
752 1516 974 1572 ἐγχειρήσας
1006 1517 1049 1558 ἐν
1079 1520 1125 1572 τῇ
1156 1517 1324 1572 Δωριστὶ
1355 1520 1515 1571 ποιῆσαι
1548 1514 1740 1570 διθύραμ-

215 1589 290 1640 βον
321 1582 431 1634 τοὺς
460 1580 665 1633 Μυσούς
697 1581 773 1640 (ita
803 1585 910 1624 recte
943 1585 1170 1634 Schneider,
1201 1599 1237 1625 v.
1264 1579 1456 1638 μύθους),
1488 1580 1559 1637 οὐχ
1591 1580 1673 1632 οἶός
1702 1578 1736 1623 τ’

171 1662 175 1666 ”
212 1646 281 1705 ἦν,
320 1647 405 1691 ἄλλ’
445 1647 523 1691 ὑπὸ
566 1652 634 1702 τῆς
685 1646 841 1702 φύσεως
878 1645 998 1702 αὐτῆς
1034 1647 1218 1697 ἐξέπεσεν
1248 1649 1301 1698 εἰς
1337 1646 1409 1702 τὴν
1448 1641 1633 1703 Φρυγιστὶ
1668 1643 1741 1700 τὴν

213 1713 492 1769 προσήκουσαν
534 1711 664 1755 πάλιν.
726 1716 814 1754 Huc
854 1715 982 1755 refero
1023 1716 1129 1755 Plut.
1169 1716 1216 1755 de
1257 1717 1358 1755 Mus.
1398 1717 1472 1755 33:
1511 1711 1605 1755 ὥστε
1647 1710 1742 1754 οὐδὲ

216 1784 341 1835 ζητεῖν
372 1778 477 1833 παρὰ
509 1778 651 1834 ταύτης
682 1778 723 1822 τὸ
756 1782 970 1835 διαγνῶναι
1005 1777 1223 1830 δύνασθαι,
1260 1778 1426 1833 πότερον
1457 1780 1608 1828 οἰκείως
1639 1779 1739 1831 εἴλη-

215 1863 290 1899 φεν
322 1843 342 1887 ὃ
374 1844 539 1899 ποιητὴς
571 1843 622 1895 ὦς
654 1843 740 1887 οἷον
780 1847 902 1886 εἰπεῖν
940 1845 982 1885 ἐν
1021 1842 1182 1897 μούσοις
1220 1841 1394 1898 (corrige
1426 1841 1635 1898 Μυσοῖς)
1671 1839 1741 1884 τὸν

219 1909 449 1964 ὑποδώριον
478 1907 596 1952 τόνον
627 1911 690 1951 ἐπὶ
720 1908 792 1963 τὴν
823 1908 964 1964 ἀρχήν,
1001 1906 1026 1962 ἢ
1066 1907 1132 1950 τὸν
1172 1907 1398 1962 μιξολύδιόν
1428 1925 1466 1950 τε
1497 1909 1563 1950 καὶ
1594 1906 1740 1962 δώριον

217 1977 280 2018 ἐπὶ
309 1974 382 2030 τὴν
413 1976 587 2030 ἔκβασιν,
618 1973 643 2029 ἢ
675 1973 743 2017 τὸν
774 1972 1026 2029 ὖποφρύγιόν
1057 1990 1095 2014 τε
1126 1974 1191 2014 καὶ
1223 1972 1394 2028 φρύγιον
1426 1974 1488 2015 ἐπὶ
1518 1972 1589 2027 τὴν
1619 1973 1743 2027 μέσην

217 2038 278 2096 (τὸ
319 2038 546 2096 μέσονῗ).*)
594 2064 647 2069 -
694 2043 828 2082 Etiam
866 2043 1010 2081 Persas
1053 2041 1260 2090 scripsisse
1303 2041 1565 2080 Philoxenum
1597 2041 1743 2080 conieci

219 2104 482 2163 (assentiente
514 2108 752 2148 Susemihlio
785 2109 835 2146 ad
873 2108 977 2146 hunc
1013 2106 1161 2144 librum
1198 2120 1236 2156 p.
1270 2102 1373 2159 162)
1414 2118 1461 2145 ex
1490 2106 1658 2145 Aristot.
1690 2105 1738 2144 de

218 2175 326 2213 Poet.
360 2187 390 2214 c.
425 2175 468 2223 2,
505 2175 547 2213 6:
588 2169 675 2213 οἷον
700 2169 873 2225 ΙὍμηρος
914 2170 985 2225 μὲν
1025 2173 1217 2224 βελτίους,
1257 2172 1452 2222 Κλεοφῶν
1489 2168 1530 2210 δὲ
1568 2166 1742 2223 ὁμοίους,

211 2235 407 2292 Ἡγήμων
439 2236 501 2289 δέ,
539 2234 560 2278 ὃ
592 2234 660 2286 τὰς
691 2238 893 2291 παρῳδίας
928 2234 1096 2290 ποιήσας
1132 2238 1303 2289 πρῶτος,
1340 2234 1406 2276 καὶ
1437 2231 1682 2288 Νικοχάρης,
1720 2227 1741 2275 ὅ

218 2300 289 2356 τὴν
320 2300 513 2356 Δηλιάδα,
544 2303 711 2355 χείρους·
751 2298 895 2354 ὁμοίως
934 2301 976 2342 δὲ
1013 2302 1077 2343 καὶ
1113 2301 1200 2354 περὶ
1236 2297 1327 2350 τοὺς
1364 2296 1640 2353 διθυράμβους
1676 2298 1742 2340 καὶ

317 2454 352 2499 *)
365 2452 563 2499 Westphal
583 2452 728 2498 Proleg.
749 2465 777 2488 z.
793 2452 925 2487 Aesch.
942 2453 1051 2498 Trag.
1072 2465 1106 2498 p.
1131 2455 1175 2487 74
1195 2452 1309 2497 negat
1327 2449 1591 2486 Aristoxenum
1616 2449 1741 2495 Mysos

219 2501 414 2538 Philoxeni
426 2501 629 2546 respexisse
648 2502 820 2545 recteque
833 2500 978 2535 monuit
996 2496 1208 2544 ὑποδώριον
1222 2497 1345 2541 τόνον,
1371 2509 1481 2542 quem
1499 2496 1740 2533 Aristoxenus

222 2549 372 2585 exordio
398 2548 590 2593 attribuit,
622 2559 697 2583 non
729 2559 932 2593 congruere
957 2559 1040 2583 cum
1073 2545 1200 2582 dorica
1223 2546 1434 2590 harmonia,
1467 2556 1490 2580 a
1520 2555 1594 2589 qua
1618 2543 1742 2579 Philo-

221 2608 334 2632 xenus
361 2608 464 2632 orsus
491 2597 586 2631 erat:
620 2595 685 2630 sed
709 2595 911 2630 verisimile
945 2597 1001 2630 est
1032 2593 1203 2630 librarios
1228 2592 1422 2628 Plutarchi
1451 2589 1677 2638 peccavisse:
1710 2591 1742 2626 si

221 2643 493 2689 permutaveris
518 2641 654 2689 δώριον
675 2643 713 2678 et
732 2639 947 2688 ὑποδώριον
975 2642 1138 2678 scribens
1162 2639 1229 2676 τὸν
1256 2638 1424 2686 δώριον
1448 2636 1560 2674 τόνον
1587 2635 1647 2674 ἐπὶ
1673 2635 1742 2683 τὴν

224 2689 355 2737 άρχήν,
379 2687 403 2736 ἢ
429 2688 495 2726 τὸν
522 2687 738 2736 μιξολυδιόν
763 2703 802 2725 τε
830 2690 896 2725 καὶ
927 2686 1192 2733 ὑποδώριον
1224 2685 1285 2724 ἐπὶ
1317 2684 1385 2732 τὴν
1418 2685 1587 2734 ἔκβασιν,
1621 2684 1742 2720 omnis

223 2738 404 2774 dissensio
431 2739 486 2774 est
512 2738 671 2782 sublata,
697 2737 769 2772 nisi
796 2736 896 2782 quod
915 2737 1156 2772 Aristoxenus
1183 2736 1312 2771 modos
1331 2733 1514 2780 poematis
1533 2733 1743 2768 accuratius

224 2797 336 2830 quam
370 2785 590 2821 Aristoteles
626 2784 830 2830 descripsit.
879 2784 911 2818 A
952 2783 1145 2820 Philoxeni
1178 2784 1250 2819 hoc
1287 2780 1523 2828 dithyrambo
1561 2780 1743 2825 originem

225 2833 331 2867 duxit
356 2832 593 2878 proverbium
618 2828 694 2868 άπὸ
721 2833 871 2876 Δωρίου
905 2829 966 2868 ἐπὶ
1000 2829 1161 2877 Φρύγιον
1195 2829 1376 2876 (Apostol.
1404 2827 1455 2863 111
1479 2829 1550 2872 61),
1577 2839 1650 2872 quo
1676 2828 1742 2873 Sy-

223 2879 347 2915 nesius
372 2880 500 2916 utitur.
1606 2897 1611 2900 -
