1864 3126
0 0 126 103 e

711 136 1089 195 ANAOREoN'rEA.
1584 156 1672 199 331

203 266 508 324 πεπεδημένον
540 264 793 323 φυλάττων,
993 264 1153 310 ἄνοσοι
1186 266 1322 323 δέμας
1351 266 1534 322 θεητόν,

135 350 180 383 10
204 336 284 394 ἵν’,
317 336 427 383 ὅταν
457 338 619 396 τέμωσι
650 336 834 396 βότρυν,
991 335 1153 382 ἄνοσοι
1184 335 1355 395 γλυκύν
1385 354 1431 381 τε
1463 336 1617 395 θυμόν

203 406 362 455 ἄνοσοι
394 409 561 467 μένωσι
593 410 767 465 πάντες,
991 410 1035 461 ἐς
1060 412 1186 462 ἔτους
1211 409 1430 466 φανέντος
1455 407 1608 454 ἄλλου.

796 543 865 587 55.
898 542 1006 597 [51.]

459 627 551 661 ΕΙΣ
572 627 777 662 ΔῙΣΚΟΝ
800 626 1008 665 ΕΧΟΝΤΑ
1035 625 1346 660 ΑΦΡΟΔΙΤΗΝ.

191 694 304 755 ’Ἆρα
335 697 401 750 τὶς
430 696 614 756 τόρευσε
645 697 830 755 πόντον,
992 694 1099 748 νόος
1130 696 1174 748 ἐς
1203 698 1328 740 θεῶν
1359 694 1505 759 ἀέρθη

204 766 293 825 ἄρα
322 768 389 821 τὶς
419 778 607 826 μανεῖσα
638 770 770 828 τέχνα
993 768 1206 826 μακάρων
1238 767 1426 825 φύστιος
1458 766 1611 826 ἀρχάν.

204 837 387 898 α’νέχευε
414 843 535 899 ’κῦμα
568 843 723 901 δίσκῳ;
993 838 1071 884 ὅδε
1103 848 1201 884 νεῖν
1234 841 1372 893 ἔδειξε
1401 840 1594 898 γυμνάν,

206 911 275 956 ἐπὶ
307 910 413 957 νῶτ’
449 915 524 970 ἔβη
556 912 800 970 θαλάττης;
924 925 966 956 10
993 910 1078 956 ὅσα
1109 909 1168 982 μῂ
1193 911 1324 969 θέμις
1349 909 1394 955 δ’
1431 909 1642 969 ὁρᾶσθαι,

157 996 178 1027 5
205 981 292 1042 ἄρα
322 984 389 1036 τὶς
419 983 581 1042 χάραξε
612 983 777 1029 λευκάν
992 982 1109 1041 μόνα
1140 982 1334 1040 κύμασιν
1365 983 1589 1028 καλύπτει.

203 1052 381 1100 ἁπαλὰν
410 1053 581 1114 ὕπερθε
614 1055 815 1113 Κύπριν;
992 1053 1247 1113 ἀλαλημένη
1281 1053 1322 1099 δ’
1357 1053 1433 1100 ὑπ’
1469 1054 1580 1114 ἆκτᾷ

133 1223 212 1250 τειν
239 1211 526 1247 commendavit.
554 1232 596 1237 -
624 1212 668 1248 V.
686 1215 751 1247 -10,
779 1210 918 1257 τέμωσι
944 1212 1151 1259 Sephanus,
1178 1211 1259 1248 cod.
1286 1209 1457 1257 τέμνωσι.
1486 1231 1530 1236 -
1557 1210 1600 1245 V.
1625 1214 1668 1246 12

134 1258 215 1294 cod.
242 1257 281 1294 in
307 1270 378 1294 ras.
403 1255 555 1304 θϊητόν,
580 1258 654 1295 fuit
671 1255 832 1305 θηητόν.
859 1279 904 1285 -
931 1259 975 1296 V.
1001 1264 1053 1296 14.
1081 1257 1120 1301 ἐς
1139 1258 1257 1305 ἔτους,
1284 1259 1364 1295 cod.
1386 1256 1549 1299 ἔσέτους.
1576 1258 1670 1294 Mihi

135 1306 371 1342 scribendum
398 1306 548 1342 videtur
573 1305 591 1342 ἐ
600 1320 618 1348 ς
644 1305 744 1348 ἔτος
769 1306 792 1344 i.
814 1319 844 1343 e.
871 1318 939 1353 per
963 1319 1113 1351 annum,
1139 1318 1256 1351 usque
1282 1307 1371 1343 dum
1397 1318 1515 1343 novus
1534 1306 1671 1342 adven-

133 1355 200 1390 tet.
227 1374 270 1380 -
299 1354 499 1390 Welckero
524 1355 596 1391 hoc
621 1365 771 1391 carmen
796 1355 995 1400 antiquum
1021 1356 1061 1391 et
1085 1355 1320 1391 Anacreonte
1349 1354 1450 1390 haud
1476 1353 1671 1399 indignum

133 1401 254 1438 visum
280 1403 347 1445 est,
379 1402 444 1438 sed
468 1402 657 1438 novicium
683 1413 764 1438 esse
790 1404 965 1452 apparet,
998 1414 1042 1439 eo
1074 1404 1221 1439 tantum
1254 1402 1403 1438 nomine
1437 1401 1672 1437 commenda-

134 1449 222 1493 bile,
247 1449 347 1494 quod
372 1449 629 1486 translaticiae
654 1450 819 1496 ineptiae
845 1450 884 1485 et
907 1450 1068 1497 puerilia
1093 1450 1289 1486 verborum
1322 1450 1517 1496 pigmenta
1541 1450 1672 1495 procul

135 1497 382 1581 habegginV.
412 1550 428 1580 1
457 1544 537 1581 cod.
558 1542 635 1591 ἄρα
654 1558 720 1588 τις,
746 1545 811 1581 sed
831 1558 865 1582 v.
885 1549 906 1580 2
927 1547 1027 1582 recte
1045 1543 1124 1592 ἄρα
1142 1544 1209 1587 τὶς.
1230 1566 1275 1573 -
1300 1543 1442 1581 πόντον
1462 1545 1542 1581 cod.
1565 1556 1670 1589 corr„

134 1591 232 1628 infra
255 1589 391 1628 πόντω.
415 1613 457 1618 -
485 1595 530 1628 V.
550 1597 583 1628 2.
610 1597 770 1639 μανεῖσα
795 1591 922 1638 τέχνα,
947 1593 1043 1630 Rose
1069 1604 1264 1640 perperam
1290 1593 1423 1639 μανεὶς
1446 1589 1600 1638 ἄτεχνα.
1627 1613 1670 1619 -

136 1639 179 1676 V.
205 1642 239 1675 4.
266 1636 329 1675 ἐπὶ
354 1628 445 1675 νῶτ’
474 1639 542 1688 ἔβη
567 1638 759 1686 θαλάττης
783 1640 916 1687 scripsi
941 1642 980 1676 et
1003 1643 1090 1687 post
1113 1654 1146 1678 v.
1175 1646 1196 1677 3
1223 1641 1385 1687 stigmen
1410 1641 1545 1686 locavi,
1571 1641 1672 1686 lege-

134 1687 247 1723 batur
280 1684 342 1723 ἐπὶ
373 1688 475 1723 νῶτα
506 1688 573 1734 τῆς
595 1686 787 1732 θαλάττης
812 1699 1013 1734 versusque
1045 1688 1276 1725 adhaerebat
1308 1699 1548 1734 praegresso,
1572 1689 1672 1734 quod

135 1746 220 1770 cum
257 1735 368 1780 plane
411 1746 627 1781 perversum
671 1738 786 1781 esset,
820 1736 975 1772 Richter
1017 1749 1052 1772 v.
1085 1741 1108 1772 4
1145 1735 1388 1772 subditicium
1433 1747 1514 1772 esse
1553 1735 1672 1782 suspi-

135 1782 241 1818 catus
259 1784 331 1827 est,
358 1782 455 1819 Rose
481 1786 607 1819 autem
633 1783 781 1820 clavum
807 1784 914 1820 clavo
938 1784 1092 1820 trudens
1111 1797 1145 1820 v.
1167 1788 1189 1820 4
1209 1785 1314 1820 arcta
1338 1784 1562 1820 necessitate
1589 1795 1672 1819 cum

136 1842 170 1866 v.
197 1832 230 1865 ὃ.
257 1835 278 1866 6
311 1830 611 1876 coniungendam
643 1842 724 1868 esse
756 1832 912 1868 censuit.
962 1831 1190 1878 Interpretes
1216 1843 1300 1868 cum
1328 1843 1415 1867 usus
1440 1831 1672 1878 pronominis

136 1877 192 1918 τὶς
223 1877 324 1913 haud
355 1877 567 1923 infrequens
598 1879 756 1925 lateret,
785 1878 973 1925 poematis
1005 1891 1115 1916 sensa
1145 1891 1219 1916 non
1251 1882 1338 1915 sunt-
1369 1879 1541 1915 assecuti.
1593 1879 1673 1915 Hoc

137 1924 232 1960 dicit
256 1926 384 1971 poeta:
410 1926 635 1972 quicumque
659 1930 814 1973 pontum
834 1927 874 1963 in
900 1926 1004 1963 disco
1031 1927 1202 1970 caelavit,
1221 1927 1302 1973 ipse
1321 1939 1387 1974 per
1405 1927 1526 1963 maria
1543 1930 1674 1962 vectus

138 1974 207 2017 est,
231 1971 255 2008 i.
277 1984 307 2009 e.
333 1972 497 2010 imitatio
522 1974 570 2010 ad
594 1974 795 2011 veritatem
814 1975 982 2020 proxime
1002 1975 1159 2012 accedit.
1192 1975 1332 2011 Eadem
1354 1975 1533 2011 orationis
1552 1974 1674 2010 forma

136 2018 295 2057 iteratur
319 2019 496 2067 proximis
521 2021 687 2058 versibus
714 2026 782 2058 5-—
796 2026 830 2067 8,
856 2022 953 2058 unde
973 2022 1084 2069 plane
1109 2024 1270 2069 apparet
1288 2034 1346 2058 me
1365 2023 1446 2058 iure
1465 2021 1674 2058 restituisse

137 2068 291 2103 verbum
316 2069 563 2105 necessarium
591 2068 660 2118 ἔβη
685 2070 764 2107 sive
792 2069 897 2106 ἔπλει
922 2070 1042 2106 malis.
1086 2071 1166 2107 Iam
1187 2072 1331 2106 veteres
1350 2070 1589 2116 grammatici
1609 2070 1674 2105 ad-

136 2118 270 2151 notant
293 2115 433 2162 passim
458 2116 514 2158 τὶς
543 2128 617 2153 non
643 2118 882 2164 πυσματικῶς
913 2117 1096 2158 adhiberi.
1134 2118 1199 2154 sed
1224 2115 1374 2163 ἄρθρου
1400 2118 1480 2154 vice
1509 2118 1546 2163 (i.
1574 2128 1604 2153 e.
1632 2113 1675 2157 ὅς

139 2163 198 2198 vel
224 2159 338 2208 ὅστις)
363 2163 488 2210 fungi,
520 2164 616 2201 dixit
640 2166 686 2201 de
711 2166 783 2202 hoc
807 2177 876 2201 usu
893 2166 989 2212 ‚post
1021 2165 1116 2202 alios
1149 2165 1190 2202 Ο.
1219 2165 1424 2202 Schneider
1449 2165 1497 2201 ad
1524 2165 1670 2202 Gallim.

139 2209 154 2244 I
180 2213 268 2255 422,
299 2212 430 2255 estque
460 2211 631 2257 inprimis
666 2213 799 2249 tritum
833 2213 982 2259 plebeio
1014 2215 1053 2249 et
1084 2213 1233 2250 novicio
1266 2224 1452 2256 sermone,
1493 2215 1535 2248 nt
1571 2212 1674 2248 tituli

139 2256 249 2292 Asiae
273 2258 510 2303 potissimum
534 2260 708 2305 primoris
734 2262 930 2306 testantur,
958 2260 1063 2297 velut
1087 2262 1142 2302 τὶς
1167 2257 1216 2297 ἂν
1242 2258 1424 2306 προσάξει
1456 2260 1516 2295 vel
1542 2259 1597 2300 τὶς
1622 2255 1671 2295 ἄν

139 2301 260 2358 nau-ov
284 2303 542 2358 προσποιήσει.
564 2327 605 2332 -
634 2307 679 2344 V.
701 2312 733 2344 5.
760 2305 835 2354 ἄρα
860 2307 916 2349 τὶς
940 2306 1079 2354 χάραξε
1107 2310 1146 2344 et
1164 2313 1185 2344 6
1211 2305 1365 2344 ἁπαλὰν
1391 2304 1539 2353 ὕπερθε
1560 2319 1670 2343 voca-

141 2352 238 2408 bulis
265 2352 494 2389 traiiciendis
519 2365 673 2391 numero
699 2355 885 2402 prospexi,
911 2356 1107 2402 legebatur
1133 2354 1208 2400 ἄρα
1235 2369 1290 2397 τις
1314 2351 1462 2400 ὕπερθε
1484 2384 1492 2390 .
1516 2383 1522 2389 .
1545 2384 1551 2392 .
1574 2351 1672 2390 ἁπα-

138 2402 209 2435 λαν
235 2397 386 2445 χάραξε.
431 2400 528 2437 Rose
548 2401 697 2448 scripsit
721 2400 796 2448 ἄρα
815 2404 871 2444 τίς
895 2399 934 2439 δ’
955 2404 1015 2439 vel
1040 2404 1095 2444 τίς
1125 2401 1183 2440 θ’.
1211 2424 1254 2430 -
1284 2404 1326 2439 V.
1350 2407 1380 2439 ’1.
1408 2400 1508 2446 νόος,
1535 2402 1673 2438 Barnes

141 2449 180 2483 et
210 2447 329 2483 Bothe
364 2444 467 2491 νόον,
493 2458 568 2493 qua
593 2450 818 2486 correctione
849 2450 961 2486 facile
993 2461 1180 2487 caremus:
1212 2452 1283 2487 hoc
1314 2450 1407 2486 dicit
1443 2452 1572 2496 poeta:
1609 2450 1673 2495 qui

140 2494 321 2531 Venerem
350 2495 520 2540 caelarit,
553 2496 632 2531 eius
658 2497 803 2533 animus
827 2498 866 2533 in
892 2498 1036 2534 coelum
1071 2498 1191 2535 elatus
1218 2502 1275 2534 est
1299 2498 1427 2543 ibique
1454 2497 1550 2533 vidit
1574 2496 1674 2544 prin-

141 2541 280 2588 cipium
306 2542 452 2588 generis
478 2543 644 2580 deorum.
670 2565 714 2570 —
740 2545 846 2580 θεῶν
870 2544 971 2581 haud
997 2547 1215 2582 cunctanter
1241 2546 1380 2582 correxi
1408 2545 1487 2580 cod.
1515 2545 1674 2590 scriptu-

141 2601 221 2626 ram
245 2588 375 2631 θεούς.
404 2611 446 2616 -
473 2587 599 2637 ἀέρθη
626 2591 706 2628 cod.
733 2591 840 2637 infra,
866 2588 1024 2638 ἀερθείς
1049 2604 1170 2639 supra.
1200 2615 1239 2619 —-
1271 2593 1313 2628 V.
1341 2597 1373 2628 8.
1401 2590 1558 2636 φύστιος
1584 2592 1673 2628 Her-

142 2649 265 2682 mann,
291 2637 370 2674 cod.
399 2635 544 2696 φύσιος,
571 2638 641 2675 nisi
666 2638 762 2675 forte
787 2640 922 2684 φίτυος
945 2641 1122 2686 praestat,
1150 2640 1222 2677 etsi
1247 2639 1412 2686 patrium
1439 2651 1566 2675 casum
1592 2651 1672 2677 voc.

142 2689 232 2730 φῖτυ
252 2685 363 2722 credo
388 2699 412 2721 α
443 2683 606 2731 ἀρτυρον
625 2697 714 2723 esse.
754 2687 853 2723 Male
874 2686 969 2723 Rose
995 2684 1112 2732 φύσιν
1138 2685 1175 2724 τ’
1199 2686 1237 2729 ἐς
1256 2685 1390 2733 ἄκραν.
1419 2707 1462 2713 -
1490 2687 1533 2723 V.
1548 2691 1580 2723 9.
1608 2684 1673 2724 ὅδε

141 2736 224 2768 νεῖν
251 2732 392 2779 scripsi,
434 2734 614 2779 egebatur
638 2731 658 2769 ὁ
686 2732 729 2770 δέ
755 2747 825 2770 νιν.
877 2734 972 2771 Sane
998 2734 1218 2781 plerumque
1251 2734 1492 2789 participium
1524 2735 1674 2771 subiun-

143 2779 244 2825 gitur
276 2780 396 2816 verbis
426 2778 641 2825 δεικνύναι,
673 2785 814 2826 ποιεῖν,
842 2778 1089 2827 ἐργάζεσθαι,
1120 2782 1184 2818 sed
1216 2781 1324 2818 licuit
1348 2783 1463 2818 etiam
1488 2781 1674 2819 infinitivo

143 2826 211 2871 uti,
230 2827 542 2873 quemadmodum
562 2828 671 2864 latini
691 2828 820 2865 dicunt
845 2829 1038 2865 Herculem
1064 2831 1252 2866 conveniri
1275 2830 1361 2873 fecit
1381 2830 1426 2866 ab
1454 2829 1563 2866 Ulixe
1587 2830 1673 2866 alia.

144 2873 333 2911 Hermann
364 2870 430 2912 ὅδε
462 2872 548 2935 μὴν,
582 2877 676 2913 Rose
708 2873 728 2912 ὁ
756 2874 800 2912 δέ
825 2889 886 2912 νιν
919 2874 1079 2923 δέδειχε.
1115 2898 1156 2904 —-
1190 2878 1234 2913 V.
1266 2881 1319 2913 10.
1352 2873 1424 2913 ὅσα
1450 2877 1674 2924 Stephanus,

146 2920 225 2971 qod.
251 2919 356 2968 χὸσα.
391 2943 436 2950 —-
468 2924 491 2959 ὃ
540 2924 622 2960 cod.
654 2935 766 2971 supra
798 2924 882 2961 add.
914 2945 960 2951 —-
993 2925 1035 2962 V.
1073 2929 1120 2962 12.
1157 2922 1373 2971 ἀλαλημένη
1406 2925 1560 2971 Baxter,
1592 2926 1672 2962 cod.
