<?xml version="1.0" encoding="UTF-8"?>
<!DOCTYPE html PUBLIC "-//W3C//DTD XHTML 1.0 Transitional//EN"
    "http://www.w3.org/TR/xhtml1/DTD/xhtml1-transitional.dtd">
<html xmlns="http://www.w3.org/1999/xhtml" xml:lang="en" lang="en">
 <head>
  <title>
</title>
<meta http-equiv="Content-Type" content="text/html;charset=utf-8" />
  <meta name='ocr-system' content='tesseract 3.04.00' />
  <meta name='ocr-capabilities' content='ocr_page ocr_carea ocr_par ocr_line ocrx_word'/>
</head>
<body>
  <div class='ocr_page' id='page_1' title='image "./poetaelyricigrae03berguoft_0488.png"; bbox 0 0 1864 3126; ppageno 0'>
   <div class='ocr_carea' id='block_1_1' title="bbox 237 163 1198 206">
    <p class='ocr_par' dir='ltr' id='par_1_1' title="bbox 237 163 1198 206">
     <span class='ocr_line' id='line_1_1' title="bbox 237 163 1198 206; baseline -0.007 -2"><span class='ocrx_word' id='word_1_1' title='bbox 237 164 324 206; x_wconf 79' lang='lat'><strong>478</strong></span> <span class='ocrx_word' id='word_1_2' title='bbox 801 163 994 198; x_wconf 78' lang='lat' dir='ltr'><strong>POETAE</strong></span> <span class='ocrx_word' id='word_1_3' title='bbox 1021 163 1198 198; x_wconf 84' lang='lat' dir='ltr'><strong>MELICI.</strong></span> 
     </span>
    </p>
   </div>
   <div class='ocr_carea' id='block_1_2' title="bbox 201 269 1777 2015">
    <p class='ocr_par' dir='ltr' id='par_1_2' title="bbox 201 269 1777 2015">
     <span class='ocr_line' id='line_1_2' title="bbox 236 269 1756 315; baseline 0 -11"><span class='ocrx_word' id='word_1_4' title='bbox 236 270 401 313; x_wconf 86' lang='lat' dir='ltr'><strong>cidenses</strong></span> <span class='ocrx_word' id='word_1_5' title='bbox 428 281 511 304; x_wconf 88' lang='lat' dir='ltr'><strong>suos</strong></span> <span class='ocrx_word' id='word_1_6' title='bbox 537 269 688 304; x_wconf 90' lang='lat' dir='ltr'><strong>tandem</strong></span> <span class='ocrx_word' id='word_1_7' title='bbox 717 281 760 304; x_wconf 88' lang='lat' dir='ltr'><strong>ex</strong></span> <span class='ocrx_word' id='word_1_8' title='bbox 787 269 964 304; x_wconf 90' lang='lat' dir='ltr'><strong>servitute</strong></span> <span class='ocrx_word' id='word_1_9' title='bbox 990 269 1248 314; x_wconf 82' lang='lat' dir='ltr'><strong>redemissent,</strong></span> <span class='ocrx_word' id='word_1_10' title='bbox 1285 269 1528 304; x_wconf 77' lang='lat' dir='ltr'><strong>Athenienses</strong></span> <span class='ocrx_word' id='word_1_11' title='bbox 1552 269 1662 305; x_wconf 89' lang='lat' dir='ltr'><strong>huius</strong></span> <span class='ocrx_word' id='word_1_12' title='bbox 1692 280 1756 315; x_wconf 88' lang='lat' dir='ltr'><strong>pe-</strong></span> 
     </span>
     <span class='ocr_line' id='line_1_3' title="bbox 236 315 1756 362; baseline 0.001 -11"><span class='ocrx_word' id='word_1_13' title='bbox 236 317 365 352; x_wconf 89' lang='lat' dir='ltr'><strong>cuniae</strong></span> <span class='ocrx_word' id='word_1_14' title='bbox 392 317 585 351; x_wconf 84' lang='lat' dir='ltr'>decumam</span> <span class='ocrx_word' id='word_1_15' title='bbox 611 315 799 351; x_wconf 87' lang='lat' dir='ltr'><strong>Minervae</strong></span> <span class='ocrx_word' id='word_1_16' title='bbox 824 316 1072 361; x_wconf 86' lang='lat' dir='ltr'><strong>polluxerunt,</strong></span> <span class='ocrx_word' id='word_1_17' title='bbox 1097 318 1140 351; x_wconf 93' lang='lat' dir='ltr'><strong>ut</strong></span> <span class='ocrx_word' id='word_1_18' title='bbox 1163 317 1373 352; x_wconf 88' lang='lat' dir='ltr'><strong>Herodotus</strong></span> <span class='ocrx_word' id='word_1_19' title='bbox 1400 318 1529 352; x_wconf 88' lang='lat' dir='ltr'><strong>auctor</strong></span> <span class='ocrx_word' id='word_1_20' title='bbox 1553 318 1620 358; x_wconf 86' lang='lat' dir='ltr'><strong>est¹</strong></span> <span class='ocrx_word' id='word_1_21' title='bbox 1646 327 1756 362; x_wconf 87' lang='lat' dir='ltr'><strong>quor-</strong></span> 
     </span>
     <span class='ocr_line' id='line_1_4' title="bbox 235 361 1757 409; baseline 0.001 -11"><span class='ocrx_word' id='word_1_22' title='bbox 235 376 313 398; x_wconf 88' lang='lat' dir='ltr'><strong>sum</strong></span> <span class='ocrx_word' id='word_1_23' title='bbox 341 366 487 409; x_wconf 85' lang='lat' dir='ltr'><strong>spectat</strong></span> <span class='ocrx_word' id='word_1_24' title='bbox 512 364 572 399; x_wconf 87' lang='lat' dir='ltr'><strong>hic</strong></span> <span class='ocrx_word' id='word_1_25' title='bbox 597 374 742 409; x_wconf 82' lang='lat' dir='ltr'><strong>versus3</strong></span> <span class='ocrx_word' id='word_1_26' title='bbox 776 364 840 398; x_wconf 89' lang='lat' dir='ltr'><strong>sed</strong></span> <span class='ocrx_word' id='word_1_27' title='bbox 873 364 902 398; x_wconf 89' lang='lat' dir='ltr'><strong>si</strong></span> <span class='ocrx_word' id='word_1_28' title='bbox 930 363 1106 408; x_wconf 76' lang='grc' dir='ltr'><em>ἔργμασιν</em></span> <span class='ocrx_word' id='word_1_29' title='bbox 1134 361 1175 398; x_wconf 83' lang='grc' dir='ltr'><strong>έν</strong></span> <span class='ocrx_word' id='word_1_30' title='bbox 1199 363 1364 409; x_wconf 84' lang='grc' dir='ltr'><em>πολέμου</em></span> <span class='ocrx_word' id='word_1_31' title='bbox 1397 364 1550 409; x_wconf 85' lang='lat' dir='ltr'><strong>legitur,</strong></span> <span class='ocrx_word' id='word_1_32' title='bbox 1583 375 1657 399; x_wconf 91' lang='lat' dir='ltr'><strong>non</strong></span> <span class='ocrx_word' id='word_1_33' title='bbox 1688 365 1757 407; x_wconf 84' lang='lat' dir='ltr'><strong>est,</strong></span> 
     </span>
     <span class='ocr_line' id='line_1_5' title="bbox 236 410 1760 456; baseline 0.001 -11"><span class='ocrx_word' id='word_1_34' title='bbox 236 422 308 454; x_wconf 92' lang='lat' dir='ltr'><strong>quo</strong></span> <span class='ocrx_word' id='word_1_35' title='bbox 335 412 407 446; x_wconf 85' lang='grc' dir='ltr'><em>τῶν</em></span> <span class='ocrx_word' id='word_1_36' title='bbox 433 412 562 446; x_wconf 86' lang='lat' dir='ltr'><strong>referri</strong></span> <span class='ocrx_word' id='word_1_37' title='bbox 586 412 720 456; x_wconf 85' lang='lat' dir='ltr'><strong>possit:</strong></span> <span class='ocrx_word' id='word_1_38' title='bbox 753 411 1003 446; x_wconf 81' lang='lat' dir='ltr'><strong>duriusculum</strong></span> <span class='ocrx_word' id='word_1_39' title='bbox 1037 410 1136 446; x_wconf 90' lang='lat' dir='ltr'><strong>enim</strong></span> <span class='ocrx_word' id='word_1_40' title='bbox 1167 411 1240 446; x_wconf 83' lang='grc' dir='ltr'><em>τῶν</em></span> <span class='ocrx_word' id='word_1_41' title='bbox 1273 412 1319 446; x_wconf 88' lang='lat' dir='ltr'><strong>ad</strong></span> <span class='ocrx_word' id='word_1_42' title='bbox 1351 410 1511 446; x_wconf 75' lang='lat' dir='ltr'>Boeotos</span> <span class='ocrx_word' id='word_1_43' title='bbox 1543 412 1583 445; x_wconf 90' lang='lat' dir='ltr'><strong>et</strong></span> <span class='ocrx_word' id='word_1_44' title='bbox 1613 410 1760 446; x_wconf 85' lang='lat' dir='ltr'><strong>Chalci-</strong></span> 
     </span>
     <span class='ocr_line' id='line_1_6' title="bbox 236 453 1759 502; baseline 0 -10"><span class='ocrx_word' id='word_1_45' title='bbox 236 459 366 493; x_wconf 77' lang='lat' dir='ltr'>denses</span> <span class='ocrx_word' id='word_1_46' title='bbox 391 458 544 502; x_wconf 87' lang='lat' dir='ltr'><strong>referre,</strong></span> <span class='ocrx_word' id='word_1_47' title='bbox 573 469 660 492; x_wconf 91' lang='lat' dir='ltr'><strong>nam</strong></span> <span class='ocrx_word' id='word_1_48' title='bbox 691 460 779 493; x_wconf 89' lang='lat' dir='ltr'><strong>tunc</strong></span> <span class='ocrx_word' id='word_1_49' title='bbox 805 454 880 492; x_wconf 84' lang='grc' dir='ltr'><strong>άπὸ</strong></span> <span class='ocrx_word' id='word_1_50' title='bbox 916 458 989 492; x_wconf 81' lang='grc' dir='ltr'><em>τῶν</em></span> <span class='ocrx_word' id='word_1_51' title='bbox 1017 458 1214 493; x_wconf 89' lang='lat' dir='ltr'><strong>dicendum</strong></span> <span class='ocrx_word' id='word_1_52' title='bbox 1241 458 1330 501; x_wconf 82' lang='lat' dir='ltr'><strong>fuit3</strong></span> <span class='ocrx_word' id='word_1_53' title='bbox 1365 453 1462 493; x_wconf 87' lang='lat' dir='ltr'><strong>hanc</strong></span> <span class='ocrx_word' id='word_1_54' title='bbox 1497 457 1759 493; x_wconf 86' lang='lat' dir='ltr'><strong>difficultatem</strong></span> 
     </span>
     <span class='ocr_line' id='line_1_7' title="bbox 236 501 1760 552; baseline 0 -12"><span class='ocrx_word' id='word_1_55' title='bbox 236 506 367 540; x_wconf 81' lang='lat' dir='ltr'><strong>sustuli</strong></span> <span class='ocrx_word' id='word_1_56' title='bbox 394 505 586 541; x_wconf 87' lang='lat' dir='ltr'><strong>scribendo</strong></span> <span class='ocrx_word' id='word_1_57' title='bbox 614 503 792 551; x_wconf 79' lang='grc' dir='ltr'><em>ἔργμασιν</em></span> <span class='ocrx_word' id='word_1_58' title='bbox 818 502 860 540; x_wconf 80' lang='grc' dir='ltr'><strong>ἐκ</strong></span> <span class='ocrx_word' id='word_1_59' title='bbox 886 503 1048 550; x_wconf 84' lang='grc' dir='ltr'><em>πολέμου</em></span> <span class='ocrx_word' id='word_1_60' title='bbox 1076 533 1084 540; x_wconf 93' lang='grc'><strong>.</strong></span> <span class='ocrx_word' id='word_1_61' title='bbox 1106 534 1113 541; x_wconf 94' lang='grc'><strong>.</strong></span> <span class='ocrx_word' id='word_1_62' title='bbox 1135 534 1143 542; x_wconf 90' lang='grc'><strong>.</strong></span> <span class='ocrx_word' id='word_1_63' title='bbox 1171 503 1329 552; x_wconf 76' lang='grc' dir='ltr'><strong><em>ἔσβεσαν</em></strong></span> <span class='ocrx_word' id='word_1_64' title='bbox 1354 501 1475 552; x_wconf 70' lang='grc' dir='ltr'><em>ὕβριν.</em></span> <span class='ocrx_word' id='word_1_65' title='bbox 1514 504 1760 540; x_wconf 69' lang='lat' dir='ltr'><strong>Athenienses</strong></span> 
     </span>
     <span class='ocr_line' id='line_1_8' title="bbox 234 552 1759 598; baseline -0.001 -10"><span class='ocrx_word' id='word_1_66' title='bbox 234 552 468 597; x_wconf 88' lang='lat' dir='ltr'><strong>potissimum</strong></span> <span class='ocrx_word' id='word_1_67' title='bbox 494 552 550 596; x_wconf 91' lang='lat' dir='ltr'><strong>iis,</strong></span> <span class='ocrx_word' id='word_1_68' title='bbox 577 553 640 597; x_wconf 88' lang='lat' dir='ltr'><strong>qui</strong></span> <span class='ocrx_word' id='word_1_69' title='bbox 665 552 878 598; x_wconf 88' lang='lat' dir='ltr'><strong>argentaria</strong></span> <span class='ocrx_word' id='word_1_70' title='bbox 903 553 1058 588; x_wconf 88' lang='lat' dir='ltr'><strong>metalla</strong></span> <span class='ocrx_word' id='word_1_71' title='bbox 1082 553 1314 597; x_wconf 77' lang='lat' dir='ltr'><strong>exercebant,</strong></span> <span class='ocrx_word' id='word_1_72' title='bbox 1334 552 1508 588; x_wconf 90' lang='lat' dir='ltr'><strong>videntur</strong></span> <span class='ocrx_word' id='word_1_73' title='bbox 1527 552 1759 597; x_wconf 84' lang='lat' dir='ltr'><strong>captivorum</strong></span> 
     </span>
     <span class='ocr_line' id='line_1_9' title="bbox 236 598 1761 645; baseline -0.001 -10"><span class='ocrx_word' id='word_1_74' title='bbox 236 611 367 645; x_wconf 85' lang='lat' dir='ltr'><strong>operas</strong></span> <span class='ocrx_word' id='word_1_75' title='bbox 395 598 593 645; x_wconf 80' lang='grc' dir='ltr'>(ἔργματα)</span> <span class='ocrx_word' id='word_1_76' title='bbox 620 599 838 643; x_wconf 81' lang='lat' dir='ltr'><strong>elocavisse,</strong></span> <span class='ocrx_word' id='word_1_77' title='bbox 867 600 961 635; x_wconf 89' lang='lat' dir='ltr'><strong>unde</strong></span> <span class='ocrx_word' id='word_1_78' title='bbox 994 600 1172 645; x_wconf 84' lang='lat' dir='ltr'><strong>grandem</strong></span> <span class='ocrx_word' id='word_1_79' title='bbox 1197 599 1392 645; x_wconf 86' lang='lat' dir='ltr'><strong>pecuniam</strong></span> <span class='ocrx_word' id='word_1_80' title='bbox 1424 598 1577 635; x_wconf 87' lang='lat' dir='ltr'><strong>rediisse</strong></span> <span class='ocrx_word' id='word_1_81' title='bbox 1609 610 1761 634; x_wconf 85' lang='lat' dir='ltr'><strong>consen-</strong></span> 
     </span>
     <span class='ocr_line' id='line_1_10' title="bbox 235 644 1777 692; baseline 0 -10"><span class='ocrx_word' id='word_1_82' title='bbox 235 650 386 682; x_wconf 86' lang='lat' dir='ltr'><strong>taneum</strong></span> <span class='ocrx_word' id='word_1_83' title='bbox 401 651 469 691; x_wconf 88' lang='lat' dir='ltr'><strong>est,</strong></span> <span class='ocrx_word' id='word_1_84' title='bbox 482 658 555 692; x_wconf 90' lang='lat' dir='ltr'><strong>quo</strong></span> <span class='ocrx_word' id='word_1_85' title='bbox 569 648 801 683; x_wconf 87' lang='lat' dir='ltr'><strong>accesserunt</strong></span> <span class='ocrx_word' id='word_1_86' title='bbox 814 647 972 692; x_wconf 88' lang='lat' dir='ltr'><strong>denique</strong></span> <span class='ocrx_word' id='word_1_87' title='bbox 991 644 1118 692; x_wconf 76' lang='grc' dir='ltr'><em>λύτρα,</em></span> <span class='ocrx_word' id='word_1_88' title='bbox 1138 647 1243 682; x_wconf 88' lang='lat' dir='ltr'><strong>binas</strong></span> <span class='ocrx_word' id='word_1_89' title='bbox 1263 647 1361 682; x_wconf 91' lang='lat' dir='ltr'><strong>enim</strong></span> <span class='ocrx_word' id='word_1_90' title='bbox 1380 646 1499 682; x_wconf 89' lang='lat' dir='ltr'><strong>minas</strong></span> <span class='ocrx_word' id='word_1_91' title='bbox 1517 658 1584 692; x_wconf 91' lang='lat' dir='ltr'><strong>pro</strong></span> <span class='ocrx_word' id='word_1_92' title='bbox 1605 645 1777 691; x_wconf 82' lang='lat' dir='ltr'><strong>singulis</strong></span> 
     </span>
     <span class='ocr_line' id='line_1_11' title="bbox 235 694 1759 739; baseline 0 -11"><span class='ocrx_word' id='word_1_93' title='bbox 235 694 459 729; x_wconf 87' lang='lat' dir='ltr'><strong>redimendis</strong></span> <span class='ocrx_word' id='word_1_94' title='bbox 485 695 624 730; x_wconf 88' lang='lat' dir='ltr'><strong>solutas</strong></span> <span class='ocrx_word' id='word_1_95' title='bbox 650 706 727 730; x_wconf 89' lang='lat' dir='ltr'><strong>esse</strong></span> <span class='ocrx_word' id='word_1_96' title='bbox 753 694 869 730; x_wconf 89' lang='lat' dir='ltr'><strong>tradit</strong></span> <span class='ocrx_word' id='word_1_97' title='bbox 892 695 1119 738; x_wconf 90' lang='lat' dir='ltr'><strong>Herodotus,</strong></span> <span class='ocrx_word' id='word_1_98' title='bbox 1151 695 1264 739; x_wconf 88' lang='lat' dir='ltr'><strong>poeta</strong></span> <span class='ocrx_word' id='word_1_99' title='bbox 1288 696 1331 729; x_wconf 91' lang='lat' dir='ltr'><strong>ut</strong></span> <span class='ocrx_word' id='word_1_100' title='bbox 1360 705 1428 739; x_wconf 87' lang='lat' dir='ltr'><strong>par</strong></span> <span class='ocrx_word' id='word_1_101' title='bbox 1461 696 1518 729; x_wconf 91' lang='lat' dir='ltr'><strong>est</strong></span> <span class='ocrx_word' id='word_1_102' title='bbox 1553 705 1631 729; x_wconf 89' lang='lat' dir='ltr'><strong>rem</strong></span> <span class='ocrx_word' id='word_1_103' title='bbox 1662 705 1759 729; x_wconf 89' lang='lat' dir='ltr'><strong>sum-</strong></span> 
     </span>
     <span class='ocr_line' id='line_1_12' title="bbox 236 738 1760 787; baseline 0 -11"><span class='ocrx_word' id='word_1_104' title='bbox 236 741 367 777; x_wconf 88' lang='lat' dir='ltr'><strong>matim</strong></span> <span class='ocrx_word' id='word_1_105' title='bbox 386 742 624 787; x_wconf 83' lang='lat' dir='ltr'><strong>perstringit;</strong></span> <span class='ocrx_word' id='word_1_106' title='bbox 652 739 846 787; x_wconf 83' lang='grc' dir='ltr'><em>έργμάτων</em></span> <span class='ocrx_word' id='word_1_107' title='bbox 872 742 950 777; x_wconf 88' lang='lat' dir='ltr'><strong>sive</strong></span> <span class='ocrx_word' id='word_1_108' title='bbox 977 740 1094 787; x_wconf 77' lang='grc' dir='ltr'><em>ἔργων</em></span> <span class='ocrx_word' id='word_1_109' title='bbox 1121 738 1283 786; x_wconf 74' lang='grc' dir='ltr'><em>δέκάτην</em></span> <span class='ocrx_word' id='word_1_110' title='bbox 1308 753 1351 777; x_wconf 92' lang='lat' dir='ltr'><strong>eo</strong></span> <span class='ocrx_word' id='word_1_111' title='bbox 1372 742 1482 777; x_wconf 92' lang='lat' dir='ltr'><strong>modo</strong></span> <span class='ocrx_word' id='word_1_112' title='bbox 1502 740 1662 784; x_wconf 76' lang='lat' dir='ltr'><strong>dietum,</strong></span> <span class='ocrx_word' id='word_1_113' title='bbox 1686 752 1760 786; x_wconf 89' lang='lat' dir='ltr'><strong>quo</strong></span> 
     </span>
     <span class='ocr_line' id='line_1_13' title="bbox 235 784 1762 834; baseline 0 -11"><span class='ocrx_word' id='word_1_114' title='bbox 235 786 377 834; x_wconf 80' lang='grc' dir='ltr'><em>λύτρων</em></span> <span class='ocrx_word' id='word_1_115' title='bbox 409 787 549 834; x_wconf 79' lang='grc' dir='ltr'><em>δεκάτη</em></span> <span class='ocrx_word' id='word_1_116' title='bbox 582 801 640 834; x_wconf 87' lang='lat' dir='ltr'><strong>ap.</strong></span> <span class='ocrx_word' id='word_1_117' title='bbox 674 789 957 833; x_wconf 77' lang='lat' dir='ltr'><strong>Herodotum.*)</strong></span> <span class='ocrx_word' id='word_1_118' title='bbox 991 810 1034 814; x_wconf 93' lang='lat'><strong>——</strong></span> <span class='ocrx_word' id='word_1_119' title='bbox 1076 786 1198 833; x_wconf 82' lang='grc' dir='ltr'><em>τάσδ’,</em></span> <span class='ocrx_word' id='word_1_120' title='bbox 1230 789 1294 823; x_wconf 90' lang='grc' dir='ltr'><strong>ΑΒ</strong></span> <span class='ocrx_word' id='word_1_121' title='bbox 1331 791 1375 824; x_wconf 92' lang='lat' dir='ltr'><strong>ut</strong></span> <span class='ocrx_word' id='word_1_122' title='bbox 1411 789 1533 824; x_wconf 87' lang='lat' dir='ltr'><strong>solent</strong></span> <span class='ocrx_word' id='word_1_123' title='bbox 1570 784 1689 829; x_wconf 83' lang='grc' dir='ltr'><em>τᾶςδ’.</em></span> <span class='ocrx_word' id='word_1_124' title='bbox 1717 809 1762 814; x_wconf 93' lang='grc'><strong>--</strong></span> 
     </span>
     <span class='ocr_line' id='line_1_14' title="bbox 236 832 1762 882; baseline 0 -12"><span class='ocrx_word' id='word_1_125' title='bbox 236 832 380 871; x_wconf 80' lang='grc' dir='ltr'><em>άνέθεν</em></span> <span class='ocrx_word' id='word_1_126' title='bbox 417 836 686 880; x_wconf 84' lang='lat' dir='ltr'><strong>Schneidewin,</strong></span> <span class='ocrx_word' id='word_1_127' title='bbox 713 837 909 882; x_wconf 88' lang='lat' dir='ltr'><strong>legebatur</strong></span> <span class='ocrx_word' id='word_1_128' title='bbox 935 835 1088 881; x_wconf 77' lang='grc' dir='ltr'><em>ἔθεσαν,</em></span> <span class='ocrx_word' id='word_1_129' title='bbox 1113 836 1183 871; x_wconf 90' lang='lat' dir='ltr'><strong>nisi</strong></span> <span class='ocrx_word' id='word_1_130' title='bbox 1208 837 1308 881; x_wconf 90' lang='lat' dir='ltr'><strong>quod</strong></span> <span class='ocrx_word' id='word_1_131' title='bbox 1335 835 1358 871; x_wconf 90' lang='lat' dir='ltr'>S</span> <span class='ocrx_word' id='word_1_132' title='bbox 1378 847 1436 882; x_wconf 85' lang='lat' dir='ltr'><strong>ap.</strong></span> <span class='ocrx_word' id='word_1_133' title='bbox 1457 836 1542 872; x_wconf 88' lang='lat' dir='ltr'><strong>Her.</strong></span> <span class='ocrx_word' id='word_1_134' title='bbox 1569 832 1762 871; x_wconf 74' lang='grc' dir='ltr'><em>ἀνέθεσαν</em></span> 
     </span>
     <span class='ocr_line' id='line_1_15' title="bbox 238 879 1761 929; baseline 0 -11"><span class='ocrx_word' id='word_1_135' title='bbox 238 884 341 918; x_wconf 90' lang='lat' dir='ltr'><strong>cuius</strong></span> <span class='ocrx_word' id='word_1_136' title='bbox 368 883 584 919; x_wconf 74' lang='lat' dir='ltr'><strong>auctoritati</strong></span> <span class='ocrx_word' id='word_1_137' title='bbox 608 883 725 919; x_wconf 85' lang='lat' dir='ltr'><strong>nolim</strong></span> <span class='ocrx_word' id='word_1_138' title='bbox 759 884 1034 929; x_wconf 89' lang='lat' dir='ltr'><strong>obtemperare,</strong></span> <span class='ocrx_word' id='word_1_139' title='bbox 1070 884 1134 919; x_wconf 90' lang='lat' dir='ltr'><strong>sed</strong></span> <span class='ocrx_word' id='word_1_140' title='bbox 1159 883 1303 919; x_wconf 82' lang='lat' dir='ltr'><strong>solenni</strong></span> <span class='ocrx_word' id='word_1_141' title='bbox 1334 894 1436 919; x_wconf 89' lang='lat' dir='ltr'><strong>more</strong></span> <span class='ocrx_word' id='word_1_142' title='bbox 1468 879 1676 919; x_wconf 75' lang='grc' dir='ltr'><em>ἀναθεῖναι</em></span> <span class='ocrx_word' id='word_1_143' title='bbox 1701 883 1761 918; x_wconf 82' lang='grc' dir='ltr'><strong>δε-</strong></span> 
     </span>
     <span class='ocr_line' id='line_1_16' title="bbox 238 928 1762 976; baseline 0 -11"><span class='ocrx_word' id='word_1_144' title='bbox 238 928 356 976; x_wconf 80' lang='grc' dir='ltr'><em>κάτην</em></span> <span class='ocrx_word' id='word_1_145' title='bbox 383 931 456 966; x_wconf 89' lang='lat' dir='ltr'><strong>dici</strong></span> <span class='ocrx_word' id='word_1_146' title='bbox 482 931 592 974; x_wconf 86' lang='lat' dir='ltr'><strong>solet,</strong></span> <span class='ocrx_word' id='word_1_147' title='bbox 620 934 658 966; x_wconf 89' lang='lat' dir='ltr'><strong>et</strong></span> <span class='ocrx_word' id='word_1_148' title='bbox 683 931 915 976; x_wconf 84' lang='lat' dir='ltr'><strong>corruptelae</strong></span> <span class='ocrx_word' id='word_1_149' title='bbox 947 930 1052 976; x_wconf 86' lang='lat' dir='ltr'><strong>origo</strong></span> <span class='ocrx_word' id='word_1_150' title='bbox 1078 931 1117 966; x_wconf 90' lang='lat' dir='ltr'><strong>in</strong></span> <span class='ocrx_word' id='word_1_151' title='bbox 1142 930 1300 976; x_wconf 87' lang='lat' dir='ltr'><strong>proclivi</strong></span> <span class='ocrx_word' id='word_1_152' title='bbox 1325 932 1399 976; x_wconf 84' lang='lat' dir='ltr'><strong>est;</strong></span> <span class='ocrx_word' id='word_1_153' title='bbox 1426 930 1581 966; x_wconf 90' lang='lat' dir='ltr'><strong>eandem</strong></span> <span class='ocrx_word' id='word_1_154' title='bbox 1611 929 1762 965; x_wconf 86' lang='lat' dir='ltr'><strong>medici-</strong></span> 
     </span>
     <span class='ocr_line' id='line_1_17' title="bbox 236 977 1762 1024; baseline 0 -12"><span class='ocrx_word' id='word_1_155' title='bbox 236 988 323 1012; x_wconf 88' lang='lat' dir='ltr'><strong>nam</strong></span> <span class='ocrx_word' id='word_1_156' title='bbox 350 978 503 1013; x_wconf 81' lang='lat' dir='ltr'><strong>adhibui</strong></span> <span class='ocrx_word' id='word_1_157' title='bbox 536 990 591 1024; x_wconf 91' lang='lat' dir='ltr'><strong>ep.</strong></span> <span class='ocrx_word' id='word_1_158' title='bbox 622 983 700 1022; x_wconf 85' lang='lat'><strong>135,</strong></span> <span class='ocrx_word' id='word_1_159' title='bbox 726 983 758 1015; x_wconf 85' lang='lat'><strong>4.</strong></span> <span class='ocrx_word' id='word_1_160' title='bbox 793 999 835 1004; x_wconf 90' lang='lat'><strong>—-</strong></span> <span class='ocrx_word' id='word_1_161' title='bbox 869 979 922 1013; x_wconf 92' lang='lat' dir='ltr'><strong>De</strong></span> <span class='ocrx_word' id='word_1_162' title='bbox 948 978 1153 1024; x_wconf 80' lang='lat' dir='ltr'><strong>quadrigis,</strong></span> <span class='ocrx_word' id='word_1_163' title='bbox 1185 989 1277 1022; x_wconf 87' lang='lat' dir='ltr'><strong>quas</strong></span> <span class='ocrx_word' id='word_1_164' title='bbox 1303 978 1548 1013; x_wconf 85' lang='lat' dir='ltr'><strong>Athenienses</strong></span> <span class='ocrx_word' id='word_1_165' title='bbox 1573 977 1762 1012; x_wconf 85' lang='lat' dir='ltr'><strong>Minervae</strong></span> 
     </span>
     <span class='ocr_line' id='line_1_18' title="bbox 237 1024 1760 1071; baseline -0.001 -11"><span class='ocrx_word' id='word_1_166' title='bbox 237 1026 337 1061; x_wconf 92' lang='lat' dir='ltr'><strong>bello</strong></span> <span class='ocrx_word' id='word_1_167' title='bbox 363 1036 539 1071; x_wconf 87' lang='lat' dir='ltr'><strong>prospere</strong></span> <span class='ocrx_word' id='word_1_168' title='bbox 565 1027 671 1071; x_wconf 85' lang='lat' dir='ltr'><strong>gesto</strong></span> <span class='ocrx_word' id='word_1_169' title='bbox 699 1026 974 1070; x_wconf 84' lang='lat' dir='ltr'><strong>dedicaverunt,</strong></span> <span class='ocrx_word' id='word_1_170' title='bbox 1001 1025 1114 1061; x_wconf 89' lang='lat' dir='ltr'><strong>schol.</strong></span> <span class='ocrx_word' id='word_1_171' title='bbox 1143 1025 1293 1060; x_wconf 89' lang='lat' dir='ltr'><strong>Aristid.</strong></span> <span class='ocrx_word' id='word_1_172' title='bbox 1321 1025 1373 1059; x_wconf 86' lang='grc' dir='ltr'><strong>ΙΙΙ</strong></span> <span class='ocrx_word' id='word_1_173' title='bbox 1401 1029 1466 1060; x_wconf 88' lang='grc'><strong>119</strong></span> <span class='ocrx_word' id='word_1_174' title='bbox 1494 1024 1602 1060; x_wconf 89' lang='lat' dir='ltr'><strong>Dind.</strong></span> <span class='ocrx_word' id='word_1_175' title='bbox 1629 1025 1760 1060; x_wconf 83' lang='lat' dir='ltr'><strong>eadem</strong></span> 
     </span>
     <span class='ocr_line' id='line_1_19' title="bbox 201 1071 1763 1117; baseline -0.001 -10"><span class='ocrx_word' id='word_1_176' title='bbox 201 1089 206 1094; x_wconf 79' lang='grc'><em>·</em></span> <span class='ocrx_word' id='word_1_177' title='bbox 236 1073 325 1117; x_wconf 87' lang='lat' dir='ltr'><strong>fere,</strong></span> <span class='ocrx_word' id='word_1_178' title='bbox 352 1083 447 1117; x_wconf 88' lang='lat' dir='ltr'><strong>quae</strong></span> <span class='ocrx_word' id='word_1_179' title='bbox 473 1073 684 1108; x_wconf 88' lang='lat' dir='ltr'><strong>Herodotus</strong></span> <span class='ocrx_word' id='word_1_180' title='bbox 710 1074 849 1117; x_wconf 86' lang='lat' dir='ltr'><strong>narrat,</strong></span> <span class='ocrx_word' id='word_1_181' title='bbox 875 1073 1008 1117; x_wconf 90' lang='lat' dir='ltr'><strong>quibus</strong></span> <span class='ocrx_word' id='word_1_182' title='bbox 1034 1073 1140 1108; x_wconf 87' lang='lat' dir='ltr'><strong>addit</strong></span> <span class='ocrx_word' id='word_1_183' title='bbox 1164 1073 1243 1108; x_wconf 91' lang='lat' dir='ltr'><strong>cod.</strong></span> <span class='ocrx_word' id='word_1_184' title='bbox 1269 1072 1384 1108; x_wconf 86' lang='lat' dir='ltr'><strong>Paris.</strong></span> <span class='ocrx_word' id='word_1_185' title='bbox 1404 1075 1436 1107; x_wconf 93' lang='lat' dir='ltr'>A</span> <span class='ocrx_word' id='word_1_186' title='bbox 1458 1071 1659 1115; x_wconf 87' lang='lat' dir='ltr'><strong>(Frommel</strong></span> <span class='ocrx_word' id='word_1_187' title='bbox 1678 1073 1763 1116; x_wconf 85' lang='lat'>351)</span> 
     </span>
     <span class='ocr_line' id='line_1_20' title="bbox 237 1117 1764 1167; baseline 0 -13"><span class='ocrx_word' id='word_1_188' title='bbox 237 1117 356 1160; x_wconf 77' lang='grc' dir='ltr'><em>οὕτως</em></span> <span class='ocrx_word' id='word_1_189' title='bbox 373 1117 510 1165; x_wconf 76' lang='grc' dir='ltr'><em>’Ἄγρων</em></span> <span class='ocrx_word' id='word_1_190' title='bbox 537 1117 577 1156; x_wconf 87' lang='grc' dir='ltr'><strong>έν</strong></span> <span class='ocrx_word' id='word_1_191' title='bbox 599 1117 852 1165; x_wconf 78' lang='grc' dir='ltr'><em>ἐπιγράμματι</em></span> <span class='ocrx_word' id='word_1_192' title='bbox 873 1118 934 1155; x_wconf 81' lang='grc' dir='ltr'><strong>ἐπὶ</strong></span> <span class='ocrx_word' id='word_1_193' title='bbox 953 1120 1004 1167; x_wconf 79' lang='grc' dir='ltr'><strong>τῷ</strong></span> <span class='ocrx_word' id='word_1_194' title='bbox 1031 1121 1239 1167; x_wconf 78' lang='grc' dir='ltr'><em>τεθρίππῳ,</em></span> <span class='ocrx_word' id='word_1_195' title='bbox 1259 1120 1324 1155; x_wconf 92' lang='lat' dir='ltr'><strong>ubi</strong></span> <span class='ocrx_word' id='word_1_196' title='bbox 1342 1119 1580 1155; x_wconf 81' lang='lat' dir='ltr'><strong>historiarum</strong></span> <span class='ocrx_word' id='word_1_197' title='bbox 1601 1119 1764 1163; x_wconf 85' lang='lat' dir='ltr'><strong>aliquem</strong></span> 
     </span>
     <span class='ocr_line' id='line_1_21' title="bbox 238 1163 1764 1212; baseline -0.001 -10"><span class='ocrx_word' id='word_1_198' title='bbox 238 1168 300 1203; x_wconf 88' lang='lat' dir='ltr'><strong>vel</strong></span> <span class='ocrx_word' id='word_1_199' title='bbox 325 1167 592 1212; x_wconf 88' lang='lat' dir='ltr'><strong>antiquitatum</strong></span> <span class='ocrx_word' id='word_1_200' title='bbox 627 1168 842 1212; x_wconf 86' lang='lat' dir='ltr'><strong>scriptorem</strong></span> <span class='ocrx_word' id='word_1_201' title='bbox 860 1167 1107 1202; x_wconf 64' lang='lat' dir='ltr'><strong>⁴nominatum</strong></span> <span class='ocrx_word' id='word_1_202' title='bbox 1141 1178 1221 1203; x_wconf 89' lang='lat' dir='ltr'><strong>esse</strong></span> <span class='ocrx_word' id='word_1_203' title='bbox 1263 1166 1456 1211; x_wconf 86' lang='lat' dir='ltr'><strong>coniicias,</strong></span> <span class='ocrx_word' id='word_1_204' title='bbox 1490 1166 1592 1202; x_wconf 86' lang='lat' dir='ltr'><strong>velut</strong></span> <span class='ocrx_word' id='word_1_205' title='bbox 1619 1163 1764 1210; x_wconf 76' lang='grc' dir='ltr'><em>Ἀνδρο-</em></span> 
     </span>
     <span class='ocr_line' id='line_1_22' title="bbox 237 1213 1765 1260; baseline -0.001 -11"><span class='ocrx_word' id='word_1_206' title='bbox 237 1215 343 1260; x_wconf 85' lang='grc' dir='ltr'><em>τίων,</em></span> <span class='ocrx_word' id='word_1_207' title='bbox 378 1226 488 1259; x_wconf 91' lang='lat' dir='ltr'><strong>quem</strong></span> <span class='ocrx_word' id='word_1_208' title='bbox 512 1215 579 1250; x_wconf 86' lang='lat' dir='ltr'><strong>has</strong></span> <span class='ocrx_word' id='word_1_209' title='bbox 605 1225 663 1249; x_wconf 89' lang='lat' dir='ltr'><strong>res</strong></span> <span class='ocrx_word' id='word_1_210' title='bbox 688 1216 814 1260; x_wconf 87' lang='lat' dir='ltr'><strong>gestas</strong></span> <span class='ocrx_word' id='word_1_211' title='bbox 839 1215 876 1250; x_wconf 93' lang='lat' dir='ltr'><strong>in</strong></span> <span class='ocrx_word' id='word_1_212' title='bbox 903 1215 1058 1250; x_wconf 87' lang='lat' dir='ltr'><strong>Atthide</strong></span> <span class='ocrx_word' id='word_1_213' title='bbox 1083 1215 1253 1260; x_wconf 83' lang='lat' dir='ltr'><strong>attigisse</strong></span> <span class='ocrx_word' id='word_1_214' title='bbox 1280 1215 1567 1249; x_wconf 88' lang='lat' dir='ltr'><strong>consentaneum</strong></span> <span class='ocrx_word' id='word_1_215' title='bbox 1593 1215 1667 1256; x_wconf 89' lang='lat' dir='ltr'><strong>est;</strong></span> <span class='ocrx_word' id='word_1_216' title='bbox 1699 1213 1765 1248; x_wconf 87' lang='lat' dir='ltr'><strong>sed</strong></span> 
     </span>
     <span class='ocr_line' id='line_1_23' title="bbox 237 1259 1763 1306; baseline -0.001 -10"><span class='ocrx_word' id='word_1_217' title='bbox 237 1274 319 1296; x_wconf 90' lang='lat' dir='ltr'><strong>cum</strong></span> <span class='ocrx_word' id='word_1_218' title='bbox 347 1262 461 1297; x_wconf 89' lang='lat' dir='ltr'><strong>schol.</strong></span> <span class='ocrx_word' id='word_1_219' title='bbox 490 1262 719 1297; x_wconf 89' lang='lat' dir='ltr'><strong>Herodotum</strong></span> <span class='ocrx_word' id='word_1_220' title='bbox 745 1262 905 1296; x_wconf 85' lang='lat' dir='ltr'><strong>testatus</strong></span> <span class='ocrx_word' id='word_1_221' title='bbox 932 1261 997 1306; x_wconf 89' lang='lat' dir='ltr'><strong>sit,</strong></span> <span class='ocrx_word' id='word_1_222' title='bbox 1031 1273 1104 1296; x_wconf 90' lang='lat' dir='ltr'><strong>non</strong></span> <span class='ocrx_word' id='word_1_223' title='bbox 1130 1261 1383 1297; x_wconf 85' lang='lat' dir='ltr'><strong>desideramus</strong></span> <span class='ocrx_word' id='word_1_224' title='bbox 1417 1259 1570 1296; x_wconf 86' lang='lat' dir='ltr'><strong>alterius</strong></span> <span class='ocrx_word' id='word_1_225' title='bbox 1601 1259 1763 1296; x_wconf 86' lang='lat' dir='ltr'><strong>auctori-</strong></span> 
     </span>
     <span class='ocr_line' id='line_1_24' title="bbox 235 1306 1762 1354; baseline -0.001 -10"><span class='ocrx_word' id='word_1_226' title='bbox 235 1310 364 1351; x_wconf 83' lang='lat' dir='ltr'><strong>tatem,</strong></span> <span class='ocrx_word' id='word_1_227' title='bbox 390 1320 435 1344; x_wconf 89' lang='lat' dir='ltr'><strong>ac</strong></span> <span class='ocrx_word' id='word_1_228' title='bbox 459 1309 687 1354; x_wconf 84' lang='lat' dir='ltr'><strong>praepositio</strong></span> <span class='ocrx_word' id='word_1_229' title='bbox 714 1306 754 1344; x_wconf 82' lang='grc' dir='ltr'><em>ἐν</em></span> <span class='ocrx_word' id='word_1_230' title='bbox 780 1308 905 1354; x_wconf 85' lang='lat' dir='ltr'><strong>potius</strong></span> <span class='ocrx_word' id='word_1_231' title='bbox 932 1309 1213 1354; x_wconf 86' lang='lat' dir='ltr'><strong>epigrammatis</strong></span> <span class='ocrx_word' id='word_1_232' title='bbox 1233 1309 1452 1354; x_wconf 88' lang='lat' dir='ltr'><strong>scriptorem</strong></span> <span class='ocrx_word' id='word_1_233' title='bbox 1471 1307 1608 1353; x_wconf 83' lang='lat' dir='ltr'><strong>prodit,</strong></span> <span class='ocrx_word' id='word_1_234' title='bbox 1633 1307 1762 1352; x_wconf 86' lang='lat' dir='ltr'><strong>itaque</strong></span> 
     </span>
     <span class='ocr_line' id='line_1_25' title="bbox 234 1353 1761 1401; baseline -0.002 -10"><span class='ocrx_word' id='word_1_235' title='bbox 234 1356 375 1391; x_wconf 89' lang='lat' dir='ltr'><strong>conieci</strong></span> <span class='ocrx_word' id='word_1_236' title='bbox 404 1353 630 1401; x_wconf 75' lang='grc' dir='ltr'><em>Ἀνακρέων,</em></span> <span class='ocrx_word' id='word_1_237' title='bbox 667 1358 769 1391; x_wconf 86' lang='lat' dir='ltr'><strong>ratus</strong></span> <span class='ocrx_word' id='word_1_238' title='bbox 807 1357 1070 1401; x_wconf 85' lang='lat' dir='ltr'><strong>grammaticos</strong></span> <span class='ocrx_word' id='word_1_239' title='bbox 1105 1354 1370 1400; x_wconf 82' lang='lat' dir='ltr'><strong>haesitavisse,</strong></span> <span class='ocrx_word' id='word_1_240' title='bbox 1401 1357 1525 1390; x_wconf 87' lang='lat' dir='ltr'><strong>utrum</strong></span> <span class='ocrx_word' id='word_1_241' title='bbox 1558 1353 1761 1390; x_wconf 83' lang='lat' dir='ltr'><strong>Simonidis</strong></span> 
     </span>
     <span class='ocr_line' id='line_1_26' title="bbox 229 1401 1760 1446; baseline -0.001 -8"><span class='ocrx_word' id='word_1_242' title='bbox 229 1415 277 1438; x_wconf 88' lang='lat' dir='ltr'><strong>an</strong></span> <span class='ocrx_word' id='word_1_243' title='bbox 302 1403 546 1438; x_wconf 86' lang='lat' dir='ltr'><strong>Anacreontis</strong></span> <span class='ocrx_word' id='word_1_244' title='bbox 580 1403 656 1438; x_wconf 89' lang='lat' dir='ltr'><strong>sint</strong></span> <span class='ocrx_word' id='word_1_245' title='bbox 680 1404 720 1438; x_wconf 92' lang='lat' dir='ltr'><strong>hi</strong></span> <span class='ocrx_word' id='word_1_246' title='bbox 751 1413 892 1438; x_wconf 89' lang='lat' dir='ltr'><strong>versus:</strong></span> <span class='ocrx_word' id='word_1_247' title='bbox 920 1403 984 1438; x_wconf 88' lang='lat' dir='ltr'><strong>sed</strong></span> <span class='ocrx_word' id='word_1_248' title='bbox 1010 1404 1203 1438; x_wconf 88' lang='lat' dir='ltr'><strong>Anacreon</strong></span> <span class='ocrx_word' id='word_1_249' title='bbox 1230 1403 1262 1438; x_wconf 93' lang='lat' dir='ltr'><strong>si</strong></span> <span class='ocrx_word' id='word_1_250' title='bbox 1287 1403 1402 1438; x_wconf 88' lang='lat' dir='ltr'><strong>etiam</strong></span> <span class='ocrx_word' id='word_1_251' title='bbox 1420 1405 1501 1437; x_wconf 91' lang='lat' dir='ltr'><strong>tum</strong></span> <span class='ocrx_word' id='word_1_252' title='bbox 1530 1401 1634 1445; x_wconf 88' lang='lat' dir='ltr'><strong>vixit,</strong></span> <span class='ocrx_word' id='word_1_253' title='bbox 1661 1401 1760 1446; x_wconf 89' lang='lat' dir='ltr'><strong>quod</strong></span> 
     </span>
     <span class='ocr_line' id='line_1_27' title="bbox 234 1449 1764 1495; baseline -0.001 -10"><span class='ocrx_word' id='word_1_254' title='bbox 234 1450 435 1485; x_wconf 89' lang='lat' dir='ltr'><strong>admodum</strong></span> <span class='ocrx_word' id='word_1_255' title='bbox 456 1453 514 1486; x_wconf 89' lang='lat' dir='ltr'><strong>est</strong></span> <span class='ocrx_word' id='word_1_256' title='bbox 538 1451 732 1495; x_wconf 88' lang='lat' dir='ltr'><strong>incertum,</strong></span> <span class='ocrx_word' id='word_1_257' title='bbox 759 1450 917 1485; x_wconf 89' lang='lat' dir='ltr'><strong>Athenis</strong></span> <span class='ocrx_word' id='word_1_258' title='bbox 941 1450 1018 1485; x_wconf 90' lang='lat' dir='ltr'><strong>iam</strong></span> <span class='ocrx_word' id='word_1_259' title='bbox 1043 1451 1183 1486; x_wconf 89' lang='lat' dir='ltr'><strong>dudum</strong></span> <span class='ocrx_word' id='word_1_260' title='bbox 1202 1450 1433 1485; x_wconf 83' lang='lat' dir='ltr'><strong>discesserat.</strong></span> <span class='ocrx_word' id='word_1_261' title='bbox 1471 1449 1555 1495; x_wconf 87' lang='lat' dir='ltr'><strong>Ipse</strong></span> <span class='ocrx_word' id='word_1_262' title='bbox 1579 1449 1764 1494; x_wconf 88' lang='lat' dir='ltr'><strong>interpres</strong></span> 
     </span>
     <span class='ocr_line' id='line_1_28' title="bbox 234 1493 1763 1543; baseline -0.001 -11"><span class='ocrx_word' id='word_1_263' title='bbox 234 1498 382 1533; x_wconf 90' lang='lat' dir='ltr'><strong>videtur</strong></span> <span class='ocrx_word' id='word_1_264' title='bbox 406 1499 499 1533; x_wconf 90' lang='lat' dir='ltr'><strong>haec</strong></span> <span class='ocrx_word' id='word_1_265' title='bbox 525 1497 723 1540; x_wconf 87' lang='lat' dir='ltr'><strong>addidisse,</strong></span> <span class='ocrx_word' id='word_1_266' title='bbox 750 1493 870 1538; x_wconf 71' lang='grc' dir='ltr'><em>οὕτως</em></span> <span class='ocrx_word' id='word_1_267' title='bbox 893 1495 1099 1543; x_wconf 75' lang='grc' dir='ltr'><em>ἀνέγνων</em></span> <span class='ocrx_word' id='word_1_268' title='bbox 1130 1498 1191 1533; x_wconf 87' lang='lat' dir='ltr'><strong>vel</strong></span> <span class='ocrx_word' id='word_1_269' title='bbox 1222 1494 1277 1537; x_wconf 83' lang='grc' dir='ltr'><strong>ὡς</strong></span> <span class='ocrx_word' id='word_1_270' title='bbox 1309 1496 1530 1542; x_wconf 78' lang='grc' dir='ltr'><em>ἔγνωμεν,</em></span> <span class='ocrx_word' id='word_1_271' title='bbox 1563 1506 1658 1541; x_wconf 82' lang='lat' dir='ltr'><strong>quae</strong></span> <span class='ocrx_word' id='word_1_272' title='bbox 1688 1496 1763 1531; x_wconf 81' lang='lat' dir='ltr'><strong>fre—</strong></span> 
     </span>
     <span class='ocr_line' id='line_1_29' title="bbox 234 1543 1763 1590; baseline -0.002 -10"><span class='ocrx_word' id='word_1_273' title='bbox 234 1557 350 1589; x_wconf 85' lang='lat' dir='ltr'><strong>quens</strong></span> <span class='ocrx_word' id='word_1_274' title='bbox 377 1547 435 1581; x_wconf 88' lang='lat' dir='ltr'><strong>est</strong></span> <span class='ocrx_word' id='word_1_275' title='bbox 459 1545 721 1590; x_wconf 86' lang='lat' dir='ltr'><strong>magistrorum</strong></span> <span class='ocrx_word' id='word_1_276' title='bbox 749 1546 936 1580; x_wconf 87' lang='lat' dir='ltr'><strong>cantilena</strong></span> <span class='ocrx_word' id='word_1_277' title='bbox 966 1546 1004 1580; x_wconf 91' lang='lat' dir='ltr'><strong>in</strong></span> <span class='ocrx_word' id='word_1_278' title='bbox 1038 1545 1206 1587; x_wconf 89' lang='lat' dir='ltr'><strong>scholiis;</strong></span> <span class='ocrx_word' id='word_1_279' title='bbox 1241 1544 1374 1590; x_wconf 89' lang='lat' dir='ltr'><strong>quodsi</strong></span> <span class='ocrx_word' id='word_1_280' title='bbox 1405 1556 1450 1579; x_wconf 87' lang='lat' dir='ltr'><strong>ex</strong></span> <span class='ocrx_word' id='word_1_281' title='bbox 1482 1543 1631 1588; x_wconf 87' lang='lat' dir='ltr'><strong>Sopatri</strong></span> <span class='ocrx_word' id='word_1_282' title='bbox 1663 1551 1763 1578; x_wconf 85' lang='lat' dir='ltr'><strong>com·-</strong></span> 
     </span>
     <span class='ocr_line' id='line_1_30' title="bbox 236 1589 1764 1637; baseline -0.002 -11"><span class='ocrx_word' id='word_1_283' title='bbox 236 1592 420 1628; x_wconf 85' lang='lat' dir='ltr'><strong>mentario</strong></span> <span class='ocrx_word' id='word_1_284' title='bbox 456 1593 658 1637; x_wconf 84' lang='lat' dir='ltr'><strong>repetitum</strong></span> <span class='ocrx_word' id='word_1_285' title='bbox 695 1594 767 1637; x_wconf 91' lang='lat' dir='ltr'><strong>est,</strong></span> <span class='ocrx_word' id='word_1_286' title='bbox 799 1593 1001 1637; x_wconf 83' lang='lat' dir='ltr'><strong>quadrigae</strong></span> <span class='ocrx_word' id='word_1_287' title='bbox 1028 1593 1193 1628; x_wconf 90' lang='lat' dir='ltr'><strong>aheneae</strong></span> <span class='ocrx_word' id='word_1_288' title='bbox 1226 1593 1303 1627; x_wconf 87' lang='lat' dir='ltr'><strong>fere</strong></span> <span class='ocrx_word' id='word_1_289' title='bbox 1341 1602 1457 1636; x_wconf 88' lang='lat' dir='ltr'><strong>usque</strong></span> <span class='ocrx_word' id='word_1_290' title='bbox 1489 1590 1537 1626; x_wconf 85' lang='lat' dir='ltr'><strong>ad</strong></span> <span class='ocrx_word' id='word_1_291' title='bbox 1568 1589 1764 1635; x_wconf 86' lang='lat' dir='ltr'><strong>Iustiniani</strong></span> 
     </span>
     <span class='ocr_line' id='line_1_31' title="bbox 235 1636 1765 1685; baseline -0.001 -12"><span class='ocrx_word' id='word_1_292' title='bbox 235 1651 390 1685; x_wconf 86' lang='lat' dir='ltr'><strong>regnum</strong></span> <span class='ocrx_word' id='word_1_293' title='bbox 423 1640 640 1685; x_wconf 83' lang='lat' dir='ltr'><strong>superstites</strong></span> <span class='ocrx_word' id='word_1_294' title='bbox 665 1639 826 1675; x_wconf 86' lang='lat' dir='ltr'><strong>fuerunt.</strong></span> <span class='ocrx_word' id='word_1_295' title='bbox 853 1660 898 1665; x_wconf 83' lang='lat'><em>-</em></span> <span class='ocrx_word' id='word_1_296' title='bbox 922 1639 1133 1675; x_wconf 86' lang='lat' dir='ltr'><strong>Herodotus</strong></span> <span class='ocrx_word' id='word_1_297' title='bbox 1159 1638 1360 1684; x_wconf 84' lang='lat' dir='ltr'><strong>quadrigas</strong></span> <span class='ocrx_word' id='word_1_298' title='bbox 1398 1649 1514 1684; x_wconf 88' lang='lat' dir='ltr'><strong>prope</strong></span> <span class='ocrx_word' id='word_1_299' title='bbox 1548 1636 1765 1682; x_wconf 74' lang='lat' dir='ltr'><strong>Propylaea,</strong></span> 
     </span>
     <span class='ocr_line' id='line_1_32' title="bbox 235 1680 1765 1732; baseline -0.002 -10"><span class='ocrx_word' id='word_1_300' title='bbox 235 1699 330 1732; x_wconf 86' lang='lat' dir='ltr'><strong>quae</strong></span> <span class='ocrx_word' id='word_1_301' title='bbox 355 1687 517 1722; x_wconf 86' lang='lat' dir='ltr'><strong>Pericles</strong></span> <span class='ocrx_word' id='word_1_302' title='bbox 543 1687 764 1731; x_wconf 84' lang='lat' dir='ltr'><strong>aedificavit,</strong></span> <span class='ocrx_word' id='word_1_303' title='bbox 791 1688 936 1732; x_wconf 87' lang='lat' dir='ltr'><strong>positas</strong></span> <span class='ocrx_word' id='word_1_304' title='bbox 963 1698 1043 1722; x_wconf 85' lang='lat' dir='ltr'><strong>esse</strong></span> <span class='ocrx_word' id='word_1_305' title='bbox 1068 1690 1208 1730; x_wconf 85' lang='lat' dir='ltr'><strong>narrat,</strong></span> <span class='ocrx_word' id='word_1_306' title='bbox 1233 1686 1383 1722; x_wconf 79' lang='lat' dir='ltr'><strong>vincula</strong></span> <span class='ocrx_word' id='word_1_307' title='bbox 1407 1680 1642 1730; x_wconf 63' lang='lat' dir='ltr'><strong>eaptix‘rorum</strong></span> <span class='ocrx_word' id='word_1_308' title='bbox 1667 1683 1765 1720; x_wconf 87' lang='lat' dir='ltr'><strong>vidit</strong></span> 
     </span>
     <span class='ocr_line' id='line_1_33' title="bbox 237 1731 1761 1779; baseline -0.002 -11"><span class='ocrx_word' id='word_1_309' title='bbox 237 1734 274 1768; x_wconf 88' lang='lat' dir='ltr'><strong>in</strong></span> <span class='ocrx_word' id='word_1_310' title='bbox 299 1733 510 1770; x_wconf 87' lang='lat' dir='ltr'><strong>Erechtheo</strong></span> <span class='ocrx_word' id='word_1_311' title='bbox 537 1745 733 1779; x_wconf 87' lang='lat' dir='ltr'><strong>suspensa:</strong></span> <span class='ocrx_word' id='word_1_312' title='bbox 760 1736 799 1769; x_wconf 91' lang='lat' dir='ltr'><strong>et</strong></span> <span class='ocrx_word' id='word_1_313' title='bbox 822 1734 972 1769; x_wconf 89' lang='lat' dir='ltr'><strong>vincula</strong></span> <span class='ocrx_word' id='word_1_314' title='bbox 998 1734 1147 1779; x_wconf 89' lang='lat' dir='ltr'><strong>quidem</strong></span> <span class='ocrx_word' id='word_1_315' title='bbox 1166 1735 1340 1779; x_wconf 85' lang='lat' dir='ltr'><strong>poterant</strong></span> <span class='ocrx_word' id='word_1_316' title='bbox 1363 1732 1475 1768; x_wconf 86' lang='lat' dir='ltr'><strong>facile</strong></span> <span class='ocrx_word' id='word_1_317' title='bbox 1502 1743 1547 1767; x_wconf 89' lang='lat' dir='ltr'><strong>ex</strong></span> <span class='ocrx_word' id='word_1_318' title='bbox 1571 1731 1672 1766; x_wconf 86' lang='lat' dir='ltr'><strong>urbis</strong></span> <span class='ocrx_word' id='word_1_319' title='bbox 1697 1741 1761 1766; x_wconf 88' lang='lat' dir='ltr'><strong>ex-</strong></span> 
     </span>
     <span class='ocr_line' id='line_1_34' title="bbox 235 1777 1764 1827; baseline -0.002 -11"><span class='ocrx_word' id='word_1_320' title='bbox 235 1781 332 1816; x_wconf 91' lang='lat' dir='ltr'><strong>cidio</strong></span> <span class='ocrx_word' id='word_1_321' title='bbox 352 1781 510 1824; x_wconf 79' lang='lat' dir='ltr'><strong>servari3</strong></span> <span class='ocrx_word' id='word_1_322' title='bbox 536 1783 580 1816; x_wconf 93' lang='lat' dir='ltr'><strong>ut</strong></span> <span class='ocrx_word' id='word_1_323' title='bbox 600 1782 808 1816; x_wconf 89' lang='lat' dir='ltr'><strong>Herodotus</strong></span> <span class='ocrx_word' id='word_1_324' title='bbox 828 1781 953 1826; x_wconf 89' lang='lat' dir='ltr'><strong>refert,</strong></span> <span class='ocrx_word' id='word_1_325' title='bbox 974 1781 1095 1826; x_wconf 92' lang='lat' dir='ltr'><strong>paries</strong></span> <span class='ocrx_word' id='word_1_326' title='bbox 1119 1781 1253 1827; x_wconf 89' lang='lat' dir='ltr'><strong>templi</strong></span> <span class='ocrx_word' id='word_1_327' title='bbox 1277 1779 1448 1816; x_wconf 88' lang='lat' dir='ltr'><strong>incendio</strong></span> <span class='ocrx_word' id='word_1_328' title='bbox 1475 1777 1764 1823; x_wconf 50' lang='lat' dir='ltr'><strong>obfuscatum),</strong></span> 
     </span>
     <span class='ocr_line' id='line_1_35' title="bbox 235 1824 1764 1874; baseline -0.001 -12"><span class='ocrx_word' id='word_1_329' title='bbox 235 1829 398 1864; x_wconf 90' lang='lat' dir='ltr'><strong>nondum</strong></span> <span class='ocrx_word' id='word_1_330' title='bbox 423 1829 539 1873; x_wconf 85' lang='lat' dir='ltr'><strong>igitur</strong></span> <span class='ocrx_word' id='word_1_331' title='bbox 563 1829 658 1864; x_wconf 89' lang='lat' dir='ltr'><strong>haec</strong></span> <span class='ocrx_word' id='word_1_332' title='bbox 683 1829 884 1864; x_wconf 87' lang='lat' dir='ltr'><strong>Erechthei</strong></span> <span class='ocrx_word' id='word_1_333' title='bbox 909 1840 995 1874; x_wconf 90' lang='lat' dir='ltr'><strong>pars</strong></span> <span class='ocrx_word' id='word_1_334' title='bbox 1026 1829 1200 1864; x_wconf 86' lang='lat' dir='ltr'><strong>restituta</strong></span> <span class='ocrx_word' id='word_1_335' title='bbox 1229 1829 1320 1871; x_wconf 83' lang='lat' dir='ltr'><strong>fuit,</strong></span> <span class='ocrx_word' id='word_1_336' title='bbox 1353 1839 1436 1863; x_wconf 88' lang='lat' dir='ltr'><strong>cum</strong></span> <span class='ocrx_word' id='word_1_337' title='bbox 1462 1827 1671 1862; x_wconf 88' lang='lat' dir='ltr'><strong>Herodotus</strong></span> <span class='ocrx_word' id='word_1_338' title='bbox 1696 1824 1764 1860; x_wconf 82' lang='lat' dir='ltr'><strong>illa</strong></span> 
     </span>
     <span class='ocr_line' id='line_1_36' title="bbox 236 1873 1760 1921; baseline -0.001 -11"><span class='ocrx_word' id='word_1_339' title='bbox 236 1875 401 1921; x_wconf 87' lang='lat' dir='ltr'><strong>scripsit,</strong></span> <span class='ocrx_word' id='word_1_340' title='bbox 428 1877 492 1910; x_wconf 87' lang='lat' dir='ltr'><strong>sed</strong></span> <span class='ocrx_word' id='word_1_341' title='bbox 519 1887 592 1920; x_wconf 91' lang='lat' dir='ltr'><strong>quo</strong></span> <span class='ocrx_word' id='word_1_342' title='bbox 618 1877 728 1921; x_wconf 88' lang='lat' dir='ltr'><strong>pacto</strong></span> <span class='ocrx_word' id='word_1_343' title='bbox 759 1876 962 1921; x_wconf 86' lang='lat' dir='ltr'><strong>quadrigae</strong></span> <span class='ocrx_word' id='word_1_344' title='bbox 994 1876 1159 1911; x_wconf 89' lang='lat' dir='ltr'><strong>tumultu</strong></span> <span class='ocrx_word' id='word_1_345' title='bbox 1191 1875 1337 1911; x_wconf 89' lang='lat' dir='ltr'><strong>Persico</strong></span> <span class='ocrx_word' id='word_1_346' title='bbox 1368 1874 1537 1920; x_wconf 84' lang='lat' dir='ltr'><strong>integrae</strong></span> <span class='ocrx_word' id='word_1_347' title='bbox 1567 1873 1760 1919; x_wconf 87' lang='lat' dir='ltr'><strong>potuerint</strong></span> 
     </span>
     <span class='ocr_line' id='line_1_37' title="bbox 235 1920 1762 1969; baseline -0.002 -12"><span class='ocrx_word' id='word_1_348' title='bbox 235 1923 384 1964; x_wconf 88' lang='lat' dir='ltr'><strong>servari,</strong></span> <span class='ocrx_word' id='word_1_349' title='bbox 411 1934 499 1958; x_wconf 89' lang='lat' dir='ltr'><strong>sane</strong></span> <span class='ocrx_word' id='word_1_350' title='bbox 526 1923 687 1958; x_wconf 89' lang='lat' dir='ltr'><strong>mireris:</strong></span> <span class='ocrx_word' id='word_1_351' title='bbox 713 1923 873 1958; x_wconf 87' lang='lat' dir='ltr'><strong>fortasse</strong></span> <span class='ocrx_word' id='word_1_352' title='bbox 897 1923 1014 1969; x_wconf 86' lang='lat' dir='ltr'><strong>igitur</strong></span> <span class='ocrx_word' id='word_1_353' title='bbox 1038 1923 1244 1968; x_wconf 88' lang='lat' dir='ltr'><strong>composito</strong></span> <span class='ocrx_word' id='word_1_354' title='bbox 1271 1923 1420 1958; x_wconf 87' lang='lat' dir='ltr'><strong>demum</strong></span> <span class='ocrx_word' id='word_1_355' title='bbox 1438 1921 1538 1957; x_wconf 92' lang='lat' dir='ltr'><strong>bello</strong></span> <span class='ocrx_word' id='word_1_356' title='bbox 1559 1920 1762 1955; x_wconf 88' lang='lat' dir='ltr'><strong>Athenien-</strong></span> 
     </span>
     <span class='ocr_line' id='line_1_38' title="bbox 235 1967 1763 2015; baseline -0.002 -10"><span class='ocrx_word' id='word_1_357' title='bbox 235 1981 292 2005; x_wconf 89' lang='lat' dir='ltr'><strong>ses</strong></span> <span class='ocrx_word' id='word_1_358' title='bbox 311 1970 382 2006; x_wconf 88' lang='lat' dir='ltr'><strong>hoc</strong></span> <span class='ocrx_word' id='word_1_359' title='bbox 400 1970 682 2006; x_wconf 88' lang='lat' dir='ltr'><strong>monumentum</strong></span> <span class='ocrx_word' id='word_1_360' title='bbox 701 1969 976 2006; x_wconf 88' lang='lat' dir='ltr'><strong>dedicaverunt.</strong></span> <span class='ocrx_word' id='word_1_361' title='bbox 986 1970 1063 2015; x_wconf 80' lang='lat'>***)</span> <span class='ocrx_word' id='word_1_362' title='bbox 1083 1990 1128 1996; x_wconf 90' lang='grc'>-</span> <span class='ocrx_word' id='word_1_363' title='bbox 1150 1970 1251 2005; x_wconf 88' lang='lat' dir='ltr'><strong>Haec</strong></span> <span class='ocrx_word' id='word_1_364' title='bbox 1264 1967 1512 2015; x_wconf 79' lang='lat' dir='ltr'><strong>inproecdosi</strong></span> <span class='ocrx_word' id='word_1_365' title='bbox 1525 1967 1674 2013; x_wconf 84' lang='lat' dir='ltr'><strong>scripsi:</strong></span> <span class='ocrx_word' id='word_1_366' title='bbox 1687 1977 1763 2011; x_wconf 84' lang='lat' dir='ltr'><strong>non</strong></span> 
     </span>
    </p>
   </div>
   <div class='ocr_carea' id='block_1_3' title="bbox 235 2092 1780 2441">
    <p class='ocr_par' dir='ltr' id='par_1_3' title="bbox 235 2092 1763 2242">
     <span class='ocr_line' id='line_1_39' title="bbox 352 2092 1763 2145; baseline -0.004 -10"><span class='ocrx_word' id='word_1_367' title='bbox 352 2099 386 2145; x_wconf 86' lang='grc'><strong>*)</strong></span> <span class='ocrx_word' id='word_1_368' title='bbox 412 2099 566 2135; x_wconf 89' lang='lat' dir='ltr'><strong>Diodori</strong></span> <span class='ocrx_word' id='word_1_369' title='bbox 598 2099 760 2144; x_wconf 89' lang='lat' dir='ltr'><strong>epitome</strong></span> <span class='ocrx_word' id='word_1_370' title='bbox 788 2095 829 2134; x_wconf 82' lang='grc' dir='ltr'><strong>ἐκ</strong></span> <span class='ocrx_word' id='word_1_371' title='bbox 856 2099 921 2143; x_wconf 85' lang='grc' dir='ltr'><strong>τῆς</strong></span> <span class='ocrx_word' id='word_1_372' title='bbox 959 2097 1119 2143; x_wconf 78' lang='grc' dir='ltr'><em>δεκάτης</em></span> <span class='ocrx_word' id='word_1_373' title='bbox 1153 2099 1218 2143; x_wconf 84' lang='grc' dir='ltr'><strong>τῆς</strong></span> <span class='ocrx_word' id='word_1_374' title='bbox 1254 2099 1327 2133; x_wconf 81' lang='grc' dir='ltr'><em>τῶν</em></span> <span class='ocrx_word' id='word_1_375' title='bbox 1366 2097 1537 2132; x_wconf 80' lang='grc' dir='ltr'><em>Βοιωτῶν</em></span> <span class='ocrx_word' id='word_1_376' title='bbox 1575 2092 1763 2141; x_wconf 72' lang='grc' dir='ltr'><em>ὠφελείας</em></span> 
     </span>
     <span class='ocr_line' id='line_1_40' title="bbox 235 2140 1761 2193; baseline -0.003 -10"><span class='ocrx_word' id='word_1_377' title='bbox 235 2147 398 2193; x_wconf 86' lang='lat' dir='ltr'><strong>praedae</strong></span> <span class='ocrx_word' id='word_1_378' title='bbox 423 2148 546 2182; x_wconf 83' lang='lat' dir='ltr'><strong>factae</strong></span> <span class='ocrx_word' id='word_1_379' title='bbox 573 2143 788 2193; x_wconf 78' lang='grc' dir='ltr'><em>(ὠφελείας)</em></span> <span class='ocrx_word' id='word_1_380' title='bbox 813 2146 1008 2181; x_wconf 88' lang='lat' dir='ltr'><strong>decumam</strong></span> <span class='ocrx_word' id='word_1_381' title='bbox 1034 2147 1227 2182; x_wconf 88' lang='lat' dir='ltr'><strong>memorat.</strong></span> <span class='ocrx_word' id='word_1_382' title='bbox 1254 2144 1457 2181; x_wconf 80' lang='lat' dir='ltr'><strong>Pausanias</strong></span> <span class='ocrx_word' id='word_1_383' title='bbox 1484 2140 1559 2180; x_wconf 82' lang='grc' dir='ltr'><strong>άπὸ</strong></span> <span class='ocrx_word' id='word_1_384' title='bbox 1586 2143 1761 2179; x_wconf 79' lang='grc' dir='ltr'><em>Βοιωτῶν</em></span> 
     </span>
     <span class='ocr_line' id='line_1_41' title="bbox 235 2189 1060 2242; baseline -0.002 -12"><span class='ocrx_word' id='word_1_385' title='bbox 235 2193 375 2240; x_wconf 78' lang='grc' dir='ltr'><em>δεκάτη</em></span> <span class='ocrx_word' id='word_1_386' title='bbox 402 2194 466 2229; x_wconf 78' lang='grc' dir='ltr'><strong>καὶ</strong></span> <span class='ocrx_word' id='word_1_387' title='bbox 490 2192 709 2229; x_wconf 82' lang='grc' dir='ltr'><em>Χαλκιδέων</em></span> <span class='ocrx_word' id='word_1_388' title='bbox 735 2194 808 2228; x_wconf 80' lang='grc' dir='ltr'><em>τῶν</em></span> <span class='ocrx_word' id='word_1_389' title='bbox 835 2191 876 2229; x_wconf 86' lang='grc' dir='ltr'><strong>έν</strong></span> <span class='ocrx_word' id='word_1_390' title='bbox 903 2189 1060 2242; x_wconf 75' lang='grc' dir='ltr'><em>Εὐβοίᾳ.</em></span> 
     </span>
    </p>

    <p class='ocr_par' dir='ltr' id='par_1_4' title="bbox 237 2235 1780 2441">
     <span class='ocr_line' id='line_1_42' title="bbox 329 2235 1761 2287; baseline -0.004 -10"><span class='ocrx_word' id='word_1_391' title='bbox 329 2241 385 2287; x_wconf 83' lang='grc'><strong>**)</strong></span> <span class='ocrx_word' id='word_1_392' title='bbox 412 2241 518 2284; x_wconf 78' lang='lat' dir='ltr'><strong>Quod</strong></span> <span class='ocrx_word' id='word_1_393' title='bbox 538 2252 596 2286; x_wconf 87' lang='lat' dir='ltr'><strong>ap.</strong></span> <span class='ocrx_word' id='word_1_394' title='bbox 618 2241 752 2276; x_wconf 90' lang='lat' dir='ltr'><strong>Herod.</strong></span> <span class='ocrx_word' id='word_1_395' title='bbox 779 2241 918 2286; x_wconf 91' lang='lat' dir='ltr'><strong>legitur</strong></span> <span class='ocrx_word' id='word_1_396' title='bbox 944 2237 986 2275; x_wconf 80' lang='grc' dir='ltr'><strong>ἐκ</strong></span> <span class='ocrx_word' id='word_1_397' title='bbox 1011 2241 1084 2276; x_wconf 83' lang='grc' dir='ltr'><em>τῶν</em></span> <span class='ocrx_word' id='word_1_398' title='bbox 1104 2239 1259 2286; x_wconf 80' lang='grc' dir='ltr'><em>τειχέων</em></span> <span class='ocrx_word' id='word_1_399' title='bbox 1278 2235 1520 2284; x_wconf 84' lang='grc' dir='ltr'><em>κρεμάμενοι,</em></span> <span class='ocrx_word' id='word_1_400' title='bbox 1539 2237 1761 2282; x_wconf 83' lang='lat' dir='ltr'><strong>interpretes</strong></span> 
     </span>
     <span class='ocr_line' id='line_1_43' title="bbox 237 2285 1780 2333; baseline -0.005 -8"><span class='ocrx_word' id='word_1_401' title='bbox 237 2290 333 2325; x_wconf 86' lang='lat' dir='ltr'><strong>arcis</strong></span> <span class='ocrx_word' id='word_1_402' title='bbox 359 2300 483 2324; x_wconf 88' lang='lat' dir='ltr'><strong>muros</strong></span> <span class='ocrx_word' id='word_1_403' title='bbox 508 2288 737 2333; x_wconf 87' lang='lat' dir='ltr'><strong>intelligunt,</strong></span> <span class='ocrx_word' id='word_1_404' title='bbox 762 2288 855 2323; x_wconf 89' lang='lat' dir='ltr'><strong>mihi</strong></span> <span class='ocrx_word' id='word_1_405' title='bbox 879 2288 1062 2332; x_wconf 83' lang='grc' dir='ltr'><em>τειχίων</em></span> <span class='ocrx_word' id='word_1_406' title='bbox 1087 2288 1234 2324; x_wconf 85' lang='lat' dir='ltr'><strong>videtur</strong></span> <span class='ocrx_word' id='word_1_407' title='bbox 1260 2286 1516 2329; x_wconf 88' lang='lat' dir='ltr'><strong>scribendum,</strong></span> <span class='ocrx_word' id='word_1_408' title='bbox 1542 2286 1584 2320; x_wconf 89' lang='lat' dir='ltr'><strong>ut</strong></span> <span class='ocrx_word' id='word_1_409' title='bbox 1608 2285 1780 2320; x_wconf 65' lang='lat' dir='ltr'><strong>catenae,</strong></span> 
     </span>
     <span class='ocr_line' id='line_1_44' title="bbox 237 2330 1761 2382; baseline -0.003 -11"><span class='ocrx_word' id='word_1_410' title='bbox 237 2347 436 2382; x_wconf 87' lang='lat' dir='ltr'><strong>suspensae</strong></span> <span class='ocrx_word' id='word_1_411' title='bbox 462 2336 602 2371; x_wconf 89' lang='lat' dir='ltr'><strong>fuerint</strong></span> <span class='ocrx_word' id='word_1_412' title='bbox 626 2336 686 2371; x_wconf 89' lang='lat' dir='ltr'><strong>vel</strong></span> <span class='ocrx_word' id='word_1_413' title='bbox 710 2335 748 2370; x_wconf 96' lang='lat' dir='ltr'><strong>in</strong></span> <span class='ocrx_word' id='word_1_414' title='bbox 774 2336 916 2380; x_wconf 89' lang='lat' dir='ltr'><strong>pariete</strong></span> <span class='ocrx_word' id='word_1_415' title='bbox 949 2334 1052 2370; x_wconf 81' lang='lat' dir='ltr'><strong>aedis</strong></span> <span class='ocrx_word' id='word_1_416' title='bbox 1084 2336 1145 2374; x_wconf 82' lang='lat' dir='ltr'><strong>vel</strong></span> <span class='ocrx_word' id='word_1_417' title='bbox 1175 2335 1214 2370; x_wconf 91' lang='lat' dir='ltr'><strong>in</strong></span> <span class='ocrx_word' id='word_1_418' title='bbox 1246 2333 1425 2377; x_wconf 84' lang='lat' dir='ltr'><strong>maceria,</strong></span> <span class='ocrx_word' id='word_1_419' title='bbox 1458 2343 1553 2377; x_wconf 88' lang='lat' dir='ltr'><strong>quae</strong></span> <span class='ocrx_word' id='word_1_420' title='bbox 1586 2330 1761 2378; x_wconf 80' lang='lat' dir='ltr'><strong>cingebat</strong></span> 
     </span>
     <span class='ocr_line' id='line_1_45' title="bbox 237 2377 1760 2441; baseline -0.004 -22"><span class='ocrx_word' id='word_1_421' title='bbox 237 2385 376 2419; x_wconf 88' lang='lat' dir='ltr'><strong>aedem.</strong></span> <span class='ocrx_word' id='word_1_422' title='bbox 428 2384 581 2427; x_wconf 90' lang='lat' dir='ltr'><strong>Locum,</strong></span> <span class='ocrx_word' id='word_1_423' title='bbox 606 2394 715 2428; x_wconf 91' lang='lat' dir='ltr'><strong>quem</strong></span> <span class='ocrx_word' id='word_1_424' title='bbox 742 2383 951 2441; x_wconf 59' lang='lat' dir='ltr'><strong>quadrigae</strong></span> <span class='ocrx_word' id='word_1_425' title='bbox 971 2382 1203 2426; x_wconf 87' lang='lat' dir='ltr'><strong>obtinebant,</strong></span> <span class='ocrx_word' id='word_1_426' title='bbox 1228 2380 1444 2427; x_wconf 85' lang='lat' dir='ltr'><strong>planissime</strong></span> <span class='ocrx_word' id='word_1_427' title='bbox 1471 2378 1668 2424; x_wconf 87' lang='lat' dir='ltr'><strong>descripsit</strong></span> <span class='ocrx_word' id='word_1_428' title='bbox 1685 2377 1760 2413; x_wconf 84' lang='lat' dir='ltr'><strong>He-</strong></span> 
     </span>
    </p>
   </div>
   <div class='ocr_carea' id='block_1_4' title="bbox 163 2423 1758 2475">
    <p class='ocr_par' dir='ltr' id='par_1_5' title="bbox 163 2423 1758 2475">
     <span class='ocr_line' id='line_1_46' title="bbox 163 2423 1758 2475; baseline -0.004 -9"><span class='ocrx_word' id='word_1_429' title='bbox 163 2447 169 2453; x_wconf 91' lang='lat'><strong>·</strong></span> <span class='ocrx_word' id='word_1_430' title='bbox 236 2432 406 2467; x_wconf 85' lang='lat' dir='ltr'><strong>rodotus:</strong></span> <span class='ocrx_word' id='word_1_431' title='bbox 432 2428 473 2465; x_wconf 85' lang='grc' dir='ltr'><strong>τό</strong></span> <span class='ocrx_word' id='word_1_432' title='bbox 501 2429 543 2465; x_wconf 77' lang='grc' dir='ltr'><strong>δὲ</strong></span> <span class='ocrx_word' id='word_1_433' title='bbox 570 2427 766 2475; x_wconf 73' lang='grc' dir='ltr'><em>ἀριστερῆς</em></span> <span class='ocrx_word' id='word_1_434' title='bbox 790 2443 914 2475; x_wconf 84' lang='grc' dir='ltr'><em>χειρος</em></span> <span class='ocrx_word' id='word_1_435' title='bbox 940 2428 1068 2474; x_wconf 85' lang='grc' dir='ltr'><em>έστηκε</em></span> <span class='ocrx_word' id='word_1_436' title='bbox 1099 2430 1226 2474; x_wconf 82' lang='grc' dir='ltr'><em>πρῶτα</em></span> <span class='ocrx_word' id='word_1_437' title='bbox 1254 2426 1391 2464; x_wconf 80' lang='grc' dir='ltr'><em>ἐσιόντι.</em></span> <span class='ocrx_word' id='word_1_438' title='bbox 1411 2425 1450 2468; x_wconf 80' lang='grc' dir='ltr'><em>ές</em></span> <span class='ocrx_word' id='word_1_439' title='bbox 1468 2425 1513 2462; x_wconf 84' lang='grc' dir='ltr'><strong>τὰ</strong></span> <span class='ocrx_word' id='word_1_440' title='bbox 1534 2423 1758 2469; x_wconf 79' lang='grc' dir='ltr'><em>προπύλαια.</em></span> 
     </span>
    </p>
   </div>
   <div class='ocr_carea' id='block_1_5' title="bbox 237 2471 1759 2947">
    <p class='ocr_par' dir='ltr' id='par_1_6' title="bbox 237 2471 1759 2806">
     <span class='ocr_line' id='line_1_47' title="bbox 237 2471 1759 2525; baseline -0.004 -13"><span class='ocrx_word' id='word_1_441' title='bbox 237 2478 344 2514; x_wconf 90' lang='lat' dir='ltr'><strong>Arcis</strong></span> <span class='ocrx_word' id='word_1_442' title='bbox 379 2478 610 2513; x_wconf 87' lang='lat' dir='ltr'><strong>Athenarum</strong></span> <span class='ocrx_word' id='word_1_443' title='bbox 654 2476 860 2522; x_wconf 83' lang='lat' dir='ltr'><strong>propylaea</strong></span> <span class='ocrx_word' id='word_1_444' title='bbox 902 2477 1127 2512; x_wconf 80' lang='lat' dir='ltr'><strong>intrantibus</strong></span> <span class='ocrx_word' id='word_1_445' title='bbox 1168 2476 1268 2511; x_wconf 87' lang='lat' dir='ltr'><strong>haud</strong></span> <span class='ocrx_word' id='word_1_446' title='bbox 1306 2475 1416 2510; x_wconf 89' lang='lat' dir='ltr'><strong>dubie</strong></span> <span class='ocrx_word' id='word_1_447' title='bbox 1451 2474 1582 2509; x_wconf 87' lang='lat' dir='ltr'><strong>dextra</strong></span> <span class='ocrx_word' id='word_1_448' title='bbox 1615 2471 1759 2525; x_wconf 60' lang='lat' dir='ltr'><strong>semita,</strong></span> 
     </span>
     <span class='ocr_line' id='line_1_48' title="bbox 238 2519 1759 2572; baseline -0.004 -12"><span class='ocrx_word' id='word_1_449' title='bbox 238 2525 457 2561; x_wconf 88' lang='lat' dir='ltr'><strong>exeuntibus</strong></span> <span class='ocrx_word' id='word_1_450' title='bbox 482 2525 633 2560; x_wconf 86' lang='lat' dir='ltr'><strong>sinistra</strong></span> <span class='ocrx_word' id='word_1_451' title='bbox 658 2527 740 2560; x_wconf 87' lang='lat' dir='ltr'><strong>erat</strong></span> <span class='ocrx_word' id='word_1_452' title='bbox 759 2524 957 2568; x_wconf 85' lang='lat' dir='ltr'><strong>destinata,</strong></span> <span class='ocrx_word' id='word_1_453' title='bbox 977 2524 1301 2568; x_wconf 87' lang='lat' dir='ltr'><strong>quemadmodum,</strong></span> <span class='ocrx_word' id='word_1_454' title='bbox 1320 2522 1384 2567; x_wconf 88' lang='lat' dir='ltr'><strong>qui</strong></span> <span class='ocrx_word' id='word_1_455' title='bbox 1404 2532 1592 2557; x_wconf 86' lang='lat' dir='ltr'><strong>sacrarum</strong></span> <span class='ocrx_word' id='word_1_456' title='bbox 1613 2519 1759 2572; x_wconf 70' lang='lat' dir='ltr'><strong>aedium</strong></span> 
     </span>
     <span class='ocr_line' id='line_1_49' title="bbox 238 2567 1759 2621; baseline -0.005 -14"><span class='ocrx_word' id='word_1_457' title='bbox 238 2573 368 2608; x_wconf 87' lang='lat' dir='ltr'><strong>limina</strong></span> <span class='ocrx_word' id='word_1_458' title='bbox 403 2573 642 2617; x_wconf 86' lang='lat' dir='ltr'><strong>superabant,</strong></span> <span class='ocrx_word' id='word_1_459' title='bbox 675 2571 849 2617; x_wconf 88' lang='lat' dir='ltr'><strong>religiose</strong></span> <span class='ocrx_word' id='word_1_460' title='bbox 881 2572 1132 2607; x_wconf 87' lang='lat' dir='ltr'><strong>observabant</strong></span> <span class='ocrx_word' id='word_1_461' title='bbox 1163 2571 1344 2605; x_wconf 89' lang='lat' dir='ltr'><strong>maiorum</strong></span> <span class='ocrx_word' id='word_1_462' title='bbox 1376 2580 1533 2613; x_wconf 89' lang='lat' dir='ltr'><strong>morem,</strong></span> <span class='ocrx_word' id='word_1_463' title='bbox 1563 2568 1606 2602; x_wconf 88' lang='lat' dir='ltr'><strong>ut</strong></span> <span class='ocrx_word' id='word_1_464' title='bbox 1634 2567 1674 2602; x_wconf 91' lang='lat' dir='ltr'><strong>et</strong></span> <span class='ocrx_word' id='word_1_465' title='bbox 1704 2577 1759 2621; x_wconf 78' lang='lat' dir='ltr'><strong>in·</strong></span> 
     </span>
     <span class='ocr_line' id='line_1_50' title="bbox 237 2613 1759 2666; baseline -0.005 -11"><span class='ocrx_word' id='word_1_466' title='bbox 237 2622 379 2655; x_wconf 89' lang='lat' dir='ltr'><strong>trantes</strong></span> <span class='ocrx_word' id='word_1_467' title='bbox 400 2621 438 2655; x_wconf 90' lang='lat' dir='ltr'><strong>et</strong></span> <span class='ocrx_word' id='word_1_468' title='bbox 456 2621 629 2655; x_wconf 89' lang='lat' dir='ltr'><strong>exeuntes</strong></span> <span class='ocrx_word' id='word_1_469' title='bbox 650 2619 881 2654; x_wconf 87' lang='lat' dir='ltr'><strong>dextrorsum</strong></span> <span class='ocrx_word' id='word_1_470' title='bbox 901 2619 972 2653; x_wconf 89' lang='lat' dir='ltr'><strong>iter</strong></span> <span class='ocrx_word' id='word_1_471' title='bbox 991 2618 1173 2654; x_wconf 78' lang='lat' dir='ltr'><strong>facerent:</strong></span> <span class='ocrx_word' id='word_1_472' title='bbox 1194 2618 1281 2653; x_wconf 89' lang='lat' dir='ltr'><strong>hinc</strong></span> <span class='ocrx_word' id='word_1_473' title='bbox 1301 2616 1439 2652; x_wconf 86' lang='lat' dir='ltr'><strong>Simon.</strong></span> <span class='ocrx_word' id='word_1_474' title='bbox 1461 2627 1517 2660; x_wconf 88' lang='lat' dir='ltr'><strong>ep.</strong></span> <span class='ocrx_word' id='word_1_475' title='bbox 1539 2617 1606 2649; x_wconf 79' lang='lat'><strong>162</strong></span> <span class='ocrx_word' id='word_1_476' title='bbox 1626 2613 1759 2666; x_wconf 69' lang='grc' dir='ltr'><em>δεξιάν</em></span> 
     </span>
     <span class='ocr_line' id='line_1_51' title="bbox 237 2661 1757 2711; baseline -0.005 -9"><span class='ocrx_word' id='word_1_477' title='bbox 237 2665 364 2711; x_wconf 81' lang='grc' dir='ltr'><em>θύραν</em></span> <span class='ocrx_word' id='word_1_478' title='bbox 402 2667 494 2702; x_wconf 91' lang='lat' dir='ltr'><strong>dicit</strong></span> <span class='ocrx_word' id='word_1_479' title='bbox 531 2666 768 2710; x_wconf 88' lang='lat' dir='ltr'><strong>intrantium,</strong></span> <span class='ocrx_word' id='word_1_480' title='bbox 806 2665 992 2701; x_wconf 87' lang='lat' dir='ltr'><strong>sinistram</strong></span> <span class='ocrx_word' id='word_1_481' title='bbox 1031 2662 1208 2708; x_wconf 83' lang='grc' dir='ltr'><em>ἐξιόντων</em></span> <span class='ocrx_word' id='word_1_482' title='bbox 1245 2661 1377 2707; x_wconf 77' lang='grc' dir='ltr'><em>δεξιὰν</em></span> <span class='ocrx_word' id='word_1_483' title='bbox 1414 2663 1540 2706; x_wconf 84' lang='lat' dir='ltr'><strong>vocat,</strong></span> <span class='ocrx_word' id='word_1_484' title='bbox 1578 2671 1757 2705; x_wconf 88' lang='lat' dir='ltr'><strong>quomam</strong></span> 
     </span>
     <span class='ocr_line' id='line_1_52' title="bbox 238 2707 1758 2758; baseline -0.004 -10"><span class='ocrx_word' id='word_1_485' title='bbox 238 2715 455 2750; x_wconf 86' lang='lat' dir='ltr'><strong>exeuntibus</strong></span> <span class='ocrx_word' id='word_1_486' title='bbox 481 2714 572 2749; x_wconf 91' lang='lat' dir='ltr'><strong>aede</strong></span> <span class='ocrx_word' id='word_1_487' title='bbox 604 2715 685 2748; x_wconf 89' lang='lat' dir='ltr'><strong>erat</strong></span> <span class='ocrx_word' id='word_1_488' title='bbox 715 2714 762 2748; x_wconf 88' lang='lat' dir='ltr'><strong>ad</strong></span> <span class='ocrx_word' id='word_1_489' title='bbox 794 2714 974 2748; x_wconf 86' lang='lat' dir='ltr'><strong>dextram.</strong></span> <span class='ocrx_word' id='word_1_490' title='bbox 1024 2712 1140 2748; x_wconf 84' lang='lat' dir='ltr'><strong>Erant</strong></span> <span class='ocrx_word' id='word_1_491' title='bbox 1170 2712 1285 2758; x_wconf 90' lang='lat' dir='ltr'><strong>igitur</strong></span> <span class='ocrx_word' id='word_1_492' title='bbox 1315 2710 1520 2756; x_wconf 81' lang='lat' dir='ltr'><strong>quadrigae</strong></span> <span class='ocrx_word' id='word_1_493' title='bbox 1552 2709 1638 2743; x_wconf 89' lang='lat' dir='ltr'><strong>ante</strong></span> <span class='ocrx_word' id='word_1_494' title='bbox 1669 2707 1758 2743; x_wconf 91' lang='lat' dir='ltr'><strong>Pro·</strong></span> 
     </span>
     <span class='ocr_line' id='line_1_53' title="bbox 239 2760 1315 2806; baseline -0.001 -11"><span class='ocrx_word' id='word_1_495' title='bbox 239 2762 374 2805; x_wconf 83' lang='lat' dir='ltr'><strong>pylaea</strong></span> <span class='ocrx_word' id='word_1_496' title='bbox 397 2761 555 2806; x_wconf 70' lang='lat' dir='ltr'><strong>positae,</strong></span> <span class='ocrx_word' id='word_1_497' title='bbox 581 2763 623 2796; x_wconf 91' lang='lat' dir='ltr'><strong>ut</strong></span> <span class='ocrx_word' id='word_1_498' title='bbox 649 2760 874 2795; x_wconf 89' lang='lat' dir='ltr'><strong>intrantibus</strong></span> <span class='ocrx_word' id='word_1_499' title='bbox 900 2760 1022 2794; x_wconf 87' lang='lat' dir='ltr'><strong>essent</strong></span> <span class='ocrx_word' id='word_1_500' title='bbox 1046 2760 1094 2794; x_wconf 88' lang='lat' dir='ltr'><strong>ad</strong></span> <span class='ocrx_word' id='word_1_501' title='bbox 1120 2760 1315 2795; x_wconf 88' lang='lat' dir='ltr'><strong>sinistram.</strong></span> 
     </span>
    </p>

    <p class='ocr_par' dir='ltr' id='par_1_7' title="bbox 239 2802 1759 2947">
     <span class='ocr_line' id='line_1_54' title="bbox 310 2802 1756 2854; baseline -0.005 -10"><span class='ocrx_word' id='word_1_502' title='bbox 310 2809 385 2854; x_wconf 84' lang='lat'>***)</span> <span class='ocrx_word' id='word_1_503' title='bbox 406 2807 554 2844; x_wconf 86' lang='lat' dir='ltr'><strong>Accidit</strong></span> <span class='ocrx_word' id='word_1_504' title='bbox 578 2808 743 2851; x_wconf 87' lang='lat' dir='ltr'><strong>subinde,</strong></span> <span class='ocrx_word' id='word_1_505' title='bbox 762 2809 806 2842; x_wconf 90' lang='lat' dir='ltr'><strong>ut</strong></span> <span class='ocrx_word' id='word_1_506' title='bbox 824 2806 986 2843; x_wconf 86' lang='lat' dir='ltr'><strong>donariis</strong></span> <span class='ocrx_word' id='word_1_507' title='bbox 1006 2806 1237 2852; x_wconf 89' lang='lat' dir='ltr'><strong>perficiendis</strong></span> <span class='ocrx_word' id='word_1_508' title='bbox 1257 2808 1295 2841; x_wconf 91' lang='lat' dir='ltr'><strong>et</strong></span> <span class='ocrx_word' id='word_1_509' title='bbox 1314 2802 1527 2840; x_wconf 85' lang='lat' dir='ltr'><strong>dedicandis</strong></span> <span class='ocrx_word' id='word_1_510' title='bbox 1545 2803 1756 2847; x_wconf 87' lang='lat' dir='ltr'><strong>temporum</strong></span> 
     </span>
     <span class='ocr_line' id='line_1_55' title="bbox 239 2849 1758 2903; baseline -0.003 -15"><span class='ocrx_word' id='word_1_511' title='bbox 239 2855 415 2899; x_wconf 84' lang='lat' dir='ltr'><strong>iniquitas</strong></span> <span class='ocrx_word' id='word_1_512' title='bbox 445 2856 506 2891; x_wconf 88' lang='lat' dir='ltr'><strong>vel</strong></span> <span class='ocrx_word' id='word_1_513' title='bbox 538 2856 659 2901; x_wconf 86' lang='lat' dir='ltr'><strong>operis</strong></span> <span class='ocrx_word' id='word_1_514' title='bbox 692 2855 810 2900; x_wconf 88' lang='lat' dir='ltr'><strong>ampli</strong></span> <span class='ocrx_word' id='word_1_515' title='bbox 840 2853 1042 2889; x_wconf 84' lang='lat' dir='ltr'><strong>difficultas</strong></span> <span class='ocrx_word' id='word_1_516' title='bbox 1072 2854 1215 2890; x_wconf 89' lang='lat' dir='ltr'><strong>aliaeve</strong></span> <span class='ocrx_word' id='word_1_517' title='bbox 1246 2861 1380 2888; x_wconf 79' lang='lat' dir='ltr'><strong>causae</strong></span> <span class='ocrx_word' id='word_1_518' title='bbox 1417 2860 1538 2885; x_wconf 80' lang='lat' dir='ltr'><strong>moras</strong></span> <span class='ocrx_word' id='word_1_519' title='bbox 1575 2849 1758 2903; x_wconf 72' lang='lat' dir='ltr'><strong>afferrent,</strong></span> 
     </span>
     <span class='ocr_line' id='line_1_56' title="bbox 240 2895 1759 2947; baseline -0.003 -12"><span class='ocrx_word' id='word_1_520' title='bbox 240 2902 343 2936; x_wconf 77' lang='lat' dir='ltr'><strong>velut</strong></span> <span class='ocrx_word' id='word_1_521' title='bbox 375 2904 538 2945; x_wconf 86' lang='lat' dir='ltr'><strong>statuae,</strong></span> <span class='ocrx_word' id='word_1_522' title='bbox 571 2914 662 2947; x_wconf 88' lang='lat' dir='ltr'><strong>quas</strong></span> <span class='ocrx_word' id='word_1_523' title='bbox 695 2901 936 2937; x_wconf 88' lang='lat' dir='ltr'><strong>Athenienses</strong></span> <span class='ocrx_word' id='word_1_524' title='bbox 968 2912 1013 2936; x_wconf 85' lang='lat' dir='ltr'><strong>ex</strong></span> <span class='ocrx_word' id='word_1_525' title='bbox 1044 2900 1280 2938; x_wconf 85' lang='lat' dir='ltr'><strong>Marathonia</strong></span> <span class='ocrx_word' id='word_1_526' title='bbox 1309 2897 1449 2944; x_wconf 78' lang='lat' dir='ltr'><strong>praeda</strong></span> <span class='ocrx_word' id='word_1_527' title='bbox 1479 2897 1645 2942; x_wconf 75' lang='lat' dir='ltr'><strong>Apollini</strong></span> <span class='ocrx_word' id='word_1_528' title='bbox 1674 2895 1759 2931; x_wconf 89' lang='lat' dir='ltr'><strong>Del-</strong></span> 
     </span>
    </p>
   </div>
  </div>
 </body>
</html>
