1864 3126
220 150 307 191 470
511 131 533 150 ⁶
780 147 972 184 POETAE
997 147 1174 184 Mnmcl.

314 255 608 311 πλαζόμενον·
639 256 858 311 γλυκεροῦ
891 253 940 298 δὲ
972 258 1241 312 μελίφρονος
1271 257 1422 299 οἴκαδε
1452 254 1619 300 νόστου

375 325 610 382 ἤμπλακες,
643 323 742 369 οὐδ’
778 327 874 369 ἵκευ
906 326 1036 369 Κέων
1069 324 1204 373 πάλιν
1235 324 1502 383 ἀμφιρύτην.

854 445 950 487 120.
983 445 1118 498 [176]
1581 469 1586 473 ·
1655 455 1744 488 1159

318 513 467 565 Αἰδώς
497 513 570 557 καὶ
602 514 867 570 Κλεόδημον
899 514 968 558 ἐπὶ
1000 516 1216 572 προχοῇσι
1248 517 1441 574 Ε’ζεαίρου

378 583 545 628 ἀενάου
578 582 803 628 στονόεντ’
838 583 1004 641 ἤγαγεν
1037 587 1099 636 εἰς
1129 584 1333 629 θάνατον

318 659 512 713 Θρηϊκίῳ
545 653 769 710 κύρσαντα
802 654 936 715 λόχςιν
969 654 1134 712 πατρὸς
1167 655 1215 699 δὲ
1247 654 1459 699 κλεεννόν

379 730 579 783 Διφίλου
611 725 823 784 αἰχμητὴς
853 725 952 779 υίὸς
984 727 1112 783 ἔθηκ’
1150 725 1304 784 ὄνομα.

169 855 174 862 ’
226 857 305 892 οο(1.
333 857 411 891 Pal.
439 876 481 881 —
509 857 553 891 V.
580 861 612 893 2.
639 853 753 914 μοῖρ’
779 856 883 893 Plan.
911 855 991 901 κήρ.
1020 877 1064 882 -
1090 857 1133 891 V.
1161 860 1193 893 3
1222 858 1365 900 οἴκαδε,
1398 854 1484 892 οἷκα
1511 857 1582 902 (δε)
1608 868 1746 893 correc-

227 907 286 940 tor
312 904 350 939 in
375 914 444 939 ras.
474 924 516 929 ——
543 904 586 938 V.
613 908 647 940 4.
673 902 781 939 Κέων
806 901 919 938 πάλιν
946 903 1038 948 (81νο
1065 902 1147 939 Κέω
1168 900 1280 939 πάλιν
1306 903 1428 948 malis)
1450 905 1593 949 scripsi,
1619 905 1699 940 cod.
1720 905 1748 940 P

226 954 319 986 Χιον
346 947 421 995 ἐπ’,
456 951 559 986 Plan.
586 953 679 986 Χῖον
714 948 770 994 ἐς,
801 951 901 996 quod
926 951 1064 986 lemma
1094 963 1239 997 quoque
1271 953 1441 987 testatur.
1493 950 1751 987 Coalescentes

226 999 373 1034 vocales
406 999 469 1043 qui
501 1010 574 1034 non
605 998 751 1043 tulerit,
785 998 911 1043 potuit
941 999 1029 1034 Κῶν
1054 998 1231 1042 scribere,
1265 999 1330 1034 8οᾱ
1363 998 1395 1033 81
1426 999 1495 1034 1100
1521 998 1752 1044 epitaphium

228 1045 434 1081 Simonides
467 1045 692 1091 composuit,
723 1045 916 1091 probabile
952 1048 1028 1089 est,
1069 1047 1220 1091 poetam
1253 1045 1328 1081 suis
1359 1045 1602 1091 popularibus
1633 1046 1751 1092 grati—

227 1093 377 1128 ficatum
404 1104 495 1137 esse,
522 1104 565 1128 ac
584 1094 764 1138 perpetuo
784 1094 1043 1138 permutantur
1063 1096 1174 1134 Κεῖος
1193 1093 1231 1127 015
1255 1095 1355 1133 Χῖος.
1395 1093 1578 1128 Permolle
1599 1104 1750 1129 carmen

227 1139 376 1176 videtur
401 1140 645 1197 Iunghahnio‚
671 1139 806 1175 Kaibel
830 1140 1009 1176 iudicium
1038 1140 1196 1183 cohibet,
1223 1140 1288 1175 sed
1306 1139 1512 1175 insolenter
1532 1139 1751 1185 productam

227 1188 393 1223 vocalem
405 1188 498 1222 Χίον
514 1183 587 1228 ἐς’
564 1184 779 1232 αμφιρύτην
792 1188 978 1222 novicium
994 1189 1142 1232 poetam
1153 1187 1317 1244 prodere
1320 1187 1422 1231 dicit,
1437 1187 1617 1223 adhibens
1634 1187 1751 1245 gemi-

228 1246 316 1269 num
344 1245 474 1279 exemp
476 1234 554 1269 lum
581 1234 688 1270 attici
714 1234 896 1287 epitaphii
921 1234 987 1279 Ep.
1015 1234 1075 1269 Gr.
1103 1237 1148 1270 88
1179 1235 1270 1275 Χίος
1294 1231 1528 1279 αγαλλομένη
1555 1233 1751 1282 Συμμάχφ

229 1279 305 1317 ἐστὶ
330 1283 473 1339 πατρίς,
500 1283 542 1316 ut
565 1281 744 1316 traditam
770 1281 990 1326 scripturam
1015 1283 1174 1317 tueatur.
1213 1281 1410 1316 Froehlich
1430 1284 1544 1317 Κεῖον
1564 1281 1625 1317 vel
1643 1283 1701 1327 Κῆ
1707 1295 1752 1318 ον

226 1329 263 1364 11.
290 1341 320 1365 e.
348 1327 470 1371 Κέων,
496 1340 590 1373 quae
615 1329 757 1364 formae
782 1340 929 1374 prorsus
955 1330 1082 1364 carent
1106 1329 1342 1371 auctoritate,
1377 1328 1636 1364 Schneidewin
1661 1295 1749 1364 οὔδ’

228 1377 321 1416 ἵκεις
346 1373 385 1416 ἐς
411 1377 515 1420 Χίον,
541 1377 713 1434 Hartung
733 1372 822 1415 οὐδε
837 1376 931 1411 Χίον
951 1377 1074 1421 νείσω,
1094 1387 1164 1422 ego
1184 1376 1274 1411 olim
1295 1372 1380 1411 ουδ’
1402 1377 1485 1411 ἵκευ
1503 1371 1682 1421 πατρίδ’
1713 1373 1753 1417 ἐς

228 1405 1119 1525 {331331‘2535‘1efiziai‘tfflgzzfflguxssnffissss0
1137 1422 1521 1516 matuta&
1546 1425 1756 1506 ἕὲξῖῗιὲἷῖῗ

229 1517 494 1553 consuetudine
520 1517 596 1553 dici
621 1518 785 1560 solebat,
816 1518 903 1553 hinc
930 1518 1082 1553 seriores
1108 1518 1357 1562 frequentant,
1383 1518 1487 1553 velut
1512 1517 1665 1553 Theocr.
1685 1517 1755 1554 XV

233 1569 299 1600 126
326 1562 396 1599 τὰν
421 1566 592 1610 Σαμίαν,
623 1565 723 1611 apud
751 1565 937 1600 Plutarch.
970 1565 1036 1601 vit.
1062 1565 1169 1600 Arati
1201 1577 1229 1600 c.
1258 1569 1300 1600 12
1336 1563 1486 1600 omnino
1518 1564 1754 1600 scribendum

230 1613 296 1657 τῆς
318 1609 481 1656 Ἀνδρίας
506 1612 529 1647 1.
551 1623 580 1648 e.
600 1609 766 1656 Ἄνδρου,
792 1612 857 1647 ubi
882 1613 995 1658 vulgo
1019 1609 1158 1655 Ἀδρίας
1183 1612 1331 1657 legitur,
1357 1612 1406 1647 ad
1426 1611 1585 1648 eundem
1603 1612 1756 1648 modum

229 1661 364 1695 Athen.
391 1659 424 1694 V
444 1663 512 1695 209
529 1659 572 1695 C.
599 1659 685 1704 περὶ
703 1656 920 1695 Λεύκολλαν
939 1660 1003 1705 τῆς
1022 1658 1133 1708 Κῴας
1152 1659 1310 1705 scripsit,
1336 1670 1561 1713 quamquam
1581 1654 1755 1717 Κυπρίας

229 1707 353 1765 potius
380 1706 540 1742 scribere
566 1706 739 1764 debebat,
763 1708 806 1742 ut
831 1707 927 1742 vidit
952 1696 1201 1742 Oasaubonus
1240 1706 1348 1742 Philo
1373 1706 1413 1741 in
1430 1706 1550 1742 Flacc.
1572 1710 1662 1742 541·
1687 1705 1756 1748 τὰς

233 1751 316 1799 ἑξῆς
342 1751 480 1798 νήσους
503 1751 572 1799 τὴν
592 1751 760 1799 Ελένην,
786 1751 855 1799 τὴν
880 1755 1024 1790 Κίανον
1051 1757 1133 1800 (scr.
1161 1755 1334 1799 Κείαν),
1366 1753 1436 1798 τὴν
1461 1751 1633 1789 Κύθνον.
1683 1755 1756 1793 Ne-

231 1813 302 1846 que
328 1801 439 1836 aliter
463 1800 588 1837 Latini
613 1801 830 1846 scriptores,
861 1802 964 1837 velut
995 1801 1149 1837 Plautus
1173 1800 1284 1837 Merc.
1311 1805 1378 1837 647
1405 1800 1559 1845 Lesbia,
1595 1811 1642 1847 ap
1617 1813 1653 1847 p.
1680 1800 1756 1838 Cic.

230 1850 332 1882 Arat.
364 1860 396 1883 v.
430 1852 499 1883 422
535 1848 627 1883 Chia
658 1849 926 1883 restituendum
959 1848 998 1884 in
1028 1849 1151 1884 locum
1179 1847 1302 1893 Chius,
1335 1849 1439 1884 Varr.
1473 1847 1518 1884 de
1543 1859 1581 1884 re
1606 1850 1696 1884 rust.
1722 1849 1758 1884 II
1782 1848 1785 1851 ’

230 1894 417 1950 111-0οΐ.οω
442 1896 567 1930 insula
593 1894 668 1930 Coa
693 1899 725 1930 et
751 1894 844 1930 Chia
869 1895 1197 1940 (quemadmodum
1223 1895 1324 1930 idem
1349 1897 1366 1930 I
1385 1899 1432 1930 54
1456 1895 1495 1931 in
1520 1895 1757 1942 Sybaritarum

232 1943 274 1978 in
302 1942 478 1987 Olynthia
504 1942 679 2001 scripsit),
707 1942 820 1987 Virg„
847 1942 980 1986 Georg.
1008 1943 1023 1977 I
1051 1947 1094 1977 14
1122 1943 1204 1986 Oea,
1231 1943 1322 1977 item
1348 1942 1473 1978 Valer.
1499 1943 1595 1978 Max.
1622 1942 1657 1978 II
1681 1947 1715 1989 6,
1733 1946 1755 1978 8

232 1991 274 2024 in
300 1990 425 2024 insula
451 1989 532 2024 Oea.
561 2010 604 2014 —
632 1986 670 2029 ἐς
695 1989 811 2033 Plan„
839 1989 917 2024 cod.
946 1989 975 2023 Ρ
1002 1987 1280 2035 ἐπαμφιρύτην,
1306 1989 1371 2025 8οᾶ
1397 1987 1469 2024 ἐπα
1495 1989 1532 2024 111
1558 2001 1697 2026 rasura.

327 2035 454 2093 Epigr.
482 2040 560 2071 120.
612 2036 723 2072 Anth.
748 2017 824 2071 Pal.
852 2036 921 2071 VII
947 2041 1032 2071 514:
1066 2048 1156 2072 corr.
1190 2037 1472 2082 Σιμωνίδου·
1507 2036 1533 2072 C
1560 2035 1614 2077 εἰς
1638 2034 1755 2073 Κλεό-

233 2086 353 2140 δημον
385 2081 459 2118 ὑπὸ
492 2083 650 2132 θρᾳκῶν
682 2080 941 2128 ἀναιρεθέντα
971 2083 1036 2119 καὶ
1061 2082 1238 2119 κλέεννον
1270 2084 1421 2140 διφίλου
1446 2080 1541 2118 υἱόν.
1574 2103 1624 2111 —
1651 2083 1695 2120 V.
1724 2088 1755 2120 1.

233 2128 347 2171 αἰδὼς
379 2131 587 2174 00(1.,11011
620 2129 959 2176 oc23c239‚Ha1-tung
976 2127 1052 2166 Αιδ
1054 2144 1107 2176 η.ς
1141 2151 1185 2157 -
1212 2128 1358 2176 Κλεόδη
1361 2143 1450 2176 μ,ον
1481 2130 1618 2166 Reiske
1643 2129 1759 2167 Κλεό-

233 2180 309 2224 δαμ
312 2191 366 2215 ον.
387 2198 432 2203 -
453 2178 496 2212 V.
517 2182 550 2213 3.
571 2176 762 2221 κλεεννόν,
783 2178 861 2214 cod.
883 2178 1073 2223 κλέεννον,
1093 2178 1230 2214 Reiske
1249 2144 1430 2213 κλεεινόν.
1452 2197 1496 2203 —-
1515 2178 1559 2214 V.
1574 2181 1608 2213 4.
1630 2177 1704 2223 ἔθη
1705 2175 1758 2221 κ’,

233 2226 405 2271 Hartung
420 2221 559 2272 ἔκλῃζ’.
582 2247 622 2252 -
646 2224 852 2270 Antiquum
874 2225 1115 2271 epigramma,
1142 2226 1239 2270 quod
1259 2223 1396 2260 iniuria
1421 2224 1555 2261 Kaibel
1573 2236 1649 2261 non
1667 2225 1759 2262 satis

233 2272 439 2308 dilucidum
471 2283 549 2308 esse
582 2273 726 2316 censet,
760 2273 825 2308 sed
856 2275 1005 2308 rectene
1037 2285 1084 2308 an
1117 2283 1221 2309 secus
1253 2272 1453 2308 Simonidis
1483 2271 1633 2308 nomine
1662 2272 1757 2309 fera-

232 2322 311 2364 tur,
344 2331 417 2355 non
444 2319 563 2355 ausim
589 2319 805 2356 diiudicare.
857 2319 896 2354 Si
919 2320 1115 2366 probabile
1139 2322 1198 2356 est
1221 2321 1373 2365 poetam
1397 2318 1570 2355 Hieronis
1595 2319 1759 2365 hospitio

234 2379 342 2403 usum
368 2378 483 2411 usque
511 2367 559 2402 ad
588 2367 687 2402 diem
707 2378 919 2412 supremum
941 2367 1128 2413 Syracusis
1154 2368 1422 2403 commoratum
1450 2377 1542 2412 esse,
1565 2378 1685 2412 neque
1710 2367 1759 2403 ad

234 2415 388 2450 Eionem
413 2414 542 2450 urbem
568 2426 591 2450 a
618 2413 770 2450 Cimone
797 2417 1046 2460 expugnatam
1078 2414 1169 2450 licet
1192 2414 1424 2468 epigramma
1453 2413 1608 2459 referre,
1638 2425 1758 2460 neque

235 2462 283 2497 ad
313 2461 472 2507 primam
504 2460 780 2507 expeditionem
820 2461 1102 2497 Atheniensium
1138 2462 1177 2497 in
1213 2461 1298 2497 illas
1335 2461 1504 2506 regiones
1540 2461 1579 2495 et
1607 2461 1655 2498 ad
1685 2461 1758 2497 cla-

236 2474 338 2552 demp
359 2518 432 2553 qua
458 2508 589 2544 afflicti
615 2510 712 2553 sunt,
745 2510 787 2544 ut
812 2508 906 2544 dicit
929 2509 1043 2544 schol.
1070 2509 1241 2544 Aeschin.
1267 2509 1313 2544 de
1338 2508 1363 2543 f.
1389 2508 1413 2543 1.
1445 2512 1489 2544 31
1517 2505 1580 2544 ἐπὶ
1615 2508 1757 2544 Φαίδω-

235 2569 299 2596 νος
330 2555 366 2592 h
394 2567 424 2591 0.
460 2555 516 2591 01.
551 2560 612 2600 76,
648 2560 666 2591 1
699 2555 759 2592 vel
784 2556 921 2592 rectius
954 2553 1016 2591 ἐπὶ
1044 2552 1282 2601 Ἀψεφίωνος,
1314 2556 1384 2591 1100
1417 2556 1474 2591 0815
1498 2553 1685 2599 Ol.·17,4
1710 2554 1756 2590 cf.

236 2604 381 2648 Kruger
414 2602 506 2639 Hist.
541 2602 637 2638 Strd.
663 2603 679 2637 I
708 2607 785 2639 149.
825 2604 874 2638 At
904 2614 1054 2648 prorsus
1085 2603 1310 2657 ignoramus,
1346 2614 1419 2647 quo
1443 2603 1612 2660 tempore
1637 2613 1757 2648 quove

238 2651 319 2685 loco
345 2660 404 2685 res
430 2651 557 2695 gestae
582 2650 667 2694 sint,
693 2661 785 2695 quas
812 2650 1042 2696 epitaphium
1070 2650 1303 2696 perstringit:
1329 2649 1462 2686 fluvius
1488 2647 1647 2695 Θέαιρος
1670 2661 1757 2684 11118-

237 2709 347 2740 quam
379 2699 574 2742 praeterea
606 2698 806 2743 comparet,
837 2709 923 2733 nam
959 2698 1099 2733 certum
1125 2700 1183 2733 est
1207 2698 1320 2732 alium
1348 2707 1426 2732 0880
1460 2693 1559 2741 Τέαρ
1562 2709 1615 2741 ον,
1647 2707 1757 2741 quem

235 2743 447 2780 Herodotus
484 2745 523 2779 et
553 2744 694 2780 Plinius
727 2746 951 2788 memorant,
986 2755 1123 2790 magno
1155 2745 1246 2781 satis
1278 2743 1476 2780 intervallo
1507 2753 1530 2778 a
1539 2709 1758 2797 ‘'Sti-ymone

237 2791 452 2826 diremtum:
479 2803 614 2827 nomen
633 2791 790 2827 fortasse
815 2791 915 2828 idem
935 2793 1002 2835 0815,
1028 2793 1070 2826 1115
1096 2792 1217 2827 solent
1234 2791 1385 2827 nomina
1408 2789 1536 2834 topica
1560 2789 1687 2826 iterari
1712 2801 1756 2825 ac

235 2838 371 2917 {variari
403 2849 469 2883 per
501 2839 658 2920 {undem
689 2839 860 2876 tractum.
899 2838 1043 2883 Kaibel,
1069 2839 1101 2874 si
1132 2839 1232 2874 recte
1262 2837 1431 2882 memini,
1457 2847 1606 2873 carmen
1631 2838 1754 2873 subdi-

255 2895 367 2919 [olum
393 2897 500 2921 081186
521 2914 527 2921 .
