1864 3126
247 109 334 151 640
508 125 510 129 ·
807 104 998 142 POETAE
1025 104 1202 142 MELICI.

246 216 323 270 ότι,
354 215 455 258 ἀλλὰ
494 215 559 257 διὰ
598 214 671 270 τὴν
713 217 941 270 προαίρεσιν
978 212 1164 270 ἀπείχετο.
1233 215 1371 270 ἐζήλου
1407 222 1526 273 γοῦν,
1563 216 1617 269 ὦς
1653 217 1774 270 aeth«,-

246 285 344 337 ἔφη,
381 282 449 325 τὸν
480 280 722 336 Πινδάρειόν
756 297 795 322 τε
832 281 897 321 καὶ
927 283 1192 334 Σιμωνίδειον
1218 280 1385 336 τρόπον,
1422 283 1489 324 καὶ
1517 282 1697 326 καθόλου
1727 281 1770 326 τὸ

245 345 411 402 ἀρχαῖον
453 346 699 401 καλούμενον
740 344 819 388 ὑπὸ
862 349 941 386 τῶν
983 349 1070 388 νῦν.
1142 348 1205 387 Ab
1250 350 1323 388 hoc
1363 350 1558 390 Pancrate
1600 351 1772 391 fortasse

246 416 491 454 trochaicum
510 416 845 465 penthemimeres
865 413 1014 456 dictum
1034 416 1096 452 est
1114 418 1277 453 metrum
1294 415 1544 460 Pancration,
1559 416 1642 466 ¹vid.
1662 415 1773 456 Serv.

248 481 414 520 Centim.
449 483 487 532 2,
522 483 559 519 1.
614 480 830 519 Endlieher
862 479 1010 518 Anecd.
1035 479 1204 519 Vindob.
1231 480 1328 528 516,
1361 482 1407 519 ut
1431 479 1600 520 Burette
1630 481 1774 531 proba-

248 548 383 586 biliter
416 548 652 597 suspicatur.
686 566 740 572 —-
772 545 994 584 Philonis
1025 557 1181 584 versus:

617 629 666 668 Τί
694 623 733 679 μ’
769 621 993 679 ἀνέμνασας
1023 627 1165 666 κείνων
1195 629 1410 676 κυκλικῶν;

248 726 309 763 ap.
329 714 475 752 Athen.
495 713 567 751 XV
591 714 673 751 697
690 702 740 750 B:
766 713 925 750 τοιαῦτα
946 708 1125 763 λέγοντος
1143 712 1212 749 τοῦ
1231 711 1478 763 Δημοκρίτου
1498 706 1519 751 ὁ
1539 707 1773 760 Κύνουλκος

247 777 342 829 ἔφη·
386 778 424 816 τί
461 771 501 829 μ’
549 771 586 816 ἆ.
623 792 657 815 κ.
701 775 872 815 κυλίκων
915 770 991 828 (ita
1034 776 1144 820 libri,
1188 776 1292 826 quod
1335 777 1504 827 correxi,
1550 777 1773 826 Schweigh.

247 838 436 894 κυκλίων)
473 837 570 881 κατὰ
607 837 675 881 τὸν
719 836 790 880 σὸν
833 836 919 892 (τὸν
957 836 1086 891 σοφὸν
1123 837 1210 892 PV)
1251 841 1410 880 Φίλωνα
1451 842 1595 881 novicii
1631 844 1774 892 poetae

248 920 335 946 esse
367 907 542 947 videtur:
581 909 687 946 certe
719 907 767 944 de
798 906 962 944 Philone
994 906 1227 944 Aristotelis
1265 907 1458 956 discipulo
1497 902 1595 961 (vid.
1626 907 1774 946 Athen.

248 973 343 1011 XIV
366 975 450 1011 610
469 966 519 1024 F)
545 985 623 1010 non
643 974 705 1010 est
730 971 1001 1021 cogitandum:
1027 985 1144 1021 quem
1169 973 1329 1021 poetam
1355 974 1396 1010 et
1419 972 1620 1011 tibicinem
1641 971 1774 1011 Philo-

247 1051 339 1076 nem
371 1037 598 1086 Stephanus
631 1037 722 1087 Byz.
749 1051 786 1076 v.
812 1031 1092 1075 Μεταπόντιον
1122 1037 1341 1086 intelligat,
1372 1049 1535 1086 prorsus
1566 1036 1774 1076 incertum.
