1864 3126
216 136 302 177 150
530 187 532 191 λ
776 135 968 172 POETAE
994 136 1172 174 MELIOI.

334 331 548 369 Menander
585 331 633 369 de
671 331 830 370 Encom.
861 331 918 369 IX
953 332 1034 370 149
1075 331 1133 371 ed.
1165 331 1297 372 Walz:
1334 329 1419 373 ἀλλ’
1460 332 1542 375 ἐπεὶ
1579 330 1736 386 εὕρηται

214 393 279 433 καὶ
310 396 423 434 τοῦτο
454 390 496 435 τὸ
529 390 632 443 εἶδος
662 397 740 435 τῶν
770 392 908 447 ύμνων
947 391 1053 474 παρὰ
1089 399 1170 444 τοῖς
1207 392 1382 450 ἄρχαίοις
1417 397 1483 439 καὶ
1518 396 1599 451 ἤδη
1635 396 1737 447 τινὲς

215 459 279 500 καὶ
323 456 524 500 Διονύσου
567 456 688 513 γονὰς
724 457 910 512 ὕμνησαν
952 459 1019 500 καὶ
1050 457 1294 511 ’Λπόλλωνος
1336 459 1457 517 γονὰς
1497 478 1636 524 ετεροι,
1671 461 1736 503 καὶ

210 522 388 573 Ἀλκαῖος
424 520 643 576 “Ηφαίστου
690 524 756 565 καὶ
802 521 921 565 παλιν
955 520 1116 579 Ἑρμοῦ,
1157 528 1227 566 ubi
1273 529 1398 568 fortas
1382 542 1445 568 se
1486 519 1738 568 scribendum

216 587 273 639 ὦς
299 587 477 639 Ἀλκαῖος
506 606 584 630 και
609 586 828 642 Ἡφαίστου
854 593 929 631 κτλ.
962 594 1008 630 ut
1032 592 1169 632 rhetor
1193 595 1382 643 quattuor
1408 594 1545 633 Alcaei
1569 594 1738 644 hymnos

215 657 452 706 respexerit:
490 669 581 701 nam
623 657 820 707 Apollinis
859 658 965 695 certe
1001 657 1156 696 natales
1194 658 1470 699 illustraverat
1509 658 1573 698 hic
1610 661 1739 709 poeta,

216 721 293 760 vid.
328 721 374 759 fr.
408 723 446 772 2,
479 734 526 760 ex
557 722 705 772 hymno
737 722 778 760 in
809 722 1010 760 Bacchum
1041 722 1198 761 videtur
1229 724 1276 763 fr.
1311 725 1366 764 90
1397 724 1580 774 petitum.
1626 724 1740 771 Quod

217 787 435 826 Menander
466 786 605 826 deinde
637 787 764 826 addit:
804 785 880 825 ἔστι
912 783 955 824 δὲ
987 780 1039 833 ὥς
1069 789 1210 840 ποιητῇ
1248 785 1318 839 μὲν
1348 782 1448 827 καθ’
1490 783 1584 828 αὖτὸ
1617 784 1741 840 μόνον

217 847 258 892 τὸ
291 847 395 898 εἶδος
426 846 631 904 χρήσιμον,
665 853 889 905 συγγραφεῖ
915 847 958 889 δὲ
990 846 1190 902 οὐδέποτε,
1216 848 1237 892 ὁ
1269 850 1341 904 μὲν
1371 849 1446 906 γὰρ
1476 851 1540 892 καὶ
1568 849 1742 904 Χάριτας

219 914 477 968 μαιευομένας
508 915 574 955 καὶ
592 913 717 992 Ὠρας
747 912 1040 968 ὑποδεχομένας
1070 915 1136 955 καὶ
1161 913 1206 956 τὰ
1232 920 1390 957 τοιαῦτα
1422 914 1742 992 πραγματεύεται,

300 975 520 994 ’’’’’

221 1049 260 1086 et
300 1047 499 1097 pedestris
541 1048 730 1087 orationis
773 1046 998 1086 discrimine
1039 1047 1234 1097 disputet,
1275 1050 1410 1086 tamen
1451 1048 1548 1087 haec
1587 1060 1743 1098 quoque

220 1113 400 1162 exempla
431 1113 589 1152 videtur
621 1125 668 1151 ex
699 1111 858 1160 Alcaeo,
891 1124 1008 1161 quem
1038 1112 1154 1152 modo
1187 1113 1382 1164 adhibuit,
1414 1113 1617 1163 petivisse.
1665 1113 1742 1152 Po-

220 1179 326 1215 terat
367 1177 539 1217 Alcaeus
584 1178 713 1216 Horas
751 1177 938 1215 Mercurii
982 1177 1157 1216 nutrices
1195 1178 1364 1228 fingere,
1405 1179 1452 1218 cf.
1483 1178 1671 1218 Philostr.
1702 1179 1743 1217 in

222 1243 305 1280 vita
328 1242 459 1292 Apoll.
491 1243 523 1280 V
553 1245 624 1282 19·
657 1241 884 1293 ἐνθυμεῖται
917 1236 956 1294 (ὅ
982 1236 1148 1293 Ερμῆς)
1178 1238 1247 1290 τὰς
1278 1239 1397 1295 ὥρας,
1431 1238 1504 1293 ὑφ’
1540 1235 1596 1281 ὦν
1627 1237 1744 1290 αὐτὸς

221 1305 263 1346 ἐν
294 1311 490 1358 κορυφαῖς
519 1309 588 1347 τοῦ
616 1303 814 1359 Ὀλύμπου
845 1302 1005 1357 ἐτραφη.
1039 1310 1080 1345 et
1104 1307 1230 1357 Imag
1255 1308 1275 1345 I
1302 1310 1375 1347 24:
1398 1308 1566 1347 τίκτεται
1598 1305 1669 1359 μὲν
1700 1306 1744 1346 ἐν

220 1375 416 1423 κορυφαῖς
445 1374 515 1411 τοῦ
542 1367 741 1424 Ὀλύμπου
768 1370 1043 1410 ...ἐνταῦθα
1072 1368 1140 1412 τὸν
1164 1367 1315 1425 Ερμῆν
1345 1369 1607 1425 ἆποτεχθέντα
1628 1365 1744 1423 Ὧραι
1757 1383 1825 1415 933

222 1436 454 1488 κομίζονται.
487 1438 555 1477 sed
585 1438 773 1488 poterant
804 1402 926 1476 etiam
958 1435 1120 1476 Gnatiae
1159 1450 1240 1476 una
1270 1451 1359 1476 cum
1390 1438 1510 1477 Horis
1542 1438 1746 1477 commode

222 1503 264 1540 in
306 1503 477 1542 Vulcani
520 1503 723 1541 natalibus
769 1502 962 1542 adhiberi.
1028 1501 1119 1540 Non
1161 1503 1268 1541 recte
1311 1502 1356 1541 Gr.
1390 1503 1501 1541 Wolf
1540 1502 1747 1542 Menandri

222 1569 352 1607 locum
384 1567 523 1606 retulit
554 1569 603 1606 ad
635 1568 682 1606 fr.
718 1569 791 1616 62,
823 1568 891 1617 qui
921 1579 1060 1606 versus
1093 1580 1220 1617 neque
1253 1580 1300 1606 ex
1331 1569 1404 1607 hoc
1434 1569 1476 1607 in
1507 1568 1746 1607 Mercurium

223 1635 371 1683 hymno
402 1646 530 1683 neque
562 1647 609 1672 ex
635 1633 803 1672 Vulcani
833 1632 1028 1671 natalium
1060 1633 1325 1683 descriptione
1354 1634 1505 1684 petitus
1538 1636 1610 1683 est,
1642 1633 1746 1684 quod

224 1699 287 1737 vel
318 1698 474 1736 numeri
505 1698 651 1738 diversi
682 1699 870 1748 arguunt.

902 1813 939 1854 7.
974 1812 1078 1866 [21]

343 1899 512 1937 Pausan.
545 1898 622 1937 VII
662 1900 732 1946 20‘,
773 1900 815 1937 4:
857 1896 979 1937 Βουσὶ
1022 1894 1096 1950 γὰρ
1135 1900 1284 1952 χαίρειν
1323 1897 1485 1952 μάλιστα
1521 1896 1747 1940 Ἀπόλλωνα

219 1959 396 2010 Ἀλκαῖός
426 1977 464 2002 τε
496 1960 690 2014 ἐδήλωσεν
721 1962 763 2002 ἐν
782 1959 914 2016 Ι’Ύμνῳ
946 1965 998 2018 τῷ
1029 1964 1083 2011 εἰς
1109 1959 1277 2017 Ἑρμῆν,
1317 1962 1493 2018 γράψας,
1533 1961 1586 2013 ὧς
1617 1961 1637 2006 ὅ
1662 1962 1747 2018 Ἑρ-

224 2031 299 2080 μῆς
341 2029 439 2080 βοῦς
481 2024 662 2080 ὑφέλοιτο
705 2030 774 2068 τοῦ
814 2024 1069 2076 Ἀπόλλωνος.
1131 2029 1207 2068 Sed
1251 2031 1469 2080 Porphyrio
1513 2030 1563 2068 ad
1607 2031 1745 2070 Horat.

224 2093 294 2133 Od.
321 2093 340 2131 I
371 2095 435 2144 10,
463 2096 506 2133 9:
539 2094 700 2145 „fabula
729 2093 827 2132 haec
859 2094 993 2131 autem
1024 2094 1074 2132 ab
1100 2094 1247 2134 Alcaeo
1273 2096 1376 2145 ficta,
1409 2098 1448 2134 et
1473 2096 1619 2134 iterum
1646 2097 1746 2135 Mer-

224 2159 356 2198 curius
389 2159 535 2198 idcirco
568 2159 743 2198 traditur
778 2157 938 2196 furandi
975 2160 1172 2208 repertor,
1213 2159 1305 2210 quia
1349 2160 1494 2210 oratio,
1538 2160 1650 2199 cuius
1687 2161 1745 2199 in-

224 2226 366 2264 ventor
399 2226 472 2274 est,
504 2225 655 2263 animos
688 2223 934 2262 audientium
964 2222 1106 2275 fallit“,
1136 2237 1213 2263 non
1246 2225 1294 2264 de
1326 2221 1458 2276 bo'um,
1484 2225 1553 2263 sed
1578 2224 1627 2263 de
1652 2225 1749 2274 pha:

225 2291 356 2328 retrae
393 2289 500 2328 furto
539 2290 661 2329 verba
699 2289 828 2327 facere
865 2288 1041 2340 videtur,
1078 2289 1118 2328 id
1156 2289 1261 2340 quod
1293 2290 1411 2328 etiam
1445 2290 1547 2329 Voss
1579 2290 1747 2340 Mythol.

225 2355 358 2392 Briefe
389 2355 409 2393 I
443 2357 524 2394 101
560 2357 711 2403 censet,
742 2361 980 2404 quamquam
1011 2353 1108 2404 alia,
1139 2367 1240 2404 quae
1270 2354 1327 2392 ibi
1358 2354 1556 2404 exposuit,
1588 2355 1745 2393 omnino

225 2420 495 2469 improbanda.
559 2421 670 2460 Hanc
701 2420 871 2458 alteram
894 2419 1021 2469 igitur
1045 2419 1227 2459 fraudem
1253 2419 1420 2459 Lesbius
1444 2421 1563 2469 poeta
1594 2420 1746 2470 excogi-

225 2485 344 2534 tavit,
383 2486 428 2523 ut
466 2487 642 2523 veterem
679 2485 825 2523 famam
857 2482 1082 2534 exornaret,
1120 2497 1288 2535 eumque
1326 2484 1504 2534 sequitur
1543 2484 1746 2535 Horatius,

225 2549 294 2599 qui
324 2562 394 2598 per
426 2551 556 2589 totum
588 2563 747 2589 carmen
777 2549 913 2588 Alcaei
944 2548 1117 2599 vestigia
1146 2549 1263 2599 legit,
1303 2550 1349 2588 cf.
1381 2561 1482 2599 quae
1512 2549 1617 2588 idem
1648 2550 1744 2588 Por-

225 2615 368 2666 phyrio
411 2615 622 2665 adscripsit
658 2617 707 2654 ad
745 2629 781 2654 v.
818 2617 857 2653 1:
903 2614 1110 2664 „Hymnus
1150 2615 1188 2652 in
1228 2614 1467 2653 Mercurium
1505 2615 1554 2653 ab
1598 2614 1744 2654 Alcaeo

225 2679 350 2729 lyrico
381 2677 535 2729 poeta.“
596 2680 800 2730 Fabulam,
832 2679 1163 2728 quemadmodum
1193 2678 1363 2718 Alcaeus
1396 2679 1606 2727 enarravit,
1638 2679 1744 2718 vide-

227 2746 293 2782 tur
333 2745 492 2783 tradere
534 2744 662 2783 Schol.
694 2745 809 2782 Hom.
842 2743 887 2781 Il.
923 2743 957 2782 Ο
989 2745 1092 2783 256:
1127 2739 1273 2795 Ἑρμῆς
1309 2738 1330 2783 ὁ
1369 2739 1465 2790 Διὸς
1500 2741 1566 2782 καὶ
1609 2743 1745 2792 Μαίας

225 2810 293 2859 τῆς
320 2806 528 2857 ’Ἄτλαντος
560 2802 646 2860 εὗρε
683 2804 826 2862 λύραν,
863 2805 928 2847 καὶ
964 2804 1055 2855 τοὺς
1088 2803 1330 2855 ’Λπόλλωνος
1366 2803 1462 2859 βόας
1499 2806 1646 2859 κλέψας
1682 2803 1745 2848 εὗ-

228 2871 326 2925 ρέθη
359 2869 436 2914 ὑπὸ
468 2876 537 2914 τοῦ
569 2876 669 2914 θεοῦ
701 2870 767 2914 διὰ
797 2875 865 2926 τῆς
896 2875 1093 2926 μαντικῆς.
1142 2868 1396 2920 ἀπειλοῦντος
1433 2869 1475 2912 δὲ
1510 2874 1579 2913 τοῦ
1613 2869 1746 2912 Ἀπόλ-
