1864 3126
749 119 1030 158 ANACREON.
1573 118 1658 163 281

623 305 1161 352 ΕΠΙΓΡΑΜΜΑΤΑ.

726 419 820 463 100.
855 417 951 474 [Ep.
988 417 1069 477 15.]

218 499 450 559 ’Λβὸήρων
481 500 774 559 προθανόντα
806 499 886 546 τὸν
918 504 1127 559 αι’νοβιήν
1157 499 1394 558 Ἀγάθωνα

281 570 386 618 πᾶσ’
423 572 493 619 ἐπὶ
523 575 744 630 πυρκαϊῆς
774 570 860 631 ἥδ’,
887 572 1045 631 ἐβόησε
1075 571 1219 625 πόλις·

221 643 380 689 οὔτινα
411 642 496 702 γὰρ
528 643 707 689 τοιόνδε
738 643 856 690 νέων
889 642 913 689 ὁ
946 647 1214 702 φιλαίματος
1234 642 1371 706 ’Ἇρης

280 715 495 774 ἠνάρισεν
527 718 741 774 στυγερῆς
773 717 822 762 ἐν
854 715 1149 775 στροφάλιγγι
1181 714 1336 774 μα’χης.

719 850 815 893 101.
848 849 946 906 [Ep.
982 849 1068 903 14.]

223 941 450 1002 Καρτερός
479 937 537 1001 ἦν
567 942 778 1001 πολέμοις
812 943 1093 1002 Τιμόκριτος,
1126 938 1183 989 οὗ
1214 942 1317 989 τόδε
1349 945 1486 1001 σᾶμα·

270 1013 407 1073 ’Ἄρης
438 1012 479 1060 δ’
516 1015 598 1060 οὐκ
627 1013 818 1072 ἀγαθῶν
848 1018 1067 1082 φείδεται,
1100 1013 1214 1061 ἀλλὰ
1246 1018 1409 1061 κακῶν.

126 1171 223 1217 quod
247 1174 288 1207 ut
312 1171 478 1217 eruditus
502 1172 602 1207 omni
625 1181 751 1216 genere
775 1172 914 1208 artium
939 1171 1058 1218 lyram
1088 1182 1227 1218 quoque
1259 1171 1431 1207 didicisse
1455 1171 1659 1206 videbatwr.

127 1218 244 1265 quue
267 1222 302 1255 et
332 1219 570 1256 Anacreon
601 1219 709 1255 dicit:
738 1215 888 1265 Ἀγχοῦ
920 1222 995 1255 κτλ.
1031 1227 1074 1245 -’-
1106 1217 1143 1254 δ’
1172 1218 1353 1265 Αἰγείὸεω
1386 1218 1518 1264 scripsi
1543 1221 1582 1253 et
1607 1218 1661 1253 sic

128 1267 209 1302 cod.
235 1266 368 1311 Guelf„
395 1266 509 1313 vulgo
535 1266 599 1302 δαὶ
625 1267 703 1302 τοῦ.
743 1266 843 1303 Olim
863 1267 1006 1303 conieci
1031 1263 1153 1313 ἀγχοῦ
1180 1263 1217 1302 δ’
1246 1265 1398 1312 αἰητοῦ,
1424 1266 1526 1312 quod
1546 1265 1662 1301 Vatcr

128 1314 167 1350 in
193 1313 313 1350 Iahnii
344 1313 485 1350 Archiv
517 1314 622 1351 XVII
655 1318 724 1350 208
751 1314 936 1360 probavit.
987 1313 1158 1351 Ceterum
1183 1314 1356 1350 Meineke
1387 1314 1486 1350 hunc
1511 1324 1661 1349 versum

127 1364 254 1445 celnset
285 1362 531 1399 Anacreontis
561 1362 718 1399 iunioris
750 1373 861 1408 esse„
879 1362 943 1408 qui
969 1362 1232 1399 Astronomica
1257 1361 1417 1408 scripsit,
1448 1361 1522 1398 vid.
1551 1360 1660 1398 Anal.

127 1411 159 1445 A
176 1420 231 1445 ex.
257 1413 338 1446 240.

223 1504 577 1551 Epigrammata.
627 1505 770 1541 Horum
796 1505 1119 1542 carminumsatis
1149 1505 1293 1542 incerta
1317 1506 1541 1542 auctoritas:
1571 1515 1660 1540 nam

129 1552 160 1589 si
187 1552 444 1598 segregaveris
470 1553 600 1599 aperte
624 1553 785 1598 novicia,
810 1553 916 1589 velut
942 1557 1021 1588 115.
1051 1557 1128 1597 116,
1155 1555 1194 1590 et
1219 1553 1265 1589 de
1291 1553 1425 1599 quibus
1445 1563 1582 1598 anceps
1602 1555 1661 1588 cst

127 1599 318 1644 iudicium,
344 1600 450 1636 velut
475 1604 555 1643 113,
583 1600 697 1636 etiam
723 1611 778 1645 ea,
798 1611 894 1646 quae
914 1600 1152 1646 antiquitatis
1171 1600 1335 1647 speciem
1352 1612 1443 1647 prae
1463 1612 1502 1636 se
1521 1600 1658 1644 ferunt,

129 1648 307 1693 pleraque
333 1659 357 1683 a
375 1648 604 1694 mystagogis
628 1648 810 1684 incertam
829 1647 1083 1685 coniecturam
1104 1648 1327 1685 facientibus
1348 1646 1576 1685 Anacreonti
1594 1647 1661 1684 ad-

126 1695 264 1741 scripta
289 1696 386 1739 sunt,
411 1695 496 1731 vide
520 1695 570 1731 ad
598 1699 675 1732 104.
715 1696 845 1742 Itaque
869 1695 931 1733 vel
956 1695 1021 1732 ubi
1045 1696 1224 1742 temporis
1250 1696 1414 1732 rationes
1427 1707 1506 1742 -non
1525 1695 1658 1732 adver-

127 1746 267 1786 santur,
293 1753 430 1788 anceps
455 1742 642 1779 iudicium.
693 1744 886 1790 Leguntu'r
910 1743 1090 1790 pleraque
1116 1743 1293 1780 continuo
1320 1743 1450 1780 ordine
1476 1743 1515 1779 in
1540 1743 1654 1779 Anth.

125 1790 205 1826 Pal.
232 1789 283 1825 VI
311 1794 507 1834 131—145‚
533 1791 633 1827 haud
658 1791 770 1828 dubie
795 1802 841 1827 ex
865 1791 1110 1828 Anacreontis
1137 1792 1343 1828 carminum
1368 1791 1595 1828 editionibus
1620 1790 1660 1826 in

127 1838 277 1884 eclogas
302 1837 614 1884 epigrammatum
639 1839 841 1884 translata,
873 1839 939 1875 sed
964 1839 1198 1886 segreganda
1228 1841 1315 1875 sunt
1339 1839 1413 1875 duo
1439 1838 1660 1883 novissima3
1707 1881 1710 1884 ,

126 1896 214 1921 nam
241 1889 309 1921 144
333 1897 454 1931 neque
479 1887 723 1923 Anacreontis
748 1898 828 1923 esse
846 1887 984 1933 potest,
1010 1897 1093 1923 cum
1114 1887 1158 1923 'ea
1177 1887 1303 1923 aetate
1322 1887 1527 1923 Academia
1547 1886 1661 1922 fuerit

127 1932 230 1969 locus
255 1932 437 1978 incultus,
468 1935 511 1970 ut
540 1934 617 1970 iam
648 1945 682 1970 a.
711 1937 802 1970 1834
834 1933 979 1979 monui,
1011 1937 1051 1971 et
1080 1935 1239 1971 iteratur
1268 1935 1368 1971 infra
1391 1936 1480 1981 post
1510 1933 1562 1969 VI
1588 1938 1657 1970 213

126 1980 224 2016 inter
250 1980 451 2016 Simonidis
477 1981 766 2028 epigrammata,
799 1981 974 2018 ultimum
999 1982 1126 2019 autem
1153 1986 1221 2018 145
1247 1983 1296 2019 ab
1329 1982 1562 2018 Anacreonte
1594 1993 1660 2028 pa-

127 2027 219 2063 riter
243 2030 358 2074 atque
383 2029 430 2065 ab
455 2028 647 2065 Simonide
672 2029 848 2068 alienum.
896 2029 1103 2066 Turbatam
1129 2030 1227 2066 hunc
1253 2030 1376 2066 locum
1395 2030 1434 2066 in
1453 2030 1660 2075 archetypo

126 2075 239 2111 fuisse
271 2075 414 2112 indicat
444 2076 579 2112 lacuna
610 2079 695 2122 post
721 2081 788 2113 143
819 2077 860 2112 in
891 2076 1020 2114 codice
1052 2079 1092 2114 et
1121 2080 1214 2114 nota
1244 2078 1283 2114 in
1316 2089 1433 2123 marg.
1469 2078 1660 2122 adscripta

127 2119 174 2158 οὔ
197 2124 318 2159 λείπει
343 2120 392 2164 ὥς
417 2121 522 2171 οἶμαι
547 2121 594 2160 οὖ
667 2121 850 2161 ἐνταῦθα.
888 2124 1009 2171 Igitur
1031 2126 1118 2172 post
1144 2129 1210 2162 143
1236 2126 1378 2162 inserta
1403 2127 1511 2161 erant
1537 2124 1656 2160 Simo-

126 2170 224 2206 nidis
255 2171 549 2216 epigrammata‚
576 2182 609 2208 e⁴
648 2172 756 2208 uibus
781 2184 897 2208 unum
921 2183 1141 2219 germanum
1167 2175 1266 2219 (144)
1293 2175 1475 2220 superest,
1502 2172 1562 2207 cui
1593 2171 1656 2207 ad-

128 2217 258 2253 haeret
280 2217 445 2254 alienum
477 2220 587 2266 (145).
663 2219 859 2256 xciderunt
889 2222 1038 2266 praeter
1069 2220 1271 2258 Simonidis
1303 2221 1470 2258 carmina
1500 2221 1659 2256 fortasse

128 2264 243 2300 ctiam
271 2276 383 2300 unum
409 2266 469 2302 vel
494 2266 653 2303 alterum
680 2267 936 2304 Anacreontis.

221 2359 348 2406 Epigr.
378 2363 455 2396 100.
507 2361 620 2397 Anth.
645 2361 725 2398 Pal.
751 2362 820 2398 VII
845 2367 926 2399 226.
955 2363 1054 2400 Corr.
1083 2360 1345 2408 Ἀνακρέοντος
1379 2362 1516 2409 Τηΐου,
1550 2362 1576 2398 C
1604 2360 1660 2402 εἰς

124 2404 318 2453 Ἀγάθωνα
344 2405 572 2454 στρατιώτην
598 2405 640 2445 ἐν
661 2404 861 2456 Ἆβδ’ροις.
911 2410 954 2446 V.
983 2415 1001 2446 1
1029 2413 1069 2447 ct
1092 2416 1113 2447 2
1141 2410 1274 2447 Suidas
1301 2422 1333 2446 v.
1362 2409 1554 2458 Αἰνοβίαν,
1581 2422 1614 2445 v.
1635 2414 1657 2445 3

127 2458 166 2492 et
191 2458 214 2491 4
239 2467 271 2492 v.
296 2451 492 2502 Ἠνάρισεν
517 2454 635 2492 affert.
664 2477 707 2482 —
768 2486 776 2495 .
801 2461 836 2494 2.
862 2453 928 2504 ἥδ’
957 2455 1106 2507 ἐβόησε,
1133 2459 1280 2494 Hecker
1304 2453 1368 2504 ἧδ’
1397 2454 1608 2505 ἐπέβησε.

222 2549 347 2610 Epigr.
378 2554 456 2586 101.
494 2543 619 2587 'Antn
652 2550 730 2588 Pal.
763 2550 832 2587 Vn
866 2556 944 2589 160.
964 2551 991 2588 C
1023 2551 1078 2594 εἰς
1111 2550 1337 2599 Τιμόκριτον
1371 2548 1659 2597 ἀριστεύσαντα,

127 2608 220 2634 corr.
256 2596 522 2643 Ανακρέοντος,
557 2619 600 2625 -
633 2597 675 2634 V.
707 2604 736 2634 1.
771 2593 820 2645 ἦν
852 2599 998 2646 scripsi,
1030 2599 1227 2647 legebatur
1251 2597 1311 2643 ἐν,
1338 2599 1403 2636 sed
1429 2600 1499 2635 hac
1524 2599 1661 2636 vocula

128 2645 247 2681 multo
278 2645 425 2682 facilins
463 2639 647 2690 oarefinus,
679 2657 790 2692 quam
822 2647 946 2683 verbo.
998 2648 1056 2683 Ita
1080 2649 1139 2683 est
1161 2647 1261 2693 apud
1288 2647 1489 2683 Homerum
1519 2643 1661 2693 κύμασι

130 2692 196 2728 καὶ
220 2691 382 2742 πολέμῳ,
408 2693 474 2730 Od.
502 2694 586 2730 XIV
612 2697 681 2729 222
706 2698 807 2735 τοῖος
832 2689 866 2729 ἔ’
894 2691 937 2730 ἐν
961 2692 1111 2743 πολέμῳ
1143 2695 1240 2731 male
1266 2694 1396 2731 addita
1419 2694 1660 2740 praepositio,

131 2751 359 2786 quamquam
384 2741 489 2778 verbi
514 2741 636 2778 forma
660 2741 854 2788 ambigua3
880 2738 990 2824 μᾶχῖῐ
1006 2752 1075 2825 pi?
1100 2738 1142 2778 ἐν
1161 2739 1261 2798 μάχῃ
1287 2741 1436 2798 saepius
1461 2742 1571 2826 affl
1581 2742 1656 2779 Ho-

1104 2802 1125 2825 κ
1151 2801 1300 2830 ατιστος
1362 2802 1387 2824 α
1413 2803 1438 2825 α
1573 2817 1580 2825 .
1612 2810 1658 2817 -

128 2834 231 2889 σᾶμα
256 2835 297 2881 Ρ,
323 2836 423 2881 quod
441 2847 516 2873 non
534 2837 768 2882 mutandum,
787 2847 875 2873 nam
894 2835 1091 2881 nescimus,
1117 2802 1175 2873 οἵιί
1196 2836 1279 2872 urbi
1299 2802 1524 2875 de‘sstissatum
1545 2836 1660 2875 fuerit

127 2892 367 2928 eplgramma.

132 2797 289 2832 merum,
320 2789 359 2824 et
389 2788 571 2825 Pindarus
603 2799 751 2835 quoque
782 2789 890 2824 Nem.
922 2789 951 2824 V
