1864 3126
225 113 312 154 496
536 132 537 135 ’
799 112 991 149 ΡΟΕΤΑΕ
1015 114 1193 151 MELICI.

860 223 956 266 146.
989 224 1123 276 [204.]
1664 236 1756 268 1174

332 301 526 358 Μνήμην
559 299 601 345 δ’
637 301 794 346 οὔτινά
827 321 940 360 φημι
973 307 1206 362 Σιμωνίδῃ
1240 307 1515 362 ἰσοφαρίζειν

387 370 732 427 ὀγδωκονταέτει
764 374 890 417 παιδὶ
923 375 1220 431 Λεωπρέπεος.

816 517 864 523 -·
904 494 1000 536 147.
1034 494 1166 547 [203]

320 567 480 630 Ἦρχεν
510 571 791 630 Ἀδείμαντος
822 573 902 630 μὲν
931 573 1206 631 Ἀθηναίοις,
1239 574 1303 619 ὅτ’
1339 577 1460 620 ε’νίκα

380 641 593 701 Ἀντιοχὶς
625 644 744 702 φυλὴ
779 644 1018 690 δαιδάλεον
1048 649 1255 704 τρίποδα·

324 715 594 770 Ξεινοφίλου
627 715 676 760 δὲ
707 715 812 760 τόθ’
847 714 945 768 υίὸς
973 715 1240 774 Ἀριστείδης
1272 717 1471 775 ἐχορήγει

383 785 643 842 πεντήκοντ’
677 785 861 844 ἀνδρῶν
891 786 1002 831 καλὰ
1035 787 1229 844 μαθόντι
1260 791 1395 849 χορῷ·

278 868 298 898 5
324 854 438 912 ἀμφὶ
471 859 734 916 διδασκαλίῃ
769 857 817 902 δὲ
849 861 1083 916 Σιμωνίδῃ
1117 859 1268 902 ἕσπετο
1300 861 1437 910 κῦδος

383 926 728 1018 ὀγδωκονταέτει
761 928 886 972 παιδὶ
919 929 1216 987 Λεωπρέπεος.

229 1057 487 1092 testimonium
506 1058 732 1103 adscriptum
751 1058 915 1103 legisset,
929 1055 1078 1094 verba
1062 1072 1082 1093 o
1103 1055 1144 1093 τὸ
1166 1057 1397 1104 μνημονικὸν
1418 1056 1540 1104 ευρών
1558 1072 1754 1107 perperam

229 1105 506 1149 interpretatus,
527 1105 630 1150 quasi
651 1106 764 1150 poeta
783 1106 978 1150 octoginta
997 1117 1112 1141 annos
1138 1107 1247 1141 natus
1268 1106 1363 1142 hanc
1383 1108 1501 1143 artem
1519 1109 1754 1154 repperisset,

229 1151 396 1187 edolavit
432 1152 504 1186 hoc
541 1151 736 1188 distichon.
794 1152 965 1188 Ceterum
997 1153 1131 1188 Kaibel
1167 1164 1223 1198 ep.
1253 1157 1319 1188 147
1357 1155 1547 1199 egregium
1579 1158 1617 1191 et
1645 1158 1758 1212 poeta

228 1198 381 1244 dignum
414 1198 622 1244 existimat,
659 1211 780 1244 neque
815 1199 854 1234 in
892 1211 949 1245 ep.
979 1203 1044 1235 145
1081 1199 1355 1236 animadvertit.
1389 1222 1432 1227 —
1464 1202 1507 1238 V.
1536 1207 1567 1238 1.
1606 1200 1755 1259 μνήμην

227 1247 351 1291 vulgo,
359 1245 503 1303 μνήμῃ
532 1247 607 1282 ΓΘ.
635 1267 678 1272 -
706 1245 955 1301 ἰσοφαρίζειν,
990 1248 1023 1282 Θ
1060 1246 1296 1292 ἰσοφερίζειν.
1337 1269 1379 1274 -
1418 1248 1461 1284 V.
1490 1253 1520 1284 2.
1567 1252 1602 1284 Γ
1634 1246 1754 1295 ὀγδω-

229 1291 423 1338 κονταέτη.
445 1314 487 1319 -
508 1292 755 1338 Λεωπρέπεος
773 1293 912 1348 scripsi,
934 1307 967 1329 v.
988 1293 1246 1339 Λεωπρεπέος.
1287 1294 1491 1330 Nominum
1509 1297 1755 1342 propriorum,

227 1351 323 1422 qubae
350 1342 548 1423 1praeterea
578 1341 753 1377 adiectivi
784 1341 866 1377 vice
891 1341 1113 1386 funguntur,
1139 1341 1244 1377 velut
1269 1338 1489 1388 Εὗπρεπής,
1514 1344 1582 1389 al.,
1607 1343 1756 1380 diversa

228 1399 265 1423 es
309 1399 350 1423 ra
370 1399 404 1423 10

321 1471 448 1516 Epigr.
477 1475 554 1506 147.
607 1472 705 1507 Max.
730 1470 832 1506 Plan.
860 1471 977 1506 Walz.
1004 1471 1037 1506 V
1062 1475 1148 1507 543.
1177 1466 1297 1513 Οὗτος
1318 1470 1356 1530 (ὁ
1383 1475 1661 1531 Σιμωνίδης)
1684 1471 1757 1509 πά-

228 1530 294 1563 σης
321 1516 532 1578 ἐπιστήμων
557 1519 753 1575 ποιητικῆς
785 1518 849 1553 καὶ
882 1519 1072 1578 μουσικῆς
1092 1515 1270 1565 ὑπῆρχεν,
1304 1518 1353 1560 ὡς
1385 1518 1427 1556 ἐκ
1432 1519 1636 1578 νεότητος
1666 1518 1754 1566 ἄχρι

229 1564 350 1610 γήρως
377 1563 417 1619 ἐν
444 1570 520 1606 τοῖς
545 1562 663 1611 αγῶσι
688 1566 793 1615 νικᾷ·
820 1562 869 1606 ὦς
894 1565 958 1601 καὶ
983 1564 1024 1602 τὸ
1055 1564 1269 1612 ἐπίγραμμα
1295 1569 1410 1612 δηλοῖ.
1432 1561 1590 1614 Ἠρχεν
1615 1571 1689 1604 κτλ.
1716 1569 1755 1603 ef·

172 1642 174 1644 ,
227 1614 350 1648 Tzetz.
376 1612 414 1648 in
441 1612 559 1649 Cram
586 1615 653 1648 An.
683 1613 748 1648 Ox.
755 1602 830 1647 III
855 1617 935 1658 353,
956 1618 988 1649 4.
1017 1634 1060 1639 —
1086 1614 1129 1650 V.
1150 1617 1171 1649 5
1199 1616 1237 1649 et
1264 1619 1284 1649 6
1311 1614 1498 1651 Plutarch.
1526 1626 1573 1650 an
1599 1615 1678 1651 seni
1703 1615 1755 1650 sit

226 1672 321 1705 resp.
348 1672 424 1705 ger.
451 1672 481 1696 c.
508 1665 528 1695 3
555 1661 673 1697 affert.
699 1661 809 1706 Resp.
836 1660 919 1696 Val.
948 1660 1043 1696 Max.
1071 1661 1159 1695 vm
1186 1666 1371 1705 7‚13.—
1398 1663 1440 1696 V.
1472 1668 1500 1698 1.
1524 1659 1756 1708 Ἀδείμαντος

227 1706 296 1752 μὲν
329 1707 579 1753 ΤΖο1ΖἾμὲν
613 1673 845 1752 Ἀδείμαντος
870 1709 975 1743 Plan.
1002 1729 1046 1733 —
1073 1708 1115 1743 V.
1142 1712 1177 1744 2.
1214 1707 1333 1745 T.zetz
1373 1707 1472 1755 φυλὴ
1501 1706 1682 1768 Ἅντιοχίς.
1707 1730 1755 1736 -

230 1754 272 1789 V.
300 1759 331 1790 3.
358 1756 471 1800 Resp.
490 1755 587 1790 Plut.
608 1755 674 1790 vit.
695 1754 813 1790 Alcib.
835 1767 864 1791 c.
883 1760 914 1790 1.
929 1754 1031 1791 -δε
1057 1754 1147 1791 τόθ’
1175 1757 1317 1813 scripsi,
1343 1757 1457 1802 vulgo
1482 1755 1525 1792 δέ
1549 1770 1615 1801 τις,
1641 1757 1754 1793 Ηο111·

228 1801 430 1837 sterhusius
462 1800 504 1837 δέ
534 1815 609 1847 τοι,
650 1802 798 1838 Hecker
828 1804 865 1838 et
897 1803 1154 1838 Schneidewin
1192 1800 1230 1838 δ’
1264 1801 1330 1844 ἐΰς
1373 1806 1471 1849 quod
1509 1804 1658 1840 omnino
1696 1805 1755 1840 est

226 1849 512 1894 repudiandum.
544 1870 591 1875 ——
622 1848 666 1885 V.
694 1853 724 1885 5.
764 1851 985 1895 διδασκαλίῃ
1018 1850 1116 1885 Plut.
1144 1851 1283 1896 Tzetz„
1322 1852 1546 1887 διδασκαλία
1578 1852 1681 1887 Plan.
1708 1871 1753 1877 —-

229 1896 271 1931 V.
267 1861 325 1931 PR»
352 1896 474 1931 Tzetz.
495 1897 533 1931 et
551 1897 694 1931 nonulli
719 1896 805 1932 libri
829 1897 932 1932 Plan.
959 1879 1283 1942 ὄγδοηκονταέτει.
1299 1888 1604 1945 -Λεωπρέπεος
1616 1899 1752 1943 Tzetz„

227 1943 341 1989 vulgo
367 1942 624 2020 Λεωπρεπέος

323 2037 450 2084 Epigr.
479 2041 556 2073 148.
601 2037 712 2074 Anth.
739 2038 817 2075 Pal.
845 2038 932 2074 XIII
957 2042 1019 2074 28:
1052 2039 1100 2074 ab
1132 2039 1262 2075 eadem
1296 2039 1420 2075 omnia
1444 2051 1558 2075 manu
1582 2006 1753 2085 Καλλιμέι

229 2094 414 2133 ἔνιτωαυῖ
445 2094 748 2143 Α’μετριάσυλλα.
811 2099 1099 2143 Βακχυλίδου
1137 2094 1160 2143 ἢ
1198 2099 1477 2144 Σιμωνίδου.
1531 2100 1683 2134 τωυαυὶ
1708 2096 1751 2134 Δ’

227 2177 557 2251 μέτρωτετραμετρ
596 2176 683 2226 ομοὶ
713 2193 762 2215 τω
797 2177 835 2216 ἒί
862 2194 925 2226 μοι
955 2179 1102 2227 γένοιτο
1133 2159 1285 2227 παρθεῖι
1309 2179 1404 2227 καλή
1435 2188 1474 2216 τε
1506 2177 1583 2216 καὶ
1602 2179 1753 2227 τέρεινα

227 2240 311 2285 μιᾶι
337 2238 379 2275 δε
406 2253 476 2285 μον
502 2237 611 2275 συλλα
636 2237 804 2283 πλεοναξ
837 2238 920 2276 ἐπιτ
946 2238 987 2275 Δ
1018 2238 1087 2276 οὐκ
1121 2239 1199 2298 ἔχει
1232 2240 1370 2298 ίαμβον
1395 2236 1478 2275 ἄλλ’
1505 2235 1752 2275 ανάπαιστον.

228 2287 411 2323 Simonidi
441 2287 604 2322 tribuere
639 2287 785 2323 videtur
810 2284 1448 2347 81οΡ11.ΒΥΖ.0.ν.Ἀκαμάντιον·
1488 2284 1656 2322 ἐκαλεῖτο
1687 2286 1753 2322 καὶ

228 2332 327 2379 φυλὴ
351 2331 571 2380 Ἀκαμαντὶς
590 2335 656 2380 τῆς
677 2331 845 2380 Ἀττικῆς,
872 2349 922 2375 ως
946 2336 1180 2381 Σιμωνίδη
1191 2348 1219 2376 ς.
1264 2335 1337 2370 Sed
1362 2334 1477 2370 etiam
1503 2334 1536 2370 si
1559 2334 1751 2380 recepit-um

226 2381 298 2416 fuit
330 2382 559 2436 poematium
590 2382 630 2417 in
660 2382 835 2428 antiquas
870 2383 1053 2418 editiones
1088 2349 1382 2418 Simonideorum
1421 2381 1643 2426 carminum,
1678 2391 1752 2416 non

225 2431 352 2464 tamen
366 2441 433 2474 per
452 2429 577 2464 omnia
594 2429 653 2464 his
673 2429 888 2465 auctoribus
909 2430 1252 2475 obtemperandum,
1272 2440 1315 2464 ac
1334 2429 1522 2464 fortasse'
1511 2440 1587 2464 1am
1606 2429 1749 2464 veteres

227 2476 463 2521 grammatici
482 2476 735 2521 ambigebant,
761 2478 885 2512 utrum
906 2477 1052 2522 Bacchy
1053 2477 1140 2512 lidis
1159 2487 1206 2511 an
1226 2476 1425 2512 Simonidis
1444 2478 1549 2520 esset,
1575 2486 1749 2520 quorsum

229 2525 366 2559 lemma
391 2523 491 2559 istud
514 2523 664 2559 videtur
697 2526 875 2569 spectare.
927 2524 1153 2568 Simonides,
1186 2523 1251 2569 qui
1283 2523 1470 2559 subtiliter
1499 2522 1590 2568 quid
1620 2522 1752 2558 deceat

227 2571 363 2615 ubique
383 2571 610 2616 perpendere
629 2571 760 2606 solitus
774 2573 865 2615 erat,
884 2573 1103 2617 argumento
1117 2571 1323 2607 leviusculo
1337 2582 1410 2606 non
1422 2535 1524 2606 tamq
1514 2581 1531 2604 s
1558 2569 1750 2605 lendidum

228 2620 399 2653 ornatum
419 2618 599 2653 orationis
618 2617 852 2672 adhibiturus
872 2621 963 2663 erat,
983 2630 1101 2663 neque
1122 2618 1298 2654 credibile
1318 2619 1385 2662 est,
1406 2628 1491 2653 eum
1509 2627 1532 2650 a
1547 2616 1604 2652 ius
1616 2618 1750 2661 poetae

227 2665 420 2701 victoriam
439 2665 635 2710 praeconio
655 2665 861 2701 ornavisse.
878 2666 1014 2711 itaque
1035 2665 1288 2718 abrogandum
1303 2675 1432 2700 censeo
1447 2663 1679 2718 epigramma
1693 2663 1748 2699 Si-

227 2712 379 2756 monidi,
406 2713 471 2748 sed
484 2712 699 2757 Bacchylidi
713 2724 777 2748 cur
790 2713 1041 2748 abiudicemus
1060 2711 1155 2747 nihil
1181 2714 1237 2748 est
1261 2723 1412 2747 causae.
1440 2722 1527 2746 nam
1552 2710 1747 2755 antiquum

228 2770 307 2794 esse
332 2760 371 2793 in
398 2761 528 2804 aperto
553 2762 620 2796 est.
676 2759 905 2796 Callimacho
930 2760 1099 2795 tribuunt
1122 2759 1238 2805 vulgo
1267 2759 1375 2794 huius
1412 2759 1546 2803 poetae
1584 2757 1749 2793 editores

229 2808 381 2858 piopter
405 2806 687 2852 inscriptionem
712 2808 792 2843 cod.
813 2807 854 2851 P,
879 2807 945 2843 sed
971 2808 1018 2843 ab
1043 2806 1375 2842 Alexandrinorum
1401 2805 1541 2840 saeculi
1565 2804 1690 2840 indole
1710 2804 1750 2839 et

227 2851 406 2888 institutis
431 2855 541 2898 plane
568 2855 759 2901 abhorret,
785 2856 897 2899 atque
923 2854 1060 2890 lemma
1085 2853 1333 2899 suspicionem
1356 2852 1469 2888 istam
1493 2852 1605 2898 plane
1624 2851 1750 2887 redar—
