1864 3126
223 123 312 165 402
532 131 534 134 “
786 121 979 181 ΡΟΕΤΑΕ
1003 121 1180 159 MELI‘CI.

220 235 341 284 τείας,
367 235 549 274 Meineke
562 230 848 351 ΞΕχεκρατίδος)
868 230 966 282 υἱός.
1005 233 1085 274 Καὶ
1103 233 1333 286 Σιμωνίδης
1351 233 1394 274 ἐν
1417 230 1590 286 Θρήνοις
1609 230 1741 287 (Vulc.

219 296 379 352 ὕμνοις,
412 312 486 339 om.
519 300 591 338 M.

799 427 881 459 ΕΙΣ
905 426 1165 460 ANTIOXON.

877 509 1086 562 34.[48]

339 605 505 645 Aristid.
537 606 557 644 Ι
585 607 690 645 127:
720 607 846 653 Ποῖος
875 607 994 645 ταῦτα
1019 606 1246 658 Σιμωνίδης
1269 602 1482 657 θρηνήσει;
1512 605 1569 653 τίς
1593 604 1746 645 Πίνδα-

222 685 307 723 ρος;
347 674 466 710 ποῖον
506 668 618 722 μέλος
647 665 672 722 ἢ
704 666 822 724 λόγον
858 671 1037 709 τοιοῦτον
1073 666 1241 722 ε’ξευρών
1274 670 1511 722 Στησίχορος
1548 665 1661 722 (libri
1690 669 1746 717 τίς

223 731 356 788 χορὸς)
388 732 500 783 ἄξιον
532 733 744 787 φθέγξεται
772 730 952 775 τοιούτου
977 729 1154 786 πάθους;
1186 735 1281 775 ποία
1307 732 1350 774 δὲ
1375 731 1549 786 Δύσηρις
1577 729 1745 784 Θετταλὴ

221 802 380 840 τοσοῦτο
405 798 556 847 πένθος
587 798 805 851 ἐπένθησεν
836 795 898 838 ἐπ’
928 795 1112 853 Ἀντιόχῳ
1143 796 1419 851 τελευτήσαντι,
1451 795 1546 839 ὅσον
1574 800 1648 838 νῦν
1675 813 1746 850 μη-

221 863 280 917 τρὶ
309 863 355 919 τῇ
387 862 527 905 τούτου
557 863 709 913 πένθος
733 861 949 917 πρόκειται;
981 877 1083 914 quae
1111 878 1159 903 ex
1185 864 1396 904 Simonidis
1422 865 1595 902 carmine
1620 864 1748 913 petilza

222 943 310 969 esse
330 931 444 970 docet
464 930 593 969 Schol.
613 931 810 969 Theocrilz.
832 930 927 968 XVI
948 931 1022 969 34:
1055 927 1202 969 Πολλοὶ
1221 928 1263 969 ἐν
1284 925 1499 981 Ἀντιόχοιο
1525 922 1662 979 δόμοις
1682 925 1749 967 καὶ

221 991 389 1042 ἄνακτος
409 991 564 1045 Ἀλεύα]
593 990 614 1034 ὁ
641 993 685 1034 δὲ
703 991 899 1048 Ἀντίοχος
920 992 1193 1048 Ἐχεκρατίδου
1219 990 1295 1047 (sic
1315 995 1367 1044 M,
1392 995 1515 1043 vulgo
1536 989 1749 1045 Ἐχεκρατί-

223 1056 310 1114 δος)
336 1058 400 1099 καὶ
420 1054 647 1113 Δυσήριδος
667 1055 743 1112 (sic
762 1061 960 1111 Valesius,
985 1059 1147 1111 Σίριδος
1166 1061 1206 1098 Μ
1228 1060 1326 1100 Gen.
1344 1060 1383 1111 b,
1409 1055 1583 1111 Σύριδος
1607 1054 1748 1111 vulgo)

221 1121 310 1172 υίὸς
340 1117 405 1176 ἦν,
438 1121 491 1173 ὥς
523 1136 621 1177 φησι
645 1125 883 1176 Σιμωνίδης.

784 1263 865 1296 ΕΙΣ
891 1262 1193 1297 ΛΤΣΙΜΑΧΟΝ.

882 1334 1091 1387 35.[49]

343 1432 577 1482 Harpocrat.
613 1433 709 1481 174,
744 1433 816 1470 15:
859 1426 1054 1481 Ταμύναι·
1092 1431 1283 1483 Αἰσχίνης
1318 1425 1415 1469 κατὰ
1451 1430 1750 1480 Κτησιφῶντος·

224 1493 336 1544 πόλις
361 1495 463 1536 ε’στὶν
489 1495 532 1536 ἐν
557 1493 716 1551 Εὐβοίᾳ
741 1495 784 1536 ἓν
808 1498 854 1549 τῇ
879 1492 986 1550 χώρα
1010 1496 1088 1534 τῶν
1108 1490 1333 1547 Ἐρετριέων
1358 1494 1402 1533 αἱ
1427 1490 1619 1546 Ταμύναι,
1649 1491 1751 1532 ἔνθα

223 1561 289 1601 καὶ
319 1557 427 1613 ἱερὸν
454 1558 717 1611 Ἀπόλλωνος,
750 1556 802 1608 ὦς
833 1560 878 1600 οἴ
900 1575 939 1600 τε
969 1555 1014 1599 τὰ
1041 1555 1226 1611 Εὐβοϊκὰ
1256 1554 1480 1612 γράψαντες
1511 1560 1748 1611 μαρτυροῦσι
1777 1572 1864 1603 1129

224 1625 288 1665 καὶ
321 1627 550 1679 Σιμωνίδης
580 1623 655 1680 (sic
687 1626 891 1677 Valesius,
922 1626 1062 1677 Σίμων
1092 1621 1224 1678 codd.)
1264 1624 1308 1665 ἐν
1343 1626 1397 1679 τῷ
1434 1625 1489 1672 εἰς
1519 1623 1752 1675 Λυσίμαχον

225 1688 292 1731 τὸν
320 1687 512 1743 Ἐρετριέα
548 1689 702 1747 Θρήνῳ.
765 1691 823 1730 Cf.
857 1690 971 1730 Phot.
1005 1693 1101 1740 568,
1138 1692 1191 1729 14
1225 1692 1266 1730 et
1297 1684 1405 1729 Susd.
1437 1703 1473 1729 v.
1508 1685 1697 1740 Ταμύναι.

886 1901 1093 1953 36.[51]

327 2254 445 2299 Οὐδὲ
476 2253 562 2312 γὰρ
595 2257 642 2297 οἳ
669 2251 888 2310 πρότερόν
920 2250 1018 2295 ποτ’
1054 2251 1276 2305 ἐπέλοντο,

324 2327 447 2370 θεῶν
479 2323 524 2369 δ’
560 2326 603 2378 ἐξ
634 2322 840 2368 ἀνάκτων
873 2322 1078 2379 ἐγένονθ’
1113 2317 1206 2373 υἷες
1236 2318 1434 2377 ἡμίθεοι,

326 2396 497 2441 ἄπονον
530 2394 630 2440 οὐδ’
666 2394 865 2452 ἄφθιτον
898 2392 997 2438 οὐδ’
1033 2392 1279 2437 ἀκίνδυνον
1309 2395 1411 2448 βίον

327 2469 370 2520 ἐς
400 2470 539 2526 γῆρας
570 2467 766 2519 ἐξίκοντο
797 2466 1088 2516 τελέσσαντες.

327 2634 385 2670 Fr.
412 2637 468 2668 36.
519 2631 620 2667 Stob.
646 2630 772 2667 Floril.
793 2630 944 2666 XCVIII
972 2633 1031 2665 15:
1058 2629 1321 2674 Σιμωνίδου
1348 2623 1535 2680 Θρήνων
1561 2625 1646 2670 (hoc
1666 2624 1751 2661 add.

232 2681 357 2724 Vinci,
383 2682 415 2715 A
441 2691 512 2716 om.
538 2681 662 2714 totum
685 2679 846 2723 locum)..
863 2698 906 2703 -—
934 2677 976 2712 V.
1006 2681 1023 2712 1
1051 2687 1126 2720 seq.
1158 2676 1329 2720 Hartung
1360 2674 1412 2710 sic
1443 2685 1482 2708 m
1505 2673 1628 2708 artum
1653 2672 1755 2707 rede-

234 2728 291 2772 git
315 2727 352 2763 οἳ
376 2725 561 2772 πρότερόν
585 2738 675 2761 ποτε
702 2725 806 2760 θεῶν
834 2722 872 2767 ἐξ
898 2721 1074 2759 ἀνάκτων
1101 2720 1277 2759 ἐκέλοντο
1296 2722 1432 2760 παῖδες
1449 2717 1594 2777 ἄπονον
1614 2722 1697 2775 κτλ,
1711 2739 1754 2775 —‚

234 2775 277 2810 V.
304 2779 335 2809 2.
370 2770 547 2819 ἐγένονθ’
583 2772 854 2817 Schneidewin,
893 2772 1005 2816 vulgo
1039 2768 1226 2815 ἐγένοντο.
1260 2790 1303 2795 -
1335 2767 1381 2804 V.
1412 2772 1444 2803 3.
1477 2779 1623 2802 απονον
1654 2767 1726 2801 ουδ
1745 2794 1754 2811 ,

233 2822 346 2866 vulgo
371 2819 517 2856 ἄπονον
538 2816 641 2855 οὐδὲ.
663 2840 705 2862 ε-
732 2819 776 2855 V.
798 2823 830 2854 4.
856 2817 1094 2858 τελέσσαντες
1112 2817 1255 2862 scripsi,
1281 2815 1392 2860 vulgo
1411 2812 1636 2858 τελέσαντες,
1661 2813 1755 2848 Har-

234 2870 329 2912 tung
353 2867 502 2904 traiecit
526 2865 742 2907 τελέσαντες
768 2865 822 2907 εἰς
845 2867 962 2927 γῆρας
987 2863 1165 2908 ἐξίκοντο.
