1864 3126
794 150 1028 195 ALCAEUS.
1595 147 1680 191 155

299 259 349 305 τὸ
383 258 426 305 δ’
462 262 613 305 ἔνθεν·
648 257 787 317 ἄμμες
819 257 860 303 δ’
896 256 954 303 ἄν
984 257 1035 304 τὸ
1068 258 1234 316 μέσσον

300 333 380 376 νᾶι·
409 330 651 390 φορήμεθα
683 329 769 376 σὺν
801 333 1008 390 μελαίνᾳ,

194 415 215 447 5
241 405 423 461 χείμωνι
455 405 732 461 μοχθεῦντες
763 400 940 461 μεγάλῳ
973 400 1110 459 μάλα·
1179 419 1186 427 ·

240 490 321 532 περ
353 474 434 532 μὲν
466 473 552 533 γὰρ
585 472 746 532 ἄντλος
778 474 1017 518 ἰστοπέδαν
1050 476 1158 532 ἔχει,

301 549 462 602 λαῖφος
493 544 543 590 δὲ
573 543 664 590 πὰν
698 531 890 602 ζάδῆλον
922 543 1010 602 ἤδη

302 616 375 661 καὶ
407 614 585 670 λάκιδες
615 616 803 675 μέγαλαι
834 613 929 660 κατ’
965 610 1093 660 αὖτο·

243 687 418 746 χόλαισι
451 686 494 733 δ’
530 686 749 746 ἅγκοιναι.

826 785 893 830 19.
926 785 1003 839 [3.]
1618 795 1684 827 937

249 865 310 911 Τὸ
343 861 477 924 δηῦτε
508 868 627 924 κῦμα
658 869 750 912 τῶν
782 867 1011 926 προτέρων
1045 865 1137 912 ὅνω

244 942 424 997 στείχει,
457 939 633 995 παρέξει
666 936 708 983 δ’
744 937 856 996 ἄμμι
887 937 1032 1001 πόνον
1064 938 1209 984 πόλυν

310 1009 505 1068 ἅντλην,
538 1011 635 1056 ἐπεί
661 1027 710 1055 κε
725 1012 852 1063 -νᾶος
883 1011 994 1069 ἑμβᾷ

308 1081 496 1141 νή(ατα).

151 1199 331 1249 ἐνόμισαν
366 1198 410 1238 τὰ
443 1201 497 1243 εἰς
528 1216 567 1249 μι
599 1199 724 1238 πάντα
755 1202 822 1248 τῆς
852 1200 1023 1243 Αἰολίδος
1061 1198 1161 1237 εἶναι
1199 1200 1416 1238 διαλέκτου·
1455 1198 1572 1247 πολλὴ
1614 1199 1686 1247 γάρ

151 1247 252 1286 ἐστιν
275 1247 367 1295 παρ’
388 1247 519 1291 αὐτοῖς
544 1247 566 1296 ἡ
594 1249 648 1291 εἰς
673 1263 714 1296 μι
739 1246 955 1296 κατάληξις·
982 1247 1130 1295 γέλαιμι
1154 1245 1227 1295 γὰρ
1253 1249 1317 1285 καὶ
1343 1246 1550 1295 άσυνέτημι
1579 1251 1684 1294 φασί.

152 1298 282 1343 Neque
312 1308 400 1334 vero
432 1298 628 1343 acquiesco
659 1298 697 1333 in
729 1297 800 1334 hac
833 1298 1065 1341 coniectura;
1105 1297 1261 1333 offendit
1297 1297 1460 1333 insolens
1500 1300 1687 1333 structura

151 1344 276 1392 (epist.
297 1348 319 1381 4
345 1345 527 1382 Heracliti
552 1341 600 1381 ἂν
627 1344 669 1382 δὲ
696 1342 804 1392 ὑμεῖς
829 1342 1033 1390 άξυνετῆτε
1061 1343 1262 1391 γράμματα
1289 1345 1540 1390 suspicionem
1567 1345 1688 1390 magis

151 1394 295 1437 movet,
326 1405 438 1439 quam
469 1395 601 1439 arcet),
636 1389 680 1429 οὗ
721 1393 901 1439 συνέτημι
933 1390 1061 1428 στάσιν
1093 1393 1177 1438 plus
1209 1393 1459 1429 excusationis
1497 1393 1688 1429 habuerit:

151 1441 217 1477 sed
261 1441 379 1477 multo
417 1441 538 1487 magis
576 1441 732 1477 offendit
768 1441 1005 1477 incommoda
1048 1439 1253 1476 sententia:
1296 1452 1384 1476 nam
1421 1441 1687 1497 tempestatem

152 1490 318 1525 coortam
350 1488 510 1534 quilibet
541 1488 818 1525 animadvertit.
869 1488 1023 1524 Poterat
1053 1489 1168 1534 poeta
1198 1488 1320 1524 dicere
1352 1483 1378 1533 ἦ
1410 1485 1446 1533 ῤ’
1475 1501 1521 1523 ου
1554 1489 1688 1533 συνιήν

152 1549 182 1571 τ.
202 1532 238 1572 ά.
259 1534 405 1580 στάσιν;
431 1537 455 1572 i.
482 1547 514 1572 e.
539 1547 662 1572 nonne
687 1536 762 1572 iam
787 1537 874 1571 ante
899 1535 1246 1572 animadvertebam
1270 1536 1564 1582 tempestatem?
1590 1535 1689 1571 haud

153 1595 269 1619 vanus
301 1596 382 1619 sum
413 1594 548 1630 augur,
587 1583 651 1630 qui
689 1584 855 1619 futurum
886 1583 1094 1628 periculum
1125 1583 1232 1620 vobis
1265 1582 1392 1620 cecini.
1445 1583 1616 1619 Fortasse
1649 1583 1689 1618 in

153 1631 310 1667 eandem
336 1631 560 1668 sententiam
587 1630 823 1667 scribendum
851 1625 916 1667 Εὖ
942 1630 1230 1690 συν(ν)έτησα
1262 1631 1335 1666 τῶν
1368 1627 1520 1677 άνέμων
1546 1627 1687 1667 στάσιν.

152 1679 276 1715 Antea
307 1678 515 1724 suspicatus
548 1690 630 1715 sum
663 1676 879 1718 Δασύνεται
910 1676 1064 1715 πάντων
1095 1676 1248 1725 άνεμων
1281 1676 1404 1724 στάσι,
1441 1679 1465 1716 i.
1499 1689 1529 1714 e.
1562 1678 1690 1714 horret

154 1726 298 1763 coelum
330 1726 392 1763 vel
417 1726 542 1773 potius
574 1738 693 1763 mare:
729 1738 815 1763 nam
848 1724 1053 1763 δασύνεται
1083 1726 1225 1762 nudum
1256 1737 1331 1762 non
1362 1725 1482 1772 magis
1514 1726 1690 1770 insolens,

154 1785 267 1820 quam
300 1771 466 1820 ἐνίκησε,
503 1774 578 1810 alia
609 1773 649 1810 icl
679 1785 812 1821 genus..
857 1775 1035 1811 Horatius
1062 1774 1129 1810 Od.
1156 1773 1172 1809 I
1200 1778 1244 1810 14
1275 1774 1347 1810 hoc
1373 1774 1504 1810 Alcaei
1539 1784 1690 1810 carmen

154 1821 381 1866 aemulatur,
415 1822 480 1858 sed
507 1822 700 1858 exordium
724 1822 958 1868 immutavit,
987 1823 1030 1858 ut
1054 1822 1141 1857 inde
1166 1821 1220 1858 nil
1245 1821 1375 1858 auxilii
1400 1824 1530 1868 petere
1556 1821 1687 1867 possis.

155 1890 197 1896 -—
226 1869 269 1905 V.
297 1874 329 1907 3.
355 1869 525 1916 Respicit
548 1870 621 1906 huc
645 1869 769 1916 Apoll.
796 1870 842 1906 de
868 1881 974 1917 pron.
1002 1882 1038 1916 p.
1066 1873 1134 1906 379
1150 1870 1189 1905 B.
1222 1890 1267 1896 —
1300 1867 1365 1914 άν,
1391 1869 1535 1906 Ahrens
1560 1866 1616 1906 ὄν.
1645 1890 1689 1895 -

154 1916 292 1964 μέσσον
317 1917 515 1954 Blomfield
546 1917 630 1962 alii,
662 1917 750 1954 libri
780 1916 913 1964 μέσον,
952 1917 1112 1954 Cocond.
1138 1915 1238 1964 α”μμε
1266 1916 1308 1954 δὲ
1335 1915 1376 1953 τὸ
1403 1916 1519 1964 μέσον
1545 1916 1622 1954 αἰεὶ
1647 1931 1686 1963 φ.

155 1977 185 2000 σ.
207 1962 349 2011 μέλανι.
372 1985 415 1991 „-
443 1964 486 2001 V.
508 1969 540 2001 5.
567 1965 802 2012 μοχθεῦντες
827 1965 987 2011 Heracl„
1013 1963 1214 2011 μογέοντες
1233 1965 1331 2010 Οοο.,
1358 1965 1501 2001 Ahrens
1526 1962 1689 2012 μόχθεν-

154 2025 225 2057 τες.
255 2033 295 2039 -
323 2010 423 2059 μάλα
444 2012 539 2058 Coc.‚
566 2010 687 2049 καλὰν
706 2013 852 2049 Heracl.
879 2013 959 2056 (AB
982 2011 1106 2058 καλά),
1132 2013 1220 2049 hinc
1238 2013 1435 2049 Blomfield
1454 2011 1579 2049 κάλων
1605 2025 1690 2049 con·

155 2060 255 2097 iecit.
277 2081 323 2087 —
351 2060 392 2096 V.
414 2065 446 2097 6.
472 2073 543 2107 περ
569 2060 770 2106 Hermann,
797 2061 910 2107 vulgo
936 2060 1052 2107 παρὰ,
1079 2061 1143 2096 ΑΒ
1169 2058 1278 2107 περὰ,
1306 2060 1501 2096 Blomfield
1528 2058 1604 2105 πὰρ
1631 2060 1690 2096 vel

155 2109 283 2144 πᾶσαν
309 2106 378 2154 μὲν
404 2104 549 2150 ἄντλος.
577 2129 619 2135 -
647 2108 691 2144 V.
719 2113 750 2144 7.
776 2106 854 2144 πὰν
881 2109 1037 2153 Ahrens‚
1063 2120 1096 2143 v.
1124 2109 1213 2144 πᾶν.
1241 2129 1284 2135 -
1312 2106 1474 2154 ζάδηλον
1501 2119 1585 2143 cum
1611 2119 1689 2154 per-

157 2167 287 2202 peram
312 2155 579 2202 interpretatus
605 2158 704 2192 esset
728 2156 901 2203 Hartung
925 2156 1122 2192 substituit
1145 2153 1326 2201 ὃαλητόν,
1355 2156 1499 2191 Ahrens
1526 2154 1690 2199 ζάὸαλον

158 2203 317 2249 scripsit.
349 2224 394 2230 -
433 2203 476 2239 V.
503 2207 536 2240 8.
570 2200 733 2249 χόλαισι,
766 2204 853 2240 libri
877 2207 1040 2251 χολαῖσι,
1072 2204 1205 2250 χαλᾶσι
1230 2203 1396 2239 Ursinus.
1433 2224 1474 2228 ——
1513 2201 1692 2248 α”γκοιναι

156 2250 304 2296 scripsi,
330 2251 526 2296 legebatur
545 2248 724 2297 ἄγκυραι,
750 2263 845 2297 quae
871 2251 1055 2288 vocabula
1079 2251 1174 2288 alias
1200 2262 1348 2309 quoque
1374 2263 1397 2287 a
1421 2249 1585 2286 librariis
1610 2262 1690 2296 per-

157 2298 320 2343 mutata3
359 2298 492 2334 vitium
523 2310 598 2335 non
628 2299 846 2344 procuravit
877 2299 919 2336 G.
948 2299 1097 2335 Curtius
1129 2295 1314 2345 άγκυραις
1346 2298 1564 2335 coniiciens:
1601 2309 1689 2333 nam

158 2357 232 2382 non
257 2347 316 2382 est
340 2345 442 2382 locus
466 2356 637 2391 ancorae,
663 2357 747 2382 cum
774 2347 879 2383 navis
906 2348 1133 2393 tempestate
1165 2346 1339 2382 laborans
1369 2346 1408 2381 in
1438 2345 1563 2382 medio
1596 2346 1689 2381 mari

157 2394 337 2430 versatur.
375 2390 549 2439 ’Ἀγκοινα
575 2390 765 2440 (άγκοίνη)
790 2394 890 2430 funis
916 2396 988 2439 est,
1025 2406 1099 2439 quo
1124 2395 1288 2430 antenna
1312 2394 1361 2430 ad
1386 2393 1527 2429 malum
1554 2393 1690 2439 religa-

159 2442 236 2486 tur,
263 2441 309 2477 cf.
335 2440 487 2477 Boeckh
513 2441 707 2477 Seewesen
731 2453 768 2487 p.
797 2446 875 2478 132.

259 2489 317 2525 Fr.
340 2492 394 2524 19.
433 2488 621 2525 Hcraclid.
641 2499 672 2524 c.
692 2491 731 2525 5:
752 2485 909 2535 Ὁμοίως
933 2488 975 2525 δὲ
1004 2487 1049 2525 τὰ
1075 2486 1149 2525 ὑπὸ
1170 2486 1305 2525 τούτου
1326 2490 1550 2534 (Μυρσίλον)
1576 2486 1690 2523 αἰνιτ-

160 2533 319 2582 τόμενος
338 2532 592 2582 ἕτέρωθίπου
611 2533 727 2594 λέγει·
758 2535 816 2572 Τό
844 2535 891 2573 δὲ
920 2531 968 2573 εὖ
988 2550 1035 2583 γε
1063 2537 1183 2582 κῦμα
1209 2536 1264 2584 τῷ
1290 2536 1493 2584 προτέρῳ
1519 2548 1689 2581 νεομω-

159 2584 306 2630 στίχει
338 2582 528 2630 παρέξει
560 2582 607 2620 δὲ
640 2597 749 2630 αμμι
777 2581 929 2620 πόνων
955 2582 1126 2630 πολλὴν
1151 2582 1318 2629 α”ντλην
1353 2585 1463 2629 (quae
1488 2586 1693 2627 sequuntur

161 2631 276 2677 vulgo
300 2632 398 2668 male
424 2631 472 2668 ad
491 2632 578 2668 Her.
603 2631 810 2667 orationem
836 2631 1073 2676 referebanv,
1101 2629 1202 2667 ἐπεὶ
1228 2631 1303 2666 καὶ
1329 2629 1436 2672 ναὸς
1463 2628 1689 2679 ἐμβαίνει.

161 2676 392 2725 Κατακόρως
422 2675 464 2715 ἐν
490 2683 572 2720 ταῖς
596 2675 835 2725 ἀλληγορίαις
859 2675 879 2715 ὁ
905 2676 1089 2725 νησιώτης
1119 2676 1351 2714 θαλασσεύει
1376 2678 1441 2713 καὶ
1468 2675 1512 2714 τὰ
1538 2680 1691 2714 πλεῖστα

159 2726 235 2762 τῶν
261 2725 325 2762 διὰ
352 2723 440 2768 τοὺς
464 2725 674 2773 τυράννους
706 2723 918 2772 ἐπεχόντων
950 2726 1076 2762 κακῶν
1107 2726 1300 2771 πελαγίοις
1331 2725 1507 2772 χειμῶσιν
1539 2722 1692 2769 εἰκάζει.

161 2794 205 2800 -
226 2773 270 2809 V.
294 2778 324 2818 1.
353 2768 467 2820 δηῦτε
495 2774 651 2820 Seidler,
676 2774 749 2809 τῶν
775 2772 967 2819 προτέρων
988 2773 1143 2815 Seidler.
1169 2771 1244 2809 ὄνω
1271 2777 1350 2818 cgo'
1367 2773 1521 2817 correxi,
1548 2773 1692 2810 Seidler

157 2816 240 2866 ὅμω
267 2822 438 2866 coniecit,
464 2821 528 2857 AB
547 2819 631 2858 τόδ’
659 2815 744 2858 εὖτε
772 2835 805 2858 κ.
826 2835 876 2856 τω
902 2819 1068 2866 προτέρω
1094 2820 1209 2866 νέμω,
1234 2820 1422 2856 Hermann
1448 2821 1499 2869 τῷ
1522 2819 1690 2869 προτέρῳ

160 2867 260 2913 νέον,
286 2869 457 2906 Gaisford
477 2870 527 2918 τῷ
546 2868 713 2916 προτέρῳ
732 2866 860 2915 ’νέμω,
886 2868 1060 2904 similiter
1079 2868 1185 2904 Blass
1210 2868 1260 2903 τῶ
1280 2865 1448 2913 προτέρω
1464 2865 1581 2914 ’νέμω
1601 2880 1690 2904 casu

159 2916 294 2961 pau-io.
315 2936 359 2943 —
386 2917 430 2953 V.
451 2921 482 2953 2.
510 2918 647 2963 στείχει
667 2906 877 2963 Blomfield‚
904 2920 1051 2962 στοιχεῐ
1061 2915 1218 2969 Abrens,
1245 2915 1332 2952 libri
1351 2916 1476 2962 στίχει.
1499 2937 1542 2944 -
1570 2913 1690 2952 πόνον
