1864 3126
235 182 319 226 162
548 183 550 187 ’
798 183 990 230 POETAE
1017 184 1194 222 MELICI.

839 294 907 336 36.
942 294 1147 347 [33:32]
1685 306 1755 339 942

323 371 437 416 'AM'
473 371 621 430 ἀνήτω
654 373 734 430 μὲν
766 374 865 431 περὶ
896 383 991 427 ταῖς
1023 375 1223 432 δέραισιν

326 445 524 501 περθέτω
556 445 759 497 πλέκταις
788 443 1076 502 ὐποθύμιδάς
1105 463 1191 502 τις,

327 517 412 558 καδ
444 515 494 559 δὲ
525 515 694 572 χευάτω
727 515 872 574 μύρον
903 511 992 560 ἆδυ
1021 534 1101 561 κατ
1131 520 1192 562 τῶ

386 586 575 643 στήθεος
605 586 727 644 ἄμμι.

876 673 930 714 37
948 672 997 714 A.
1031 673 1106 726 [5.]

764 752 855 797 Τὸν
885 752 1188 811 κακοπάτριδα

327 825 550 867 Πίττακον
582 822 735 875 πόλιος
765 826 843 875 τᾶς
875 822 1037 880 διχόλω
1069 824 1143 867 καὶ
1175 827 1506 882 βαρυδαίμονος

327 893 567 938 ἐστάσαντο
598 893 824 951 τύραννον
856 892 951 950 μέγ’
987 895 1264 948 ἐπαινέοντες
1294 894 1484 949 ἀόλλεες.

876 1002 931 1045 37
947 1001 995 1044 Β.
1029 1003 1104 1056 [6.]

350 1088 465 1138 Diog.
497 1089 630 1128 Laert.
662 1089 681 1127 I
714 1091 767 1128 81
807 1085 930 1141 (unde
967 1088 1104 1127 hausit
1142 1101 1214 1127 sua
1252 1089 1394 1129 Suidas
1431 1104 1469 1129 v.
1500 1085 1755 1141 Σαράπους);

235 1153 385 1191 Τοῦτον
407 1148 643 1206 (Πιττακὸν)
665 1149 842 1201 Ἀλκαῖος
868 1149 1116 1204 σαράποδα
1147 1151 1218 1205 μὲν
1246 1153 1311 1193 καὶ
1337 1151 1445 1207 (lege
1463 1150 1510 1205 ἢ)
1541 1149 1756 1205 σάραπον

232 1211 346 1269 (Ood.
376 1217 488 1258 Cant.
521 1215 718 1270 σύραπον,
750 1219 938 1268 Hartung
970 1214 1192 1273 συρόποδα)
1224 1212 1419 1259 ἀποκαλεῖ
1444 1215 1510 1258 διὰ
1540 1215 1582 1258 τὸ
1613 1214 1756 1258 πλατύ-

232 1296 338 1321 πουν
375 1278 475 1322 εἶναι
511 1282 578 1322 καὶ
614 1279 812 1335 ἐπισύρειν
849 1279 902 1322 wi
939 1279 1052 1332 πόδε,
1091 1281 1380 1336 χειροπόδην
1427 1281 1470 1323 δὲ
1507 1279 1573 1322 διὰ
1610 1279 1677 1330 τὰς
1713 1281 1757 1322 ἐν

231 1349 313 1394 τοῖς
337 1346 456 1386 ποσὶν
486 1344 674 1400 ραγάδας,
704 1343 752 1395 ἀς
776 1344 958 1400 χειράδας
983 1344 1151 1388 ἐκάλουν
1177 1344 1243 1402 (cf.
1269 1350 1333 1387 E’n.
1359 1350 1411 1388 Μ.
1438 1350 1535 1398 810,
1558 1350 1631 1387 27:
1663 1350 1755 1387 Χεῖ-

233 1425 318 1462 ραι,
349 1411 394 1450 αἱ
421 1410 464 1450 ἐν
493 1415 575 1460 τοῖς
603 1410 723 1472 ποσὶν
753 1409 931 1465 ραγάδες.
962 1411 1028 1452 καὶ
1058 1410 1282 1465 χειρόποδες
1313 1412 1354 1453 οἷ
1381 1427 1482 1452 ουτω
1513 1408 1604 1460 τούς
1627 1408 1755 1460 πόδας

232 1473 529 1528 κατερρωγότες,
569 1473 655 1518 οἷον
692 1475 925 1531 ραγόποδες·
962 1492 1043 1518 non
1077 1481 1213 1518 tamen
1249 1480 1461 1528 propterea
1498 1471 1723 1529 χειροποδ
1730 1493 1756 1516 α

231 1542 770 1594 corrigendum3Ha1-tung
810 1538 1030 1595 χιραπόδην
1071 1539 1277 1598 requirit),
1319 1558 1407 1596 γαν
1417 1557 1524 1594 ρικα
1567 1537 1755 1596 (Menage

233 1662 394 1706 Ahrens,
425 1661 539 1706 vulgo
566 1658 791 1707 ἐπιτρέπειν.
825 1682 868 1687 -
904 1658 1105 1708 ἀσάμενοι,
1144 1662 1171 1695 Β
1197 1658 1396 1707 ἀσάμενος.
1430 1683 1472 1688 -
1509 1661 1552 1697 V.
1580 1665 1613 1696 3.
1639 1658 1755 1706 Βύκχι

234 1708 574 1754 Schweighaeuser,
607 1708 652 1744 cf.
678 1709 750 1753 Ety
753 1710 839 1745 mol.
868 1710 915 1745 Μ.
941 1722 978 1755 p.
1003 1714 1084 1752 216,
1110 1712 1174 1752 47,
1212 1709 1275 1743 ΑΡ
1302 1710 1433 1754 Βυκχί,
1471 1709 1500 1743 Β
1528 1709 1654 1756 βυγχί,
1690 1709 1753 1744 VL

235 1757 329 1803 βακχ
332 1757 355 1790 ι’.
383 1777 426 1781 -
455 1755 498 1791 V.
523 1760 556 1791 4.
582 1721 785 1801 μεθύσθην
808 1756 918 1802 ΑΒΡ,
943 1736 1188 1802 μεθυσθῆναι
1214 1756 1288 1791 VL.

328 1804 385 1838 F'r.
412 1807 468 1838 36.
519 1802 702 1838 Coniunxi
726 1804 800 1839 duo
823 1804 1036 1848 fragmenta
1060 1804 1098 1839 in
1123 1815 1254 1838 unum.
1280 1815 1314 1838 v.
1342 1807 1360 1837 1
1386 1804 1423 1838 ei:
1447 1806 1468 1837 2
1494 1803 1668 1860 leguntur
1693 1814 1752 1848 ap.

233 1850 368 1886 Athen.
394 1849 461 1884 XV
488 1850 613 1885 6740:
641 1848 824 1886 Ἐκάλουν
856 1849 898 1886 δε
930 1851 994 1886 καὶ
1020 1864 1075 1891 οις
1099 1849 1342 1907 περιεδέοντο
1375 1847 1448 1908 cdv,
1465 1847 1648 1907 τράχηλον
1674 1862 1754 1885 στε-

234 1895 380 1941 φάνους
412 1894 696 1955 ὑποθυμιάδας,
730 1895 779 1938 ὡς
800 1894 997 1938 Ἀλκαῖος
1028 1895 1070 1934 ἐν
1094 1895 1257 1954 τούτοις·
1291 1893 1390 1933 Ἀλλ’
1425 1894 1576 1941 ἀνήτω
1608 1899 1682 1932 κτλ.
1710 1917 1752 1922 -

233 1945 277 1979 V.
307 1948 337 1980 1.
373 1941 455 1979 ἀλλ’
483 1941 608 1989 ἀνήτω
635 1943 703 1989 μὲν
729 1945 985 2001 Casaubonus,
1011 1945 1041 1979 B
1067 1941 1160 1980 ἀλλὰ
1186 1941 1336 2002 ἀννήτω
1362 1957 1448 1990 μεν,
1475 1942 1579 1979 Cant.
1606 1944 1634 1978 L
1660 1941 1754 1979 ἀλλὰ

233 1988 471 2037 ἀννήτωμεν,
505 1991 762 2027 Schneidewin
793 1988 950 2036 ἀνήττω.
983 2012 1027 2018 —
1062 1996 1143 2032 ταῖς
1168 1989 1314 2037 δέραισι
1337 1992 1501 2031 Ahrens
1535 1991 1649 2036 vulgo
1673 1995 1756 2032 ταῖς

235 2039 380 2096 ὃέραις,
416 2038 514 2073 unde
545 2038 635 2074 olim
668 2038 816 2083 scripsit
839 2043 938 2074 ταῖσι
962 2037 1121 2096 ὃὲρραις.
1159 2058 1201 2064 -
1240 2039 1284 2073 V.
1310 2042 1343 2073 2.
1380 2019 1552 2082 περθέτω
1579 2037 1686 2074 cant.
1713 2038 1753 2082 L,

231 2084 410 2130 παρθέτω
432 2085 682 2121 Casaubonus.
703 2106 745 2111 ——-
772 2084 946 2126 πλέκταις
963 2083 1207 2131 ὑποθύμιδας
1226 2084 1433 2129 Blomfield,
1458 2085 1574 2130 vulgo
1592 2082 1754 2125 πλεκτας

233 2132 352 2177 (Cant.
372 2132 400 2166 L
426 2131 599 2189 πλέκτας)
625 2130 905 2189 ὑποθυμιάδας.
926 2154 971 2160 -—-
996 2132 1040 2168 V.
1061 2137 1082 2168 3
1102 2133 1140 2168 ef.
1160 2137 1183 2167 4
1206 2132 1382 2178 leguntur
1406 2132 1505 2188 apud
1531 2131 1665 2168 Athen.
1685 2131 1753 2168 XV

231 2192 267 2225 p.
296 2179 424 2215 6870·
456 2176 617 2220 Ἀλκαῑος
643 2178 734 2225 ἔφη·
766 2177 853 2215 Καδ
878 2177 915 2215 δ’
945 2177 1124 2225 ἐχεὺσατο
1156 2180 1199 2222 (Β
1224 2176 1537 2224 καδδιεχεύσατο,
1564 2178 1591 2214 C
1617 2180 1753 2215 καδδε-

232 2224 384 2273 χεύατο)
409 2224 527 2272 μύρον
554 2224 629 2262 ἁδὺ
656 2227 815 2272 (Ahrens
840 2221 929 2273 ἀδυ)
955 2230 1029 2262 κτλ.
1059 2238 1154 2272 quae
1180 2226 1384 2262 emendavi.
1433 2207 1633 2262 Prae'terea
1655 2236 1752 2272 resp.

233 2288 266 2310 v.
295 2278 313 2310 1
341 2274 474 2309 Pollux
500 2273 550 2308 VI
576 2277 655 2318 107,
681 2286 715 2310 v.
742 2278 762 2309 2
790 2274 913 2310 Schol.
939 2274 1094 2310 Theocr.
1122 2273 1189 2308 VII
1216 2277 1271 2310 63.
1310 2274 1446 2309 Athen.
1472 2274 1541 2309 XV
1565 2273 1692 2309 6781).

326 2322 454 2364 Fr137
474 2321 516 2356 A.
567 2320 860 2357 Arisssot.P01it.
887 2321 937 2356 III
963 2325 996 2364 9,
1023 2325 1061 2357 5:
1098 2320 1179 2357 οἷον
1210 2317 1356 2357 εἵλοντό
1387 2333 1477 2356 ποτε
1503 2322 1751 2377 Μιτυληναῖοι

233 2367 422 2404 Πιττακὸν
454 2366 549 2412 πρὸς
578 2366 666 2409 τοὺς
697 2366 889 2426 φυγάδας,
925 2381 978 2403 ων
1003 2365 1296 2425 προειστήκεσαν
1318 2364 1563 2413 Ἀντιμενίδης
1587 2366 1651 2402 καὶ
1671 2363 1752 2402 Ἀλ-

234 2420 364 2456 natos
389 2412 408 2450 ὁ
435 2413 635 2461 ποιητής.
681 2418 805 2461 Δηλοῖ
823 2413 860 2450 δ’
885 2413 1096 2460 Ἀλκαῖος,
1128 2428 1188 2451 οτι
1211 2412 1439 2471 τύραννον
1472 2415 1652 2450 εἴλοντο
1683 2411 1750 2448 τὸν

236 2460 424 2498 Πιττακὸν
452 2461 493 2497 ἔν
516 2476 590 2498 τινι
623 2463 697 2498 τῶν
729 2463 885 2498 σκολιῶν
917 2463 1053 2508 μελῶν·
1087 2443 1242 2508 ’ἐπιτιμᾷ
1272 2460 1344 2507 γὰρ
1378 2459 1451 2497 ὅτι·
1491 2459 1579 2496 Τὸν
1604 2463 1679 2497 κτλ.
1706 2481 1750 2487 ——

231 2510 276 2546 V.
315 2514 348 2546 2.
386 2507 514 2550 πόλιος
552 2508 828 2553 Schneidewin,
864 2509 977 2555 vulgo
1014 2507 1167 2550 πόλεως.
1211 2529 1255 2535 -
1299 2510 1359 2554 διχ
1361 2507 1434 2544 67.oe
1471 2508 1616 2553 scripsi,
1659 2507 1683 2543 i.
1719 2519 1750 2543 e.

232 2556 431 2602 discordis,
453 2556 775 2613 quemadmodum
807 2558 866 2602 δίχ
870 2559 949 2592 ολοι
979 2570 1054 2602 γνω
1085 2570 1125 2592 αι
1156 2556 1344 2597 dicuntur,
1375 2556 1460 2591 vide
1484 2554 1583 2590 infra
1672 2558 1748 2590 193.

233 2605 355 2649 Atque
380 2585 515 2650 ὃιχόλω
542 2604 654 2639 etiam
681 2571 866 2640 Schmidtz
875 2615 1043 2639 commen
1072 2604 1160 2647 avii),
1186 2600 1307 2649 ἀχόλω
1333 2602 1419 2638 libri
1443 2602 1487 2660 (B
1506 2605 1539 2645 2,
1560 2606 1580 2637 3
1600 2598 1751 2650 αχόλῳ),

233 2651 464 2687 Camerarius
496 2652 535 2686 et
559 2651 761 2686 Schneider
792 2648 862 2696 ἀσχ
865 2648 955 2695 dam,
987 2662 1056 2697 ego
1088 2651 1177 2687 olim
1208 2649 1346 2686 conieci
1374 2647 1525 2694 ζαχόλω.
1564 2669 1608 2675 -
1648 2649 1691 2685 V.
1718 2653 1751 2684 3.

222 2695 489 2755 ἐπαινέοντες,
528 2695 744 2739 έπαίνεντες
780 2699 935 2734 Ahrens.
985 2697 1235 2756 Resp.P1ut
1250 2695 1350 2732 Erot.
1376 2707 1406 2732 c.
1435 2699 1496 2731 18.
1533 2696 1651 2743 Κοινῇ
1684 2693 1750 2731 τὸν

222 2742 370 2790 ’Ἑρωτα
403 2743 726 2802 συνεγγράφουσιν
762 2744 816 2786 εἰς
844 2743 963 2785 θεοὺς
993 2745 1158 2802 ποιητῶν
1196 2741 1235 2780 οἷ
1262 2740 1452 2788 κράτιστοι
1487 2743 1551 2778 καὶ
1587 2745 1750 2788 νομοθε-

231 2793 306 2847 τῷν
343 2792 408 2827 καὶ
439 2791 657 2850 φιλοσόφων
687 2789 842 2852 ἀθρόαι
862 2792 988 2837 φωναὶ
1019 2790 1133 2846 μέγα
1165 2788 1479 2845 ἐπαινέοντες,
1517 2802 1640 2835 ωσπερ
1675 2788 1749 2835 ἔφη

232 2837 298 2873 τὸν
319 2837 509 2874 Πιττακὸν
535 2852 555 2874 ο
581 2842 774 2880 Αλκαῑος
799 2837 992 2895 αἱρεῖσθαι
1016 2837 1102 2879 τοὺς
1121 2838 1398 2883 Μιτυληναίους
1422 2834 1659 2881 τύραννον.
1685 2836 1750 2872 ubi

234 2886 368 2921 Reiske
393 2884 522 2935 ἀθρόᾳ
543 2887 653 2935 φωνᾷ
680 2887 741 2922 vel
765 2883 929 2932 ἀθρόαις
948 2890 1094 2931 φωναῖς
1117 2884 1286 2928 coniecit,
1310 2886 1354 2920 ut.
1372 2884 1499 2920 Alcaei
1525 2884 1600 2920 sini
1624 2884 1749 2928 verba,

231 2932 412 2977 probante
438 2922 730 2969 Schneidev‘vino.
