1864 3126
781 111 1054 149 SIMONIDES.
1601 110 1653 152 51
1666 111 1685 152 l

304 222 515 280 Ἰναχίδαις
548 227 706 280 Θυρεᾶν
735 222 839 280 ἀμφὶ
870 221 1153 279 μαχεσσάμενοι

249 287 418 345 αὐχένας
448 288 498 334 οὐ
530 290 776 345 στρέψαντες,
806 288 887 346 ὅπᾳ
917 287 1042 339 ποδὸς
1073 290 1178 343 ἴχνια
1207 292 1359 343 πρᾶτον

309 352 549 411 ἇρμόσαμεν,
578 354 699 413 ταύτᾳ
728 356 795 397 καὶ
825 356 988 409 λίπομεν
1018 352 1167 410 βιοτάν.

201 430 223 462 6
248 418 383 476 ἄρσενι
414 418 452 462 δ’
481 418 708 475 Ὀθρυάδαο
740 419 854 479 φόνῳ
885 421 1179 475 κεκαλυμμένον
1209 418 1335 462 ὅπλον

307 483 504 541 καρύσσει,
538 486 683 542 Θυρέα,
714 490 807 539 Ζεῦ,
839 488 1182 540 Λακεδαιμονίων.

248 553 292 594 αἰ
321 551 365 594 δέ
393 569 451 603 τις
476 550 663 608 Ἀργείων
692 552 842 608 ἔφυγεν
872 550 1010 607 μόρον,
1040 545 1091 606 ἦς
1121 548 1190 593 ἀπ’
1220 548 1451 604 Ἀδράστου,

309 613 475 675 Σπάρτᾳ
506 615 544 660 δ’
578 615 628 661 οὗ
658 615 702 661 τὸ
731 622 890 671 θανεῖν,
921 615 1019 660 ἀλλὰ
1050 622 1197 673 φυγεῖν
1225 614 1415 666 θάνατος.

877 766 972 810 183.

242 858 380 916 Ἦμερὶ
410 861 707 917 πανθέλκτειρα,
739 860 980 916 μεθυτρόφε,
1012 866 1129 916 μῆτερ
1161 858 1334 915 ὀπώρας,

309 924 429 980 οὔλης
459 924 485 980 ἢ
519 925 678 970 σκολιὸν
700 927 851 983 πλέγμα
881 925 997 981 φύεις
1028 927 1167 978 ἕλικος,

251 995 376 1046 Τηΐου
406 989 595 1047 ἡβήσειας
622 990 916 1046 Ἀνακρείοντος
946 990 1009 1034 ἐπ’
1042 990 1147 1049 ἄκρῃ

307 1056 426 1115 στήλῃ
457 1058 523 1099 καὶ
553 1062 680 1116 λεπτῷ
709 1055 856 1112 χώματι
885 1059 1002 1106 τοῦδε
1032 1055 1181 1110 τάφου·

201 1134 222 1166 5
249 1121 302 1174 ὧς
332 1121 354 1166 ὃ
385 1121 626 1178 φιλάκρητός
655 1140 693 1165 τε
724 1123 790 1165 καὶ
821 1120 1036 1177 οἰνοβαρὴς
1068 1121 1294 1177 φιλόκωμος

199 1234 205 1237 ,
306 1187 526 1243 παννύχιος
555 1187 720 1244 κρούων·
743 1186 816 1242 τὴν
847 1185 1068 1242 φιλόπαιδα
1101 1188 1230 1243 χέλυν,

247 1252 324 1309 κήν
354 1254 473 1309 χθονὶ
503 1251 686 1308 πεπτηὼς
715 1258 891 1308 κεφαλῆς
921 1252 1125 1307 ἐφύπερθε
1156 1254 1314 1309 φέροιτο

308 1318 456 1376 ἆγλαόν
487 1317 645 1374 ὦραίων
675 1317 823 1374 βότρυν
854 1315 924 1360 ἄπ’
959 1317 1210 1375 ἀκρεμόνων,

153 1484 670 1578 Εειέὲἱὲἑέΐξΐῗεὲρῐῖίἒ
682 1483 1688 1577 §52¹31553?¹¹15.0323.2313¹‘{'3{5.1¹203.²3{{3¹3{2523

154 1580 259 1616 cuius
283 1579 478 1626 praecedit
503 1591 664 1616 carmen.
691 1600 736 1606 -
763 1579 806 1615 V.
836 1583 866 1614 1.
893 1577 1112 1639 τριηκόσιοι,
1136 1578 1220 1614 fort.
1247 1576 1468 1623 τριακόσιοι.
1496 1600 1539 1604 -
1573 1591 1686 1615 συνα-

153 1629 316 1683 ρίθμοις,
337 1627 511 1665 Meineke
531 1626 760 1673 ἰσαρίθμοις.
782 1648 825 1652 -
851 1626 890 1662 V.
911 1630 944 1664 2.
971 1627 1176 1672 Ιναχίὸαις,
1201 1626 1231 1661 Ρ
1247 1622 1444 1672 Ἰναχίδας.
1470 1647 1517 1652 -
1538 1627 1690 1673 Θυρεᾶν

157 1676 290 1722 scripsi
321 1675 335 1711 i
403 1686 450 1711 ue
481 1674 596 1712 etiam
627 1675 771 1721 Unger,
805 1686 838 1710 v.
868 1672 1030 1721 Θυρέαν.
1062 1673 1138 1710 vid.
1172 1673 1300 1720 Steph.
1327 1673 1357 1708 B
1390 1686 1424 1711 v.
1454 1673 1583 1719 Θυρέα
1609 1702 1617 1711 .
1645 1701 1653 1709 .
1681 1702 1689 1710 .

157 1721 307 1769 λέγεται
339 1736 390 1759 κα
436 1722 711 1768 πληθυντικῶς.
752 1724 790 1758 et
815 1722 928 1759 Anth.
955 1722 995 1758 P.
1022 1721 1093 1757 VII
1119 1725 1199 1757 721.
1232 1741 1278 1748 —
1311 1721 1353 1757 V.
1380 1726 1413 1758 3.
1446 1718 1523 1772 ὅπᾳ
1549 1724 1593 1768 A,
1625 1722 1690 1758 sed

157 1781 250 1807 corr.
277 1771 316 1807 et
334 1771 389 1807 Pl.
415 1766 506 1807 ὅπα.
527 1791 570 1796 -
597 1771 699 1816 ἴχνια
730 1770 875 1815 πρᾶτον
905 1769 974 1815 PL,
1013 1771 1087 1815 ἴχνι
1112 1766 1291 1815 ἄπραπον
1310 1770 1350 1805 P.
1391 1772 1430 1805 et
1454 1770 1493 1805 in
1518 1782 1566 1806 m.
1584 1781 1686 1806 corr.

156 1819 325 1865 δωρικῶς
348 1815 436 1854 ἀντὶ
460 1818 528 1854 τοῦ
554 1818 712 1863 πρῶτον.
738 1817 888 1854 Hecker
912 1818 1056 1863 πρᾶτον
1081 1814 1199 1858 ποδὸς
1232 1818 1344 1863 ἴχνος.
1373 1838 1416 1843 -
1449 1817 1493 1853 V.
1520 1821 1553 1854 5.
1580 1830 1690 1853 κεκα-

156 1864 361 1912 λυμμένον,
393 1865 653 1902 Schneidewin
683 1863 989 1911 πεπαλυμμένον,
1022 1864 1195 1901 Meineke
1219 1864 1523 1911 πεπαλαγμένον.
1574 1866 1691 1902 Poeta

154 1915 399 1960 conscripum
436 1913 572 1949 dixisse
609 1912 776 1959 videtur,
811 1912 897 1949 fort.
923 1911 1206 1959 κεκολαμμὲνον
1243 1912 1345 1958 quod
1383 1913 1509 1960 Unger
1538 1924 1687 1958 quoque

156 1961 445 2006 commendavit,
471 1960 624 1997 Diibner
647 1973 688 2007 γε
716 1959 926 2007 ανωμένον.
954 1982 998 1987 -
1023 1960 1069 1996 V.
1090 1964 1123 1996 6.
1151 1957 1290 2007 Θυρέα,
1316 1961 1443 2007 Unger
1470 1959 1623 2007 Θυρέαι.
1644 1981 1689 1986 -

155 2008 199 2045 V.
227 2013 259 2046 ’1.
285 2007 329 2045 αἰ
352 2008 512 2054 Brunck‚
538 2006 582 2044 αἰ
603 2007 642 2053 P,
669 1973 714 2045 εί
730 2008 786 2044 Pl.
813 2030 857 2035 —
883 2003 940 2054 ἦς,
965 2008 995 2044 Ρ
1020 2002 1074 2054 ἧς.

250 2115 379 2162 Epigr.
414 2119 494 2153 183.
542 2116 656 2153 Anth.
690 2116 768 2153 Pal.
802 2116 870 2152 V11
900 2120 963 2152 24:
1000 2117 1034 2152 A
1066 2093 1121 2157 εἷς
1153 2093 1202 2152 αξῖ
1235 2116 1471 2162 Σιμωνίδου·
1511 2115 1565 2157 εἰς
1595 2112 1689 2152 ἄνα-

154 2161 316 2209 κρέοντα
353 2161 420 2199 τὸν
458 2161 564 2210 τήἳον
601 2163 763 2209 ποιητὴν
801 2165 849 2200 Σι
879 2165 1036 2200 ωνίὸου·
1076 2163 1103 2199 C
1139 2160 1197 2199 ὅτι
1232 2164 1298 2199 καὶ
1336 2160 1452 2204 αὐτὸς
1486 2165 1688 2210 σιμωνίδης

160 2208 264 2256 τήϊος
288 2204 353 2256 ἦν·
380 2206 477 2247 ὅθεν
501 2211 567 2247 καὶ
592 2208 802 2256 α’νακρέων.
873 2212 897 2247 f.
924 2211 1056 2248 Iriarte
1081 2223 1117 2257 p.
1144 2215 1200 2247 95.
1239 2211 1313 2247 Sed
1337 2222 1458 2256 neque
1479 2213 1549 2247 hoc
1569 2222 1688 2256 neque

159 2258 260 2303 quod
285 2258 455 2304 sequitur
479 2259 597 2305 epigr.
623 2259 873 2296 Simonidem
898 2261 972 2303 est,
1006 2270 1233 2305 quamquam
1264 2259 1311 2294 de
1337 2259 1457 2294 altero
1482 2270 1557 2295 non
1582 2258 1687 2294 dubi-

155 2306 213 2341 tat
244 2305 516 2352 Schneidewin,
541 2306 689 2352 magnis
713 2307 808 2343 illud
833 2307 1007 2343 laudibus
1032 2306 1204 2351 efferens,
1236 2307 1307 2342 hoc
1338 2317 1427 2342 vero
1462 2305 1688 2342 abiudicans.

154 2353 206 2389 At
231 2352 280 2388 ab
305 2351 437 2389 eodem
462 2355 578 2399 poeta
601 2354 802 2399 utrumque
828 2354 1078 2401 compositum
1103 2354 1257 2397 arbitor,
1282 2354 1440 2390 fortasse
1459 2365 1483 2389 a.
1501 2353 1687 2390 Leonida:

158 2412 246 2436 nam
272 2400 374 2446 quod
400 2400 476 2436 ah‘a
506 2402 703 2446 praeterea
734 2402 901 2438 eiusdem
932 2404 1067 2448 poetae
1093 2402 1131 2438 in
1157 2403 1430 2437 Anaereontem
1455 2403 1585 2437 extant
1610 2413 1688 2437 car-

154 2447 267 2491 mina,
300 2459 374 2484 non
408 2448 467 2483 est
498 2446 710 2484 offensioni:
743 2448 841 2485 solet:
864 2449 948 2495 ille,
979 2451 1022 2485 ut
1046 2450 1105 2486 est
1129 2449 1352 2485 luxuriantis
1376 2449 1531 2495 ingenii,
1557 2449 1687 2484 eadem

155 2496 379 2542 argumenta
403 2495 552 2542 saepius
577 2496 751 2540 tractare,
783 2507 895 2542 quem
919 2497 959 2532 in
983 2497 1056 2532 hac
1081 2507 1228 2542 quoque
1260 2508 1300 2532 re
1326 2499 1474 2532 secutus
1500 2499 1558 2532 est
1582 2495 1688 2532 Anti-

154 2545 265 2589 pater
290 2541 478 2588 Sidonius,
504 2542 569 2588 qui
595 2543 711 2579 etiam
735 2542 831 2580 haec
856 2544 938 2600 ipsa
957 2544 1231 2590 epigrammata
1250 2543 1418 2579 imitatus
1438 2546 1505 2579 est.
1528 2564 1571 2570 ——
1593 2543 1638 2579 V.
1657 2548 1688 2580 1.

157 2588 309 2636 ὀπώρας
333 2590 380 2636 Ρ,
413 2586 564 2635 ὀπώρης
587 2590 642 2626 Pl.
676 2590 779 2626 Suid.
805 2603 839 2627 v.
865 2592 978 2637 ημερὶ
1002 2591 1084 2636 (sed
1115 2590 1219 2627 AVE
1241 2588 1416 2636 ὀπώρας).
1451 2613 1492 2617 -
1526 2591 1570 2626 V.
1597 2595 1629 2626 2.
1667 2586 1686 2602 ‘³

157 2666 165 2675 .
188 2666 224 2675 ..
252 2635 364 2684 φύεις
395 2638 529 2674 Suidas
561 2637 639 2681 (sed
670 2637 771 2673 ABV
803 2634 849 2673 οὐ
880 2636 949 2684 λήγ
1002 2665 1010 2674 .
1034 2667 1040 2674 .
1063 2666 1071 2674 .
1104 2637 1246 2684 φύεις),
1278 2634 1302 2683 ἢ
1331 2667 1337 2674 .
1360 2667 1367 2674 .
1390 2666 1396 2673 .
1424 2634 1559 2682 φύσεις
1584 2638 1631 2683 Ρ,

157 2713 165 2721 .
187 2713 194 2721 .
215 2713 225 2722 .
251 2683 386 2730 φύσεις
411 2685 466 2721 Pl.
501 2706 543 2711 —
578 2684 622 2720 V.
649 2689 681 2721 4.
708 2685 848 2733 λεπτῷ,
874 2686 954 2722 Hec
981 2696 1022 2721 er
1045 2686 1145 2734 λιτῷ.
1173 2707 1215 2712 -
1250 2685 1293 2722 V.
1322 2690 1355 2721 5.
1382 2683 1595 2732 φιλόκωμος
1619 2685 1688 2731 PL,

156 2730 380 2779 φίλακώμωι
409 2732 449 2778 Ρ,
486 2733 582 2768 unde
607 2732 835 2769 Boissonade
872 2734 965 2778 φίλα
996 2729 1109 2781 κώμῳ
1141 2733 1291 2769 divisim
1330 2733 1491 2779 scripsit.
1542 2733 1688 2770 Hecker

162 2779 324 2816 coniecit
342 2778 631 2827 φιλοκόμοις
649 2782 930 2826 παννυχίσιν
949 2778 1108 2825 κρούων.
1128 2801 1173 2807 ·-—
1194 2780 1238 2815 V.
1259 2785 1291 2815 6.
1312 2778 1471 2825 κρούων,
1491 2781 1520 2816 Ρ
1539 2782 1688 2827 κροίων,

160 2828 226 2863 sed
252 2841 288 2864 οι
313 2839 336 2864 a
360 2840 408 2864 m.
435 2840 480 2872 s.‚
511 2826 642 2874 κρούοι
666 2827 723 2863 ΡΙ.
755 2849 798 2854 -
831 2827 875 2863 V.
903 2831 935 2863 7.
961 2824 1052 2874 κήν,
1083 2828 1111 2864 Ρ
1136 2840 1160 2864 a
1190 2840 1238 2864 m.
1264 2840 1290 2863 s,
1323 2841 1378 2873 γρ.
1405 2829 1480 2864 καὶ.
1500 2849 1559 2870 ,-
1591 2829 1635 2866 V.
1655 2832 1689 2867 8.

155 2871 304 2924 ὦραίων
336 2876 566 2923 Stephanus,
596 2888 630 2912 v.
658 2872 818 2922 ὡραῖον,
850 2875 879 2911 Ρ
905 2872 1056 2922 ὥραῖον.
