1864 3126
151 187 236 228 ’742
603 185 907 222 FRAGMENTA
933 185 1204 222 ADESPOTA.

150 298 390 337 Callimacho
422 297 631 345 vindicavi,
665 297 740 336 vid.
773 297 935 336 Anthol.
967 298 1043 347 lyr.
1074 298 1122 336 fr.
1159 300 1239 337 198
1273 299 1333 338 ed.
1361 301 1398 338 2.
1433 321 1486 325 —
1519 299 1580 337 Ex
1613 310 1673 338 co-

150 364 303 402 moedia
333 362 515 412 petitum,
547 362 653 411 quod
685 362 845 400 exhibet
875 362 1055 411 Apostol.
1087 362 1223 400 XVIII
1259 364 1302 401 8:

433 446 479 484 A.
542 445 708 495 Χαίροις
732 440 929 496 Ὑψιπύλη
962 445 1068 495 φίλη.

432 511 477 548 Β.
544 505 646 556 Τοὺς
677 505 794 560 ἐμοὺς
825 508 952 549 πλέκω
984 506 1220 561 κορύμβους.

434 575 480 614 Α.
545 570 606 613 Οὔ
638 585 699 613 σοι
730 572 826 626 λέγω
858 574 944 626 περὶ
975 572 1125 615 τούτου.

435 640 482 677 Β.
547 634 692 690 Οὖ’μὸς
723 635 879 691 ἆκοίτης
911 638 1095 680 ἐνταῦθα.

154 723 274 773 vulgo
306 718 530 774 κορύμβους
560 719 686 761 πλέκω
719 724 760 761 et
790 736 827 762 v.
860 724 886 760 4
919 719 1064 770 ἄκοιτις
1097 724 1161 762 vel
1191 719 1282 774 ἥκοι
1313 738 1369 770 τις
1408 723 1576 772 legitur3
1607 722 1676 761 sed

151 791 359 837 praeterea
404 788 563 827 videtur
601 784 649 826 οὔ
688 799 749 827 σοι
791 788 914 827 τῶνδε
950 785 1047 840 λέγω
1084 786 1190 839 πέρι,
1229 780 1350 839 οὗμός
1389 783 1462 826 ἐστ’
1510 783 1673 826 ἐνταῦθ’

151 845 309 902 ἆκοίτης
353 852 617 892 scribendum.
664 874 717 879 —
763 853 875 898 Quod
918 853 1261 902 proceleusmatici
1299 853 1416 892 metri
1455 852 1678 902 exemplum

153 917 389 966 proponitur
420 918 461 955 in
492 918 720 956 Endlicheri
750 918 865 957 Anal.
898 919 1068 957 vindob.
1101 920 1174 958 30:

423 997 541 1047 ’Όνος
571 997 664 1048 ὄνος
695 997 886 1052 ἀπέθανε,
917 1001 991 1040 τίνι
1022 1001 1094 1040 τίνι
1127 997 1311 1055 θανᾶτῳς

151 1055 256 1133 duod
287 1083 441 1122 Plotius
474 1085 558 1123 283
587 1078 654 1137 (cf.
681 1084 718 1122 J.
745 1083 863 1122 Klein
895 1084 943 1123 de
975 1085 1058 1123 cod.
1090 1084 1215 1122 Nicol.
1242 1082 1388 1122 Cusani
1413 1097 1450 1132 p.
1478 1078 1551 1135 33)
1580 1082 1676 1121 satis

153 1149 289 1198 inepte
321 1149 626 1199 interpretatur:

436 1231 604 1270 Moreris
637 1231 747 1270 asine
778 1232 944 1270 moreris
977 1232 1087 1270 asine
1120 1231 1323 1281 vapulans.

154 1316 287 1353 comici
325 1317 467 1364 poetae
506 1315 578 1352 est.
621 1335 668 1339 —
707 1313 818 1359 Quod
857 1314 1094 1364 Apollonius
1132 1314 1180 1353 de
1216 1326 1393 1364 prouom.
1425 1327 1462 1363 p.
1496 1315 1578 1351 321
1613 1313 1680 1350 ad-

151 1379 310 1429 scripsit
342 1375 408 1432 (cf.
434 1379 486 1419 id.
516 1379 563 1418 de
596 1381 698 1429 synt.
735 1369 816 1418 156
851 1382 890 1418 et
922 1381 969 1418 de
1001 1379 1160 1418 adverb.
1187 1379 1227 1416 in
1253 1379 1377 1417 Bekk.
1404 1378 1478 1416 An.
1504 1378 1546 1415 11
1572 1374 1677 1429 583)

152 1441 287 1483 Dorici
318 1446 459 1494 poetae
492 1457 580 1483 esse
610 1446 854 1492 antestatus,
893 1446 1076 1495 quodque
1107 1444 1291 1501 Alcmani
1328 1443 1473 1482 tribuit
1510 1443 1679 1492 Ahrens,

152 1522 226 1559 ego
259 1510 354 1548 olim
394 1509 596 1559 adespotis
628 1509 867 1559 Lyricorum
907 1509 1086 1560 reliquiis
1127 1508 1295 1558 inserui,
1340 1508 1410 1547 sed
1447 1511 1509 1546 est
1544 1507 1678 1556 potius

151 1574 382 1622 Epicharmi
414 1575 685 1624 septenarius:

427 1662 516 1708 Ὦτε
547 1671 725 1721 χερνᾶτις
755 1664 857 1721 γυνὰ
890 1662 1009 1709 οὐδὲν
1040 1665 1379 1720 προμαθιουμένα.

152 1764 210 1802 ita
250 1764 313 1803 vel
351 1764 483 1813 potius
521 1762 903 1815 προμαθιωμένα
944 1764 1193 1803 scribendum
1234 1760 1331 1816 (non
1367 1759 1680 1815 προμαθιομένα,

154 1830 200 1866 ut
231 1828 402 1879 Ahrens,
435 1842 553 1878 quem
585 1829 679 1867 olim
713 1831 872 1868 secutus
905 1824 1030 1882 sum):
1063 1829 1165 1868 hanc
1191 1830 1231 1867 et
1256 1828 1405 1868 similes
1437 1828 1585 1865 formas
1615 1839 1681 1865 ne-

152 1907 228 1943 que
259 1894 417 1932 Ahrens
451 1889 511 1946 (ΙΙ
543 1889 647 1944 210)
685 1906 813 1943 neque
854 1894 1032 1933 Dietrich
1070 1889 1131 1946 (in
1160 1893 1312 1932 Kuhnii
1342 1893 1477 1931 Diario
1508 1892 1544 1930 X
1575 1888 1680 1945 410)

152 1959 259 1996 recte
302 1958 618 2008 explicaverunt:
658 1959 812 1996 auctior
851 1959 949 1997 haec
992 1959 1122 1997 forma
1156 1960 1283 1998 etiam
1321 1958 1426 2007 apud
1463 1958 1681 1997 Homerum

154 2025 275 2074 extat,
307 2024 418 2062 velut
450 2023 631 2062 futurum
662 2019 916 2074 μαχεούμεθα
949 2022 1020 2063 Οᾶ.
1046 2023 1082 2061 X
1107 2025 1205 2062 403.
1237 2022 1369 2060 XXIV
1405 2024 1486 2061 113
1517 2022 1680 2072 legitur.

154 2088 299 2127 Hiatus
330 2089 373 2126 in
403 2101 569 2128 caesura
602 2089 830 2127 tetrametri
860 2089 965 2137 apud
1002 2089 1286 2138 Epicharmum
1327 2087 1425 2125 satis
1463 2087 1584 2125 habet
1615 2099 1678 2124 ex-

153 2154 379 2193 cusationis.
416 2175 464 2180 —
500 2153 673 2192 Versum
705 2153 810 2203 apud
842 2153 1044 2192 Millerum
1077 2153 1187 2191 Misc.
1222 2153 1296 2191 65:

436 2244 539 2296 Βλοὶξ
570 2263 608 2288 τε
639 2246 704 2287 καὶ
734 2243 895 2299 ἦλίθεος
925 2245 1096 2300 γένωμαι

151 2356 231 2382 non
260 2345 344 2382 tam
374 2343 490 2394 lyrici
520 2345 673 2394 poetae,
705 2355 823 2392 quam
850 2341 1130 2390 Aristophanis
1163 2353 1249 2380 esse
1275 2341 1458 2380 arbitror.
1488 2361 1537 2366 —
1568 2339 1681 2386 Quod

152 2410 214 2461 est
244 2409 350 2458 apud
381 2409 550 2447 Dionem
589 2407 793 2457 Chrysost.
823 2406 967 2444 LXXX
1001 2408 1043 2445 9:
1085 2400 1111 2456 ἢ
1151 2401 1201 2456 νὴ
1234 2405 1312 2444 Δία
1349 2405 1389 2444 εἴ
1418 2420 1526 2452 τινας
1561 2400 1681 2455 κόρας

152 2471 310 2524 χαλεποὶ
340 2471 517 2524 πατέρες,
550 2467 602 2520 ὥς
632 2467 653 2511 ὃ
693 2473 781 2510 τῶν
817 2472 1025 2522 ποιητῶν
1062 2466 1203 2523 λόγος,
1241 2467 1450 2521 χαλκέων
1486 2463 1679 2520 περιβό-

151 2541 243 2577 λων
273 2534 579 2590 ἐφρούρησαν
616 2536 830 2589 εἷρκταῖς.
875 2536 1020 2586 tragici
1059 2536 1210 2585 potius,
1243 2547 1361 2584 quam
1393 2534 1509 2584 lyrici
1538 2533 1679 2583 poetae

153 2615 239 2641 esse
271 2604 399 2643 credo.
434 2623 485 2630 -—
521 2602 634 2648 Quod
666 2604 728 2641 est
758 2614 820 2651 ap.
854 2601 1023 2640 Aristot.
1055 2601 1166 2640 Poet.
1200 2602 1268 2651 21,
1303 2601 1344 2638 7:

437 2692 608 2749 (Ἅλιος)
641 2695 811 2747 σπείρων
841 2694 1078 2734 θεοκτίσταν
1109 2690 1249 2747 φλόγα.

152 2793 287 2829 utrum
311 2791 428 2841 lyrici
453 2803 504 2829 an
528 2790 672 2840 tragici
698 2790 762 2840 sit,
787 2790 992 2828 incertum.
1022 2810 1072 2816 —
1100 2789 1160 2826 Ea
1185 2801 1286 2838 quae
1317 2787 1476 2826 exhibet
1500 2786 1677 2824 Demetr.

153 2855 200 2893 de
231 2856 329 2894 eloc.
363 2856 461 2894 151:
500 2853 632 2906 ἔχουσι
662 2852 706 2894 δέ
735 2869 769 2893 τι
800 2847 1001 2904 στωμύλον
1031 2850 1097 2892 καὶ
1127 2848 1351 2904 ἇλληγορίαι
1390 2848 1510 2899 τινές,
1550 2846 1678 2902 ὥσπερ

154 2913 219 2956 τό·
259 2917 432 2969 δελφοῖ
468 2919 664 2959 παιδίον
695 2914 826 2971 ὑμῶν
855 2913 881 2958 ἆ
913 2914 1045 2958 κύων
1076 2913 1212 2970 (Vind.
1243 2912 1398 2967 ἆκύων,
1433 2922 1460 2954 11
1497 2910 1519 2956 ὃ
1555 2911 1679 2967 κύων,
1705 2923 1795 2956 1360
