1864 3126
549 139 800 178 APPENDIX
823 139 893 177 AN
895 139 1092 178 ACREON
1097 138 1313 177 TEORUM.
1607 137 1694 180 343

565 253 712 295 ἔλαθον
742 250 863 303 πόδες
893 269 939 307 με
970 256 1118 307 μᾶλλον

162 328 206 363 10
565 318 864 375 μεμεθυσμένον
894 315 1079 373 λαβόντες

557 382 771 436 Ἑλικῶνος
801 385 856 435 εἰς
886 381 930 426 τὸ
962 383 1116 439 μέσσον.

615 448 661 493 Ὁ
692 449 729 493 δ’
763 449 863 501 ἄναξ
894 446 1024 505 λόγων
1049 445 1251 492 Ἀπόλλων

556 515 806 567 Ἑλικωνίδες
835 532 875 558 τε
906 518 1074 558 Μοῦσαι

355 618 363 625 .
562 581 751 638 τροχαλὸν
782 580 966 637 λαβόντες
991 578 1144 636 Ἑρμῆν

161 659 204 692 15
563 651 693 704 κρίσιν
724 649 949 703 εἰσφέρουσι
979 645 1118 704 τόλμῃ·

134 712 137 713 ’
561 715 600 756 τί
627 712 762 768 πάθω,
794 715 917 767 φίλοι,
948 716 986 756 τί
1014 713 1130 769 ῥέξως

624 782 792 835 Κραδίη,
824 778 967 836 φύγοις
997 777 1040 822 τὸ
1070 777 1228 834 τάρβος,

563 847 623 901 ἔχε
653 844 806 901 θάρσος
837 847 1118 901 εἰσδραμοῦσα·

561 914 696 967 φιλίης
725 911 890 955 πνέουσι
922 910 1110 966 Μούσης,

157 987 202 1019 20
561 982 712 1034 νοερῶν
742 976 871 1034 λόγων
901 982 1101 1033 κρατοῦσι,

559 1042 723 1099 νοεροὺς
754 1042 896 1100 λόγους
925 1045 1109 1098 κομίζοις.

611 1107 656 1152 Ο
686 1108 804 1160 καλὸς
834 1107 1008 1166 γέρων“
992 1128 1014 1153 ο
1045 1107 1191 1160 κύκνος

560 1174 748 1231 Ζεφύρου
778 1175 967 1226 πνέοντος
993 1176 1093 1231 ε’γνω

557 1239 720 1297 λιγυρὸν
751 1241 865 1295 μέλος
893 1259 930 1284 τι
960 1242 1135 1296 μέλπειν·

156 1315 201 1348 25
560 1305 581 1350 ὁ
613 1307 657 1350 δὲ
689 1309 813 1362 δῆμος
844 1308 948 1350 ἐστὶν
978 1302 1106 1359 οὗτος,

556 1370 751 1429 γλυκερὴν
780 1373 881 1427 χέων
912 1373 1061 1427 ἐέρσην.

617 1439 786 1493 Γέρανοι
815 1429 993 1494 τρέχουσι
1022 1436 1153 1492 πάσης

559 1502 709 1559 σπόρον
740 1503 911 1555 αὔλακος
943 1502 1118 1547 διώκειν’

558 1569 808 1624 φιλοτερπέος
840 1570 884 1612 δὲ
915 1569 1044 1625 Γάζης
1598 1580 1685 1612 1081

152 1644 198 1676 30
558 1633 709 1690 σπόρον
738 1634 897 1690 ἤλυθον
928 1639 1133 1692 λιγαίνειν·

474 1714 487 1725 ·
559 1698 580 1743 ὅ
615 1700 659 1743 δὲ
691 1703 816 1756 δῆμος
847 1702 950 1744 ἐστὶν
981 1697 1107 1754 οὗτος.

619 1765 719 1810 Δότε
750 1765 940 1823 βάρβιτον
971 1767 1147 1822 δονήσω·

557 1829 578 1875 ὁ
612 1832 655 1875 δὲ
685 1836 946 1888 καλλίμολπος
972 1832 1139 1889 Ὀρφεύς

558 1896 633 1941 σὺν
664 1899 750 1953 ἐμοὶ
780 1899 895 1954 μέλος
925 1902 1109 1955 λιγαίνοι·

152 1973 197 2006 35
558 1961 579 2007 ὅ
612 1963 656 2006 δὲ
687 1966 814 2019 δῆμος
845 1965 949 2007 ἐστὶν
980 1961 1109 2019 οὗτος,

547 2028 726 2085 ’γλυκερὴ
757 2031 901 2087 ῥέουσα
932 2035 1097 2076 Μοῦσα.
1169 2060 1174 2066 -

613 2099 718 2151 Περί
745 2114 792 2151 με
821 2097 956 2139 πνέων
988 2095 1009 2140 ὁ
1037 2102 1193 2154 ,Φοῖβος

555 2162 672 2217 χέλυν
701 2161 856 2217 ἤλυθεν
886 2161 1084 2206 τινάσσειν

555 2226 715 2285 παλάμῃ
747 2233 854 2286 σοφῇ
885 2232 1065 2283 μελίζων·

150 2302 196 2334 40
556 2291 578 2335 ὁ
610 2293 654 2335 δὲ
685 2296 812 2349 δῆμος
842 2296 921 2337 ἐστὶ
953 2298 1103 2350 Φοῖβος

556 2363 696 2412 νοερῆς
725 2360 858 2415 γέμων
889 2363 1079 2416 μελίσσης.

245 2506 288 2542 V.
314 2510 370 2543 24.
397 2505 508 2552 μέλος
533 2506 580 2552 Β,
606 2506 804 2552 Matranga
827 2505 977 2553 μέλπος
1004 2529 1048 2535 -
1074 2521 1120 2552 τι,
1147 2508 1176 2543 Β
1201 2509 1248 2554 τί,
1274 2507 1340 2544 sed
1366 2521 1398 2545 v.
1428 2511 1474 2543 25
1500 2504 1612 2544 ἐστιν.
1639 2529 1685 2535 -

147 2553 192 2590 V.
218 2558 275 2590 2⁷.
302 2551 423 2599 πάσης
448 2553 590 2600 scripsi,
617 2554 645 2589 Β
671 2555 802 2590 πᾶσαι.
829 2575 872 2580 -
900 2555 943 2591 V.
969 2559 1026 2591 29.
1054 2536 1300 2600 φιλοτερπέος
1325 2556 1373 2600 Β,
1399 2555 1599 2601 Matranga.
1624 2569 1685 2612 φι-

147 2601 367 2647 λοτερπέως.
401 2622 445 2628 —-
478 2602 522 2637 V.
549 2606 605 2638 30.
631 2598 779 2647 ἤλυθον
810 2602 858 2647 Β,
888 2601 1089 2661 Matranga
1119 2601 1276 2648 ἥ.λυθεν
1310 2623 1354 2630 -
1387 2603 1429 2638 V.
1457 2607 1515 2638 32.
1543 2603 1571 2638 Β
1597 2601 1685 2649 βάρ-

152 2650 277 2708 βητον.
306 2671 347 2676 -
374 2648 419 2685 V.
446 2653 501 2686 38.
534 2646 555 2685 ὁ
582 2648 624 2686 δὲ
631 2615 698 2695 η,Β
729 2649 928 2696 Matranga
952 2647 986 2686 ὁ.
1013 2671 1056 2677 -
1084 2651 1126 2687 V.
1154 2654 1209 2687 38
1236 2648 1381 2697 ἤλυθεν
1408 2650 1454 2694 Β,
1487 2649 1686 2698 Matranga.

151 2695 285 2744 ἤλυθε.
