1864 3126
828 142 1027 181 SAPPHO.
1611 149 1630 190 l
1642 148 1693 190 19

713 280 1149 327 ΕΠΙΘΑΛΑΜΙΑ.

820 382 1030 436 91.[73]

209 459 330 516 Ἴψοι
362 460 418 520 δὴ
450 479 499 507 το
532 462 763 520 μέλαθρον

583 531 804 591 ’Τμήναον

159 664 357 711 Westphal
383 660 445 700 ἐπὶ
471 665 535 710 τῆς
560 665 627 700 τοῦ
654 661 819 711 ἑβδόμου
845 661 995 711 ἀρχῆς.
1049 664 1315 711 corrigendum
1343 664 1418 702 ἐπὶ
1443 666 1602 709 τέλους
1623 670 1690 704 τοῦ

160 708 338 760 ἑβδόμου,
376 711 587 758 compendii
626 712 852 758 ambiguitas
889 712 1038 767 peperit
1075 724 1247 749 errorem.
1306 714 1544 760 Legebantur
1577 716 1691 761 igitur

160 761 252 796 haec
278 758 445 795 carmina
469 761 506 795 in
532 761 634 796 calce
659 759 748 796 libri
775 761 860 805 VlI,
920 773 957 796 ui
982 771 1092 806 quam
1120 761 1355 806 potissimum
1383 764 1581 798 metrorum
1610 777 1690 810 spe—

157 806 252 843 ciem
277 806 493 854 complexus
518 808 578 852 sit;
603 807 827 853 ignoramus.
917 837 925 845 .
955 813 970 843 1
1006 808 1113 844 affert
1138 808 1197 843 Et.
1225 809 1318 846 Gud.
1346 814 1427 854 316,
1455 815 1510 855 35,
1539 811 1599 846 ubi
1627 812 1690 847 καὶ

158 852 252 899 οὔτι,
278 857 317 890 et
344 855 400 891 Et.
429 855 476 891 M.
504 859 585 900 506,
607 859 625 891 1
653 856 732 894 (ubi
759 852 854 899 οὔτι,
879 853 946 891 τὸν
973 868 1044 892 om.
1065 855 1110 900 V,
1135 858 1309 902 γλυκείου
1337 860 1375 893 ct
1399 858 1550 902 κέρκειν
1576 859 1691 895 habet

158 902 190 938 D
216 902 336 945 CalL).
362 904 402 938 et
426 903 506 939 sine
531 915 566 949 p.
593 915 627 940 n.
655 903 786 939 Zonar.
816 907 906 939 1190
931 901 1054 949 (οὔτι).
1082 924 1125 930 -—
1155 904 1196 938 V.
1227 909 1256 939 1.
1282 902 1449 950 γλύκεια,
1481 904 1510 939 Ρ
1533 907 1690 951 γλυκῆα,

158 950 185 986 C
211 953 366 996 γλυκυα.
395 972 436 977 -
464 949 601 996 κρέκην
628 950 730 987 ΟΡΑ.
758 951 872 997 vulgo
898 949 1060 997 κρέκειν.
1093 971 1138 977 -
1174 951 1287 995 ἴστον,
1315 950 1444 988 ἰαστὸν
1471 952 1579 989 Dorv.
1607 954 1690 990 SFl.

157 1019 206 1081 δή
229 997 272 1034 V.
300 1003 334 1036 2.
359 995 484 1046 πόθῳ,
510 995 624 1047 πόθῳ
651 998 705 1035 Fl.
733 998 845 1035 Dorv.
871 998 956 1035 fort.
984 1001 1094 1035 recte.
1116 1019 1160 1025 -
1187 1001 1384 1046 βραδίναν,
1410 999 1552 1036 conieci
1580 1003 1602 1049 β
1611 1015 1688 1046 ρα-

187 1058 278 1082 ινω.

251 1094 311 1131 Fr.
337 1098 393 1130 91.
443 1094 644 1140 Hephaest.
674 1098 759 1130 129:
790 1089 906 1130 Ὅταν
938 1092 981 1130 δὲ
1014 1091 1056 1130 τὸ
1093 1091 1280 1140 ἐφύμνιον
1313 1091 1363 1140 μὴ
1390 1093 1484 1140 μετὰ
1511 1095 1690 1142 στροφήν,

155 1137 249 1177 ἀλλὰ
280 1139 373 1188 μετὰ
406 1142 530 1187 στίχον
561 1139 711 1187 κέηται,
747 1139 1142 1188 παραλαμβανόμενον
1180 1139 1277 1190 ἄλλῳ
1316 1143 1448 1190 στίχῳ,
1487 1142 1709 1190 μεσύμνιον·

156 1191 325 1225 καλεῖται
350 1186 392 1225 τὸ
418 1190 562 1249 ποίημα
587 1190 696 1234 (haec
721 1189 795 1226 duo
823 1202 854 1226 v.
876 1189 1061 1235 delenda),
1089 1187 1169 1226 οἶόν
1197 1187 1274 1226 ἐστι
1294 1187 1335 1225 τό
1355 1188 1458 1235 παρὰ
1480 1193 1689 1236 Σαπφοῖ·

146 1232 256 1281 ’Ὗψι
282 1264 289 1272 .
311 1266 319 1274 .
341 1265 349 1272 .
376 1235 472 1278 ἶσος
498 1241 585 1282 Αρη
599 1244 614 1272 ἰ’
639 1237 752 1282 (unde
773 1237 1051 1283 descripserunt
1070 1238 1201 1284 Apost.
1222 1237 1325 1273 XVII
1347 1242 1433 1282 76a,
1459 1238 1587 1276 Arsen.
1608 1243 1691 1281 460,

158 1283 221 1320 ubi
246 1282 363 1330 ὖψόῐ)
401 1287 440 1320 et
477 1284 623 1321 auctius
655 1285 818 1323 Demetr.
852 1285 898 1321 de
930 1285 1032 1322 Eloe.
1067 1284 1270 1321 CLXVIII:
1299 1283 1402 1320 ’Έστι
1433 1284 1476 1321 δέ
1508 1300 1562 1327 τις
1588 1286 1691 1328 ἰδίως

155 1329 262 1378 χάρις
286 1330 471 1378 Σαπφικὴ
498 1330 787 1390 ἐκμεταβολῆς,
812 1327 908 1369 ὅταν
932 1347 966 1368 τι
987 1332 1147 1370 εἰποῦσα
1173 1330 1450 1382 μεταβάλληται
1475 1334 1540 1369 καὶ
1566 1330 1689 1380 ὥσπερ

155 1378 385 1427 μετανοήσῃ·
418 1379 515 1416 οἷον·
562 1383 651 1425 Τψι
683 1380 754 1440 δῇ,
787 1382 896 1427 φησί,
929 1378 971 1416 τὸ
997 1394 1034 1427 μ.
1066 1378 1276 1426 ἆείρατε,
1309 1379 1543 1422 τέκτονες·
1576 1396 1689 1428 γαμ-

155 1424 262 1474 βρὸς
299 1427 564 1474 εἰσέρχεται
596 1430 691 1468 ἴσος
722 1431 850 1474 Αρηϊ,
888 1424 1056 1474 ἀνδρὸς
1086 1425 1288 1475 μεγάλου
1326 1430 1473 1477 πολλῷ
1505 1431 1687 1475 μείζων·

155 1470 280 1519 ὥσπερ
307 1472 638 1524 ἐπιλαμβανομένη
666 1471 815 1522 ἑαυτῆς,
842 1471 900 1512 ὅτι
926 1473 1105 1524 ἀδυνάτῳ
1126 1473 1309 1522 ἐχρήσατο
1330 1473 1518 1525 ὑπερβολῇ
1546 1478 1610 1513 καὶ
1630 1474 1689 1514 ὅτι

155 1518 282 1563 οὐδεὶς
306 1523 357 1570 τῷ
376 1519 479 1570 ’Ἄρηϊ
502 1524 581 1564 ἴσος
600 1520 688 1560 ἐστι’.
729 1525 770 1560 In
791 1524 988 1570 proecdosi
1007 1525 1100 1560 haec
1120 1524 1331 1560 Bentleium
1353 1526 1501 1560 secutus
1521 1525 1560 1560 in
1580 1526 1689 1562 hexa-

154 1571 292 1606 metros
316 1570 455 1617 redegi,
481 1571 669 1618 corrigens
694 1568 861 1620 γαμβρὸς
886 1568 1131 1617 ἐσέρχεται
1157 1569 1236 1613 ἶσος
1252 1569 1370 1619 Ἄρῃ,
1396 1570 1573 1618 μεγάλω
1593 1570 1689 1609 πόλυ

154 1619 302 1664 μείζων,
329 1620 368 1654 et
391 1618 564 1655 coniunxi
597 1630 682 1654 cum
713 1619 757 1654 fr.
785 1623 843 1655 92.
893 1619 1065 1666 Hartung
1089 1631 1215 1655 rursus
1247 1620 1295 1655 ad
1320 1620 1559 1656 hexametros
1585 1632 1689 1656 revo-

154 1664 256 1701 cavit
274 1662 372 1710 Ἴψοι
398 1663 519 1711 offro
546 1664 740 1712 μέλαθρον
765 1662 920 1713 ἆέρρετε
947 1680 978 1703 τ.
1005 1664 1042 1703 ἅ.
1077 1668 1083 1712 Ι
1111 1661 1139 1703 ὦ
1166 1663 1363 1713 ὑμέναιον,
1390 1664 1409 1702 ὁ
1437 1666 1603 1716 γάμβρος
1630 1665 1688 1704 ἐσ-

156 1710 303 1758 έρχεται
323 1711 347 1750 ἷ.
366 1709 470 1759 ’Ἄρηϊ
490 1715 495 1759 Ι
517 1709 617 1760 ῧμην
637 1707 666 1749 ὦ
686 1711 854 1760 ὑμέναι’,
875 1710 1015 1760 ἀνδρὸς
1035 1728 1070 1760 μ.
1091 1729 1128 1752 π.
1149 1728 1185 1761 μ.
1209 1717 1215 1760 Ι
1236 1714 1419 1761 πέρροχος
1444 1717 1500 1760 (fr.
1523 1719 1582 1759 92)
1601 1719 1689 1761 κτλ.,

155 1760 246 1796 item
278 1759 489 1807 westphau,
522 1761 587 1806 qui
622 1761 867 1808 ephymnium
899 1764 986 1808 post
1015 1774 1049 1798 v.
1085 1767 1102 1798 1
1136 1762 1298 1799 sustulit.
1350 1763 1422 1798 Sed
1455 1764 1578 1808 potius
1603 1766 1691 1799 sunt

153 1819 283 1844 versus
309 1808 486 1854 dactylici
511 1809 755 1853 breviusculi,
787 1810 917 1855 quales
951 1809 990 1845 in
1023 1811 1265 1856 popularibus
1297 1809 1494 1846 cantilenis
1519 1811 1689 1857 usurpari

153 1855 325 1892 solebant
349 1857 612 1901 (paroemiacos
636 1856 800 1902 dixeris),
825 1857 996 1894 anacrusi
1022 1857 1133 1894 modo
1159 1857 1292 1894 addita.
1315 1857 1425 1894 modo
1452 1858 1600 1903 omissa,
1627 1870 1687 1895 ne-

153 1914 225 1948 que
250 1903 378 1940 obstat
396 1903 637 1950 Hephaestio,
662 1904 694 1940 is
714 1904 814 1941 enim
832 1905 986 1942 abusive
1007 1907 1131 1951 στίχον
1153 1905 1258 1949 dixit,
1284 1907 1327 1941 ut
1345 1906 1424 1941 fieri
1444 1906 1551 1950 solet,
1577 1918 1687 1952 quem

153 1951 274 1987 κῶλον
299 1950 360 1987 vel
385 1949 512 1998 κόμμα
539 1951 614 1988 dici
640 1952 847 1998 oportebat.
898 1952 968 1989 Est
998 1955 1124 1989 autem
1150 1965 1184 1990 v.
1211 1957 1232 1988 3
1265 1951 1433 2001 γάμβρος
1465 1953 1586 1998 priore
1614 1955 1687 1999 syl—

152 1998 240 2035 laba
265 2000 437 2045 correpta
461 1999 616 2044 dietum,
643 2000 703 2036 vel
728 2001 854 2046 potius
880 1997 1050 2048 γάβρος
1076 2000 1330 2043 scribendum3
1364 2012 1449 2036 nam
1476 2001 1571 2037 alias
1596 2014 1686 2047 quo—

153 2057 236 2091 que,
263 2046 326 2082 ubi
346 2046 488 2083 vocalis
514 2046 634 2083 tribus
659 2047 950 2084 consonantibus
971 2048 1254 2093 insequentibus
1273 2049 1409 2094 corripi
1429 2048 1589 2093 videtur,
1616 2061 1689 2084 una

152 2093 198 2129 de
218 2093 337 2129 tribus
355 2094 432 2131 fere
453 2094 602 2131 sublata
627 2096 685 2131 est
709 2095 830 2139 (velut
854 2091 1046 2139 ἄπλακῶν,
1073 2092 1205 2142 ἐσλός),
1232 2096 1369 2132 extrita
1388 2097 1516 2131 autem
1542 2096 1602 2131 hic
1630 2099 1688 2132 est

152 2141 388 2186 secundaria,
420 2153 496 2183 non
526 2141 746 2189 principalis
772 2142 912 2179 littera.
963 2143 1105 2179 Eodem
1137 2144 1248 2180 modo
1281 2144 1441 2179 Homero
1467 2143 1683 2179 subvenien-

152 2188 252 2232 dum,
283 2200 370 2225 nam
395 2188 502 2234 'quod
532 2189 671 2236 legitur
703 2186 917 2236 ἀνδροτῆτα
951 2190 1016 2226 καὶ
1040 2187 1149 2239 ἥβην,
1176 2191 1240 2227 ubi
1266 2190 1414 2226 Bekker
1440 2190 1685 2227 audacissime

152 2235 307 2272 novavit
342 2232 520 2281 α’ρετῆτα,
557 2248 644 2274 sane
676 2234 868 2283 ἁδροτῆτα
905 2238 1210 2284 improbandum,
1251 2237 1316 2274 sed
1348 2237 1598 2273 sublevandus
1629 2240 1687 2274 est

153 2294 328 2319 numerus
353 2283 549 2320 scribendo
574 2281 806 2330 α’δροτῆτα
832 2285 897 2321 καὶ
923 2281 1033 2369 ἤὲιην,
1065 2297 1176 2332 quam
1203 2284 1361 2321 formam
1386 2296 1460 2320 non
1486 2284 1685 2327 abhorrere

151 2342 175 2367 a
199 2330 332 2366 Graeci
367 2331 545 2367 sermonis
576 2333 804 2378 proprietate
836 2335 942 2369 osten
973 2333 1002 2368 ‘t
1026 2333 1253 2378 Hesychius:
1286 2329 1394 2377 α’δρί,
1420 2328 1551 2377 άνὸρί·
1577 2334 1684 2378 Παμ-

153 2375 301 2424 φύλιοι,
326 2378 438 2424 idque
470 2377 581 2414 tituli.
603 2378 895 2426 Pamphylornm
928 2381 1164 2425 confirmant,
1197 2381 1234 2415 in
1269 2379 1404 2425 quibus
1440 2382 1684 2416 AAPIIONA

153 2425 176 2462 i.
203 2437 235 2462 e.
261 2422 460 2470 ἀνδρεῶνα
493 2427 696 2472 comparet,
732 2428 995 2474 conspiratque
1027 2427 1245 2474 Cypriorum
1273 2438 1403 2463 sermo.
1433 2439 1517 2462 nam
1543 2429 1684 2463 arctam

153 2472 476 2519 necessitudinem,
503 2484 599 2519 quae
624 2473 721 2510 inter
747 2478 944 2521 utramque
969 2475 1170 2511 intercedit
1194 2475 1414 2518 dialectum,
1447 2475 1559 2510 etiam
1593 2475 1685 2511 haec

154 2520 301 2558 affectio
321 2520 562 2564 testificatur-3
588 2532 633 2557 ac
652 2520 827 2559 similiter
844 2522 883 2558 in
902 2523 1064 2559 vasculis
1084 2522 1195 2568 pictis
1219 2524 1441 2557 ΤΙΜΑΔΡΑ
1461 2522 1537 2557 alia
1556 2522 1683 2567 legun-

153 2570 225 2604 tur.
254 2589 295 2594 —
322 2567 367 2604 V.
391 2573 420 2604 1.
447 2570 530 2612 ἴψοι
552 2567 695 2614 scripsi,
719 2580 778 2615 ap.
800 2569 922 2616 Heph.
942 2566 1015 2613 ὕψι
1035 2569 1218 2615 (FICPSA
1239 2565 1343 2614 ὕψοι,
1370 2569 1399 2603 Ε
1420 2569 1536 2605 Rhed.
1558 2566 1686 2614 ὑψοῖ),

152 2626 210 2662 ap.
237 2616 340 2652 Dem.
373 2612 445 2660 ὄψι
473 2616 581 2661 Vict.‚
613 2616 714 2658 νίψω
740 2616 823 2652 Ald.
858 2617 938 2653 Par.
967 2618 1074 2653 Fam.
1103 2617 1211 2653 Vind.
1240 2637 1282 2642 —
1316 2613 1384 2662 δὴ,
1409 2628 1467 2661 ap.
1495 2616 1613 2661 Heph.
1641 2618 1684 2653 1³1

152 2662 268 2699 Rhed.
297 2665 337 2699 et
363 2666 490 2700 Arsen.
517 2663 572 2700 δὲ.
602 2684 644 2689 —-
665 2660 868 2709 'ijvocom
894 2664 952 2700 bis
971 2665 1111 2708 Arsen„
1132 2661 1334 2709 Ὑμέναιον
1354 2663 1486 2708 Heph.,
1513 2663 1577 2699 sed
1597 2664 1684 2701 libri

147 2706 363 2756 ’Τμήναιον.
413 2711 548 2747 Forma
568 2707 759 2757 Ὗμήναον
792 2710 931 2757 legitur
963 2712 1080 2747 etiam
1111 2711 1150 2747 in
1183 2711 1454 2756 epigrammate
1481 2710 1684 2756 Cyrenaico

153 2769 213 2804 ap.
239 2757 415 2794 Welcker
441 2758 591 2804 Sylloge
618 2763 675 2803 50,
703 2762 741 2794 ⁷:
767 2757 806 2794 οἳ
827 2755 1005 2804 θρήνοισι
1033 2755 1171 2807 βοητὸν
1203 2755 1388 2803 ὑμήναον,
1420 2757 1458 2794 οἳ
1481 2756 1683 2802 ’coexsisti-

151 2807 250 2847 θους
272 2802 473 2852 λαμπάδας
497 2802 675 2842 ὖστατίου
701 2805 765 2841 καὶ
790 2810 940 2841 κενεοῑο
965 2805 1105 2851 λέχους.
1144 2805 1343 2851 Westphal
1361 2805 1521 2862 reguirit
1539 2817 1685 2843 comma

152 2852 431 2899 anapaesticum
450 2850 624 2900 Ὑμέναι’
652 2850 693 2897 ὦ,
720 2864 803 2899 ego,
829 2852 860 2888 si
886 2852 977 2899 quid
997 2852 1229 2896 mutandum,
1255 2852 1383 2888 malim
1417 2854 1502 2898 Τμε
1513 2850 1551 2889 ν’
1575 2850 1683 2900 ’Τμή-

152 2911 259 2946 ναον,
290 2902 333 2936 ut
365 2912 490 2937 versus
521 2900 762 2948 hymenaicus
797 2900 1038 2946 restituatur,
1070 2900 1143 2937 vid.
1171 2900 1214 2936 fr.
1244 2904 1322 2946 107,
1358 2900 1422 2937 sed
1447 2900 1543 2937 m'hil
1568 2905 1681 2939 muto.
