1864 3126
226 144 313 186 438
525 134 527 138 ‘
796 144 983 180 POETAE
1010 145 1188 181 Mamor

223 257 450 296 Herodotus
482 257 672 307 indagare
704 257 938 307 nequiverit,
970 270 1097 307 neque
1130 270 1214 309 eos,
1246 258 1314 308 qui
1345 261 1437 308 post
1466 259 1654 308 vixerint,
1694 259 1751 298 in-

222 321 424 371 vestigare
457 322 650 370 potuisse,
695 323 838 360 nedum
872 322 985 360 nobis
1031 323 1167 362 licere:
1208 324 1357 362 nullius
1395 324 1519 374 igitur
1561 324 1752 364 momenti

221 399 308 424 esse
341 386 374 423 si
412 386 481 435 qui
513 387 655 424 novicii
689 391 888 435 auctores,
920 387 1033 426 velut
1058 387 1194 427 Cicero
1227 389 1291 428 vel
1317 389 1528 440 Aristides,
1561 389 1751 428 Simonidi

221 451 317 488 haec
362 451 573 490 vindicent.
644 451 719 490 Sed
763 453 1065 492 fundamentum
1109 454 1225 493 huius
1265 455 1623 504 argumentationis
1663 454 1754 493 sub-

220 516 414 554 ruendum
460 518 532 554 est.
608 517 732 555 Putat
777 518 881 556 enim
927 518 1070 557 Kaibel
1116 519 1362 558 Herodotum
1411 520 1563 558 nescire
1609 531 1752 558 nomen

220 583 384 631 poetae,
442 581 545 630 quod
601 581 819 622 reticuerit.
900 582 1171 622 Historiarum
1222 585 1434 635 scriptores
1485 587 1525 624 et
1573 587 1752 624 oratores

221 659 504 696 saepenumero
549 647 785 698 carminum,
833 661 933 698 quae
979 649 1019 687 in
1057 650 1226 699 publicis
1265 651 1530 689 monumentis
1562 650 1752 700 inscripta

220 712 401 759 fuerunt,
441 712 668 751 testimonio
702 715 891 762 utuntur,
930 714 998 752 sed
1031 727 1228 763 nusquam
1259 717 1464 764 poetarum
1496 715 1656 754 nomina
1686 714 1753 753 ad-

219 777 375 825 iiciunt,
419 789 511 814 nam
550 789 709 815 carmen
746 778 833 827 quis
867 778 1087 827 scripserit,
1120 779 1220 817 nihil
1251 780 1392 827 refert,
1434 780 1577 819 titulus
1614 792 1753 818 monu-

220 844 345 881 menti
385 844 426 881 in
468 843 596 881 medio
637 844 759 892 positi
799 843 897 882 satis
939 857 1138 893 superque
1170 845 1292 883 habet
1333 845 1594 884 auctoritatis.
1674 844 1753 884 Ita-

220 920 295 957 que
353 907 545 946 Herodoti
604 908 824 957 silentium,
887 921 964 958 quo
1022 911 1211 958 tanquam
1269 910 1524 949 fundamento
1579 909 1754 949 Kaibelii

220 973 439 1022 disputatio
495 973 661 1024 nititur,
723 974 872 1012 nullius
935 976 996 1012 est
1050 976 1240 1013 momenti
1296 975 1346 1013 ad
1401 976 1502 1014 hanc
1556 977 1753 1025 quaestio-

221 1050 311 1075 nem
357 1037 596 1076 solvendam.
677 1038 763 1077 Uno
813 1038 886 1077 hoc
936 1039 1020 1077 loco
1077 1042 1236 1088 praeter
1293 1041 1456 1080 solitum
1512 1043 1652 1091 poetae
1707 1041 1754 1079 fit

220 1103 386 1151 mentio,
430 1103 613 1152 quoniam
658 1103 774 1142 amici
822 1103 969 1141 mortui
1006 1105 1237 1143 memoriam
1275 1106 1358 1155 pila
1394 1119 1438 1144 ac
1476 1106 1596 1144 titulo
1634 1106 1753 1145 hono-

220 1164 385 1221 ravit.*)
448 1168 777 1218 Amphictyones,
824 1169 890 1218 qui
936 1168 1123 1218 gentibus
1164 1170 1327 1218 gloriosi
1367 1170 1593 1209 certaminis
1633 1171 1753 1221 parti-

221 1232 372 1282 cipibus
404 1233 514 1270 tituli
545 1233 735 1272 honorem
767 1234 1086 1284 denegaverunt,
1129 1234 1162 1272 si
1201 1233 1306 1273 haud
1343 1237 1510 1285 gravate
1542 1235 1754 1286 Megistiae

219 1298 376 1347 privato
415 1297 565 1335 homini
597 1302 892 1346 concesserunt,
931 1297 1147 1348 gratificati
1180 1300 1273 1337 sunt
1311 1299 1519 1350 Simonidi,
1558 1301 1626 1350 qui
1663 1314 1752 1339 cum

221 1363 559 1412 Amphictyonum
587 1366 730 1413 rogatu
750 1364 909 1413 publica
929 1365 1185 1402 monumenta
1209 1364 1393 1403 versibus
1421 1365 1502 1403 suis
1531 1366 1754 1406 ornavisset

220 1428 468 1478 impetravit,
516 1430 562 1465 ut
611 1428 752 1477 pietati
795 1442 893 1478 erga
931 1428 1161 1467 defunctum
1200 1428 1369 1467 amicum
1407 1429 1636 1468 satisfacere
1676 1431 1752 1470 sibi

222 1493 513 1543 permitterent.
582 1493 745 1532 Certum
782 1494 907 1544 igitur
946 1494 1275 1544 exploratumque
1308 1495 1370 1533 est
1402 1494 1643 1533 Simonidem
1673 1495 1751 1534 tria

226 1560 323 1597 haec
354 1558 486 1608 elogia
517 1559 752 1599 condidisse.

972 1722 1011 1764 5.

341 1826 492 1864 Deinde
531 1826 674 1865 Kaibel
721 1828 891 1876 speciem
931 1826 1146 1866 Simonidei
1185 1827 1484 1877 epigrammatis
1522 1827 1751 1876 delineavit,

221 1904 300 1930 non
340 1891 408 1929 Cei
446 1893 588 1940 poetae
629 1892 870 1930 carminibus
916 1891 1124 1937 adhibitis,
1168 1905 1336 1942 quorum
1375 1895 1558 1942 suspecta
1595 1893 1752 1932 omnino

222 1960 283 1997 est
319 1957 435 2001 fides,
481 1956 549 1994 sed
587 1956 716 1995 titulis
761 1957 952 2007 antiquis,
997 1957 1065 2006 qui
1102 1957 1301 2007 lapidibus
1339 1957 1453 1996 incisi
1491 1958 1612 1996 etiam
1649 1971 1753 1997 nunc

222 2024 370 2061 extant.
453 2020 513 2059 Ad
566 2021 666 2060 hanc
714 2034 892 2060 normam
943 2022 1171 2061 examinans
1216 2035 1317 2071 quae
1360 2021 1571 2060 Simonidis
1621 2021 1751 2060 ferun-

221 2092 288 2127 tur
338 2089 627 2139 epigrammata
687 2087 794 2125 facili
846 2087 1008 2137 negotio
1058 2087 1259 2125 existimat
1307 2098 1497 2136 germana
1546 2099 1569 2125 a
1619 2087 1751 2126 subdi-

221 2153 324 2192 ticiis
376 2152 583 2203 segregari
626 2164 759 2202 posse,
809 2165 937 2202 neque
987 2152 1133 2190 mirum
1183 2151 1218 2190 si
1266 2150 1435 2201 denique
1485 2164 1530 2189 eo
1580 2152 1752 2203 devenit,

222 2220 268 2267 ut
316 2221 473 2257 tantum
522 2230 601 2256 non
651 2217 783 2256 omnia
826 2217 1018 2270 Simonidi
1067 2216 1329 2255 abiudicaret:
1378 2228 1470 2254 nam
1517 2228 1644 2265 pauca
1685 2217 1752 2255 ad-

222 2284 382 2323 modum
420 2283 470 2322 ad
508 2282 835 2333 perpendiculum
874 2283 941 2321 isti
978 2283 1142 2333 regulae
1181 2282 1441 2331 respondent,
1482 2284 1593 2322 velut
1629 2283 1751 2333 epita-

222 2349 361 2399 phium
395 2347 499 2386 118:

318 2555 351 2598 *)
379 2555 588 2591 Herodotus
616 2554 842 2591 Simonidem
870 2556 1100 2590 monumenti
1126 2556 1327 2599 auctorem,
1355 2567 1427 2591 non
1452 2555 1566 2601 elogii
1591 2555 1748 2600 scripto-

225 2615 302 2638 rem
330 2603 430 2645 dicit,
457 2603 594 2648 privati
619 2602 778 2638 hominis
806 2605 1097 2646 monumentum,
1125 2603 1224 2647 quod
1251 2603 1391 2638 amicus
1411 2602 1588 2638 defuncto
1607 2602 1747 2638 excita-

225 2651 292 2695 vit,
318 2662 518 2695 segregans
545 2662 567 2685 a
592 2650 749 2695 publicis
775 2649 938 2695 gentium
967 2650 1226 2686 monumentis.
1279 2650 1431 2686 Poetam
1456 2660 1555 2693 vero,
1581 2650 1645 2694 qui
1670 2650 1747 2695 pri—

224 2710 305 2732 mus
332 2698 401 2733 hoc
427 2697 549 2742 poesis
576 2708 691 2742 genus
718 2697 1009 2743 praeclarissime
1030 2697 1242 2742 illustravit,
1269 2698 1416 2742 quando
1436 2697 1545 2731 amici
1565 2698 1749 2732 tumulum

225 2744 415 2789 epitaphio
453 2745 624 2786 decorat,
669 2755 742 2780 non
779 2744 902 2780 aliena
939 2756 1052 2790 opera
1089 2756 1194 2779 usum
1232 2756 1310 2780 esse
1349 2747 1633 2779 consentaneum
1679 2747 1747 2781 est.

226 2791 407 2827 Herodoti
432 2791 556 2827 locum
582 2791 795 2837 importuno
821 2791 1056 2827 librariorum
1082 2791 1337 2827 additamento
1358 2789 1572 2836 ἐπίγραμμα
1591 2792 1748 2827 'auctum

226 2849 305 2873 esse
335 2850 410 2919 lnon
442 2839 784 2875 animadverterunt
815 2839 952 2883 critici3
988 2836 1029 2874 τὸ
1062 2839 1129 2874 τοῦ
1161 2837 1314 2885 μάντιος
1344 2839 1402 2874 est
1431 2837 1640 2884 sepulcrum
1671 2838 1748 2875 sive

227 2887 332 2919 tumu
350 2897 391 2920 us
417 2887 554 2931 (σῆμα).
