1864 3126
194 156 282 200 270
522 182 524 187 ⁴
756 156 950 194 POETAE
975 156 1152 196 MELICI.

851 268 919 311 52.
953 268 1059 321 [50.]
1627 281 1717 314 1025

289 347 550 406 Σινάμωροι
582 351 863 405 πολεμίζουσι
895 351 1102 410 θυρωρῷ.

850 468 920 512 53.
953 470 1058 522 [52]

293 548 486 593 Σικελὸν
516 548 734 606 κότταβον
766 547 936 608 ἀγκύλῃ
967 553 1147 604 παῖ’ζων.

851 670 1060 724 54.[53]

283 748 379 794 Ἐπὶ
413 749 454 794 δ’
491 748 687 808 ὀφρύσιν
719 755 909 796 σελίνων
940 756 1263 809 στεφανίσκους

286 822 472 878 θέμενοι
502 820 693 866 θάλειαν
725 821 865 880 ὁρτὴν
895 822 1132 880 ἀγάγωμεν

288 892 514 952 Διονύσῳ.

849 992 918 1035 55.
953 992 1056 1045 [54]

285 1067 518 1114 Διονύσου
550 1074 710 1115 σαῦλαι
743 1076 1030 1131 Βασσαρίὸες.

828 1194 929 1236 *56
964 1193 1067 1246 [55]

287 1271 397 1316 Οὐδ’
434 1268 494 1318 αὖ
528 1272 573 1331 μ’
609 1273 752 1327 ἐάσεις
782 1273 998 1331 μεθύοντ’
1033 1275 1177 1319 οἴκαδ’
1212 1272 1443 1331 άπελθεῖν;

847 1395 1055 1448 57.[56]

286 1478 400 1532 Φίλη
431 1474 518 1534 γὰρ
551 1474 592 1520 εἷ
622 1465 784 1533 ξένοις.
817 1479 951 1521 ἔασον
984 1477 1038 1521 δέ
1065 1493 1118 1533 με
1151 1478 1352 1530 διψῶντα
1383 1486 1513 1551 σξιεῖν.

280 1629 339 1664 Fr.
365 1633 422 1664 52.
472 1630 530 1666 Et.
557 1631 607 1667 M.
635 1635 719 1675 713,
746 1634 808 1666 26:
840 1627 1098 1676 Σινάμοροι
1129 1629 1348 1691 (σινάμωροι
1374 1631 1482 1666 VDM
1518 1642 1542 1666 a
1566 1644 1614 1669 m.
1641 1633 1711 1678 pr.)

185 1689 224 1712 π.
250 1679 461 1722 θυρωροί
482 1677 530 1723 (V
554 1679 722 1735 θῦρροι)
733 1675 774 1713 ἐν
800 1677 963 1726 δευτέρῳ
985 1677 1079 1724 (cod.
1099 1678 1197 1714 Flor.
1225 1677 1267 1714 ἐν
1293 1676 1344 1724 α’)
1368 1676 1622 1725 Ἀνακρέων.
1649 1693 1712 1725 με-

186 1723 408 1769 μορημένοι,
434 1726 543 1770 φησί,
569 1723 662 1771 πρὸς
687 1723 728 1761 τὸ
755 1726 941 1761 σίνεσθαι.
969 1747 1012 1751 -—
1038 1726 1168 1770 scripsi
1190 1727 1369 1785 θυρωρῷ.

282 1771 338 1807 Fr.
365 1775 421 1807 53.
472 1773 606 1808 Athen
640 1773 672 1807 X
699 1772 833 1808 4271).
863 1771 1046 1829 Ἐχρῶντο
1078 1773 1150 1818 ’γὰρ
1183 1771 1365 1832 ἐπιμελῶς
1395 1774 1446 1822 τῷ
1478 1775 1712 1831 κοτταβίζειν

185 1815 294 1858 ὄντος
325 1819 392 1853 τοῦ
423 1821 600 1865 παιγνίου
633 1819 854 1863 Σικελικοῦ,
886 1817 1064 1877 καθάπερ
1096 1824 1160 1856 καὶ
1192 1817 1212 1855 ὁ
1238 1811 1486 1867 Ἀνακρέων
1520 1818 1540 1855 ὁ
1571 1819 1711 1866 Τήϊος

185 1867 387 1911 πεποιυηκε
415 1865 664 1903 Σικελικὸν
691 1866 917 1925 κότταβον
937 1864 1112 1914 αγκύλῃ
1133 1868 1311 1911 δαΐζων.
1334 1890 1377 1894 -
1398 1866 1559 1904 Σικελὸν
1579 1869 1711 1904 Gr-ote

184 1913 284 1956 send,
309 1913 455 1955 παΐζων
484 1925 554 1960 ego
580 1915 724 1959 scripsi,
747 1912 912 1957 ’λελίζων
937 1915 1130 1960 Emperius
1156 1916 1250 1951 coni.

276 1942 337 1995 'Fr.
364 1964 420 1995 54.
470 1961 604 1998 Athen.
633 1962 700 1997 XV
726 1962 851 1997 674οε
881 1959 1183 2007 Ἐστεφανοῦντο
1215 1961 1258 1998 ὃε
1290 1963 1355 1998 καὶ
1380 1960 1422 1998 τὸ
1448 1962 1636 2017 μέτωπον,
1663 1959 1712 2003 ὦς

186 2004 206 2042 ὁ
233 2004 348 2048 καλὸς
369 2004 615 2052 Ἀνακρέων
642 2007 716 2054 ἔφη
726 2006 853 2043 ·Ἐπὶ
884 2012 959 2045 κτλ.
1008 2009 1148 2045 Eadem
1173 2010 1284 2045 Eust-
1304 2013 1406 2053 1908,
1434 2014 1478 2044 55
1512 2010 1650 2045 omisso
1675 2022 1708 2046 v.

188 2052 370 2113 Διονύσῳ.
411 2056 449 2090 et
469 2055 948 2092 Schol.Pind.Ol.11119:
972 2053 1194 2101 Ἀνακρέων·
1222 2054 1283 2092 ἐπὶ
1309 2055 1347 2092 δ’
1369 2054 1530 2102 ὀφρύσιν
1556 2058 1710 2092 σελίνων

186 2100 401 2184 στέφῖανὲν
402 2102 497 2158 (cod.
524 2101 736 2185 (Ιῖίτεφάνων)
760 2101 930 2161 θέμενοι.
957 2125 1001 2129 -
1027 2103 1071 2140 V.
1095 2108 1124 2140 1.
1152 2101 1224 2148 ἐπὶ,
1250 2115 1310 2150 ap.
1331 2105 1417 2140 Ath.
1438 2105 1466 2139 L
1489 2103 1591 2139 Cant.
1614 2101 1708 2140 ἐπεί.

183 2170 230 2174 —
386 2146 500 2184 ὃτν
562 2147 966 2195 θτωιωυμνὲοτᾝν

278 2197 336 2232 Fr.
351 2163 429 2232 '559
452 2163 671 2254 ⁷²Hephaesta.
699 2202 762 2234 69·
785 2165 931 2234 τῶνρδΊέ
958 2197 1161 2256 τριμέτρων
1187 2197 1229 2234 τὸ
1257 2196 1330 2255 μὲν
1351 2195 1613 2243 ἄκατάληκτον
1638 2226 1646 2234 .
1669 2225 1676 2233 .
1699 2225 1707 2233 .

183 2257 285 2288 παρα
311 2242 354 2279 δε
380 2244 430 2292 τῷ
453 2241 733 2292 Ἀνακρέοντι
760 2243 896 2303 ἑτέρως
921 2242 1244 2291 ἐσχημάτισται..
1267 2244 1336 2282 ,τὸ
1356 2244 1398 2282 δὲ
1419 2243 1708 2292 καταληπτικόν·

186 2288 424 2327 Διονύσου
451 2294 525 2327 κτλ.
555 2314 599 2318 -
626 2293 655 2328 Ε
683 2291 894 2328 Διονύσσου
921 2293 1044 2328 σαῦλε.
1081 2293 1181 2329 Fort.
1208 2290 1381 2330 σαΰλαι.

281 2339 337 2374 Fr.
365 2343 420 2375 56.
473 2338 1135 2396 Schol.Aeschyl.Prom.128:‘O
1165 2337 1315 2396 ρυθμός
1341 2337 1710 2398 ἎἩνακρεόντειός

190 2383 266 2422 ἔστι
292 2385 545 2444 κεκλασμένος
563 2385 656 2433 πρὸς
673 2386 715 2423 τὸ
735 2386 987 2446 θρηνητικόν·
995 2385 1228 2443 ἐπεδήμησε
1247 2386 1320 2433 ’γὰρ
1338 2387 1383 2432 τῇ
1398 2384 1536 2447 Ἀττικῇ
1555 2389 1709 2445 Κριτίου

185 2431 302 2489 ἐρῶν,
318 2433 382 2469 καὶ
407 2431 556 2491 ἠρέσθη
581 2436 666 2470 λίαν
691 2439 769 2475 τοῖς
794 2434 921 2491 μέλεσι
946 2435 1013 2470 τοῦ
1039 2435 1219 2493 τραγικοῦ
1243 2435 1433 2479 (Welckei
1456 2434 1604 2492 μέλεσιν
1629 2432 1707 2470 αὖ

181 2481 260 2516 τοῦ
287 2479 307 2516 ὁ
334 2479 587 2538 τραγικός)·
615 2480 776 2529 ἐχρῶντο
804 2480 846 2518 δὲ
873 2478 1002 2523 αὐτοῖς
1028 2479 1097 2518 οὐκ
1124 2480 1165 2518 ἐν
1190 2482 1304 2517 παντὶ
1322 2480 1440 2530 τόπῳ,
1465 2478 1547 2517 ἀλλ’
1569 2479 1611 2517 ἐν
1629 2486 1709 2522 τοῖς

181 2531 442 2588 θρηνητικοῖς,
481 2525 530 2570 ὡς
564 2529 629 2565 καὶ
667 2530 878 2575 Σοφοκλῆς.
929 2528 1007 2565 ἔστι
1044 2528 1086 2565 δὲ
1123 2526 1242 2565 ταῦθ’
1275 2542 1389 2575 ομοια
1422 2530 1490 2578 τῷ·
1523 2525 1621 2564 Οὐδ’
1656 2543 1706 2564 αν

184 2573 310 2617 ἐάσεις
343 2589 387 2622 με
421 2579 495 2613 κτλ.
547 2576 715 2613 Correxit
746 2577 935 2612 Hermann
966 2578 1004 2612 ei:
1040 2577 1284 2622 probabiliter
1319 2566 1543 2612 Anacreonti
1576 2576 1709 2612 tribuit

184 2624 442 2668 ve1'sum,qui
468 2624 617 2660 videtur
649 2635 693 2659 ex
725 2624 886 2660 carmine
911 2623 951 2659 in
981 2623 1136 2660 Critiam
1162 2623 1302 2670 petitus
1327 2635 1416 2660 esse.
1465 2624 1707 2659 Anacreontis

185 2671 352 2706 carmina
378 2671 416 2706 in
444 2671 599 2706 critiam
623 2683 719 2717 resp.
746 2672 854 2708 Plato
880 2671 1026 2707 Charm.
1054 2675 1119 2708 157
1134 2672 1175 2707 Ε.

281 2719 340 2755 Fr.
367 2723 423 2754 57.
475 2719 609 2755 Athen.
632 2719 664 2754 X
683 2719 809 2755 433F:
835 2718 912 2754 Καὶ
927 2715 1055 2764 Ἀνακρ
1059 2717 1148 2754 έων·
1173 2719 1264 2764 φίλη
1284 2721 1358 2755 κτλ.
1380 2739 1419 2743 -
1443 2715 1482 2752 εἴ
1497 2715 1618 2760 ξένοις
1630 2717 1705 2762 VL,

186 2767 217 2800 A
244 2765 299 2807 εἰς
324 2766 471 2810 ξείνεις,
497 2766 526 2802 Ρ
552 2765 590 2801 εἰ
613 2767 759 2811 ξείνεις,
785 2766 814 2800 Β
840 2765 882 2801 δὲ
909 2767 1055 2811 ξείνεις,
1082 2765 1339 2802 Schneidewin
1365 2762 1419 2806 εἷς
1444 2765 1590 2807 ξείνοις.
1616 2764 1706 2800 Mei-

189 2813 281 2848 neke
309 2814 357 2848 ad
381 2813 583 2869 iambicum
608 2825 802 2849 numerum
828 2815 1006 2850 revocat.
1034 2814 1162 2859 ,Φίλη
1186 2810 1258 2859 γὰρ
1283 2810 1337 2853 εἷς
1361 2810 1496 2855 ξένοις·
1525 2811 1638 2847 ἔασον
1663 2810 1706 2847 δέ

187 2873 230 2905 με
254 2862 260 2904 1
283 2858 456 2906 Διψῶντ’
484 2862 617 2897 οπυιε
628 2874 680 2896 ιν
720 2871 794 2906 qua
818 2860 1027 2896 mutatione
1057 2866 1138 2896 non
1163 2862 1220 2895 est
1243 2871 1352 2905 opus,
1377 2870 1461 2895 nam
1488 2860 1558 2895 hoc
1583 2859 1705 2906 ipsum

187 2910 298 2951 poeta
324 2908 528 2944 verecunde
556 2907 668 2944 verbo
693 2912 794 2943 πιεῖν
820 2907 1055 2953 significavit.
1649 2931 1651 2933 ·
