1864 3126
805 143 1022 181 Αιιοιιιιι.
1501 125 1514 136 ’
1623 146 1679 188 57

194 253 836 288 ὓ-Δυ-Δυυ-υυ-υδέ

241 324 551 347 ὦ...ζυυ.-.-

240 383 550 406 -ζυυ-υυ-

243 452 473 500 Εὕδουσιν
505 453 547 500 δ’
583 454 726 514 ὀρέων
757 458 959 514 κορυφαί
985 472 1030 500 τε
1062 455 1134 500 καὶ
1166 454 1414 514 φάραγγες,

239 525 442 584 πρώονες
471 529 518 572 τὲ
547 526 621 571 καὶ
652 525 894 585 χαράδραι,

240 596 390 655 φύλλα
420 596 470 643 θ’
505 597 663 657 ἑρπετά
696 595 745 643 θ’
781 596 894 643 ὄσσα
924 598 1076 655 τρέφει
1108 598 1295 655 μέλαινα
1326 608 1452 656 γαῖα,

240 670 381 727 θῆρές
410 668 450 714 τ’
486 668 701 731 ὀρεσκῷοι
732 669 806 714 καὶ
837 670 968 727 γένος
997 671 1213 727 μελισσᾶν

194 753 216 786 5
241 741 316 786 καὶ
347 741 542 788 κνώδαλ’
577 744 627 787 ἐν
657 742 842 799 βένθεσι
874 743 1132 800 πορφυρέας
1164 740 1285 795 ἁλός·

242 811 456 858 εὕδουσιν
487 812 530 859 δ’
566 812 744 859 ὀϊωνῶν

241 887 364 943 φῦλα
394 884 752 944 τανυπτερύγων.

877 983 947 1026 61.

366 1059 514 1121 .Ἦρα
544 1063 627 1109 τὸν
662 1067 835 1121 Φοῖβον
867 1062 1048 1123 ὄνειρον
1081 1062 1226 1120 εἷδον;

241 1197 300 1233 Fr.
322 1201 379 1233 60.
414 1195 472 1242 Ap
475 1196 587 1232 ollon.
608 1195 695 1232 Lex.
715 1196 824 1232 Hom.
848 1166 927 1242 101,
943 1200 1004 1232 18·
1023 1193 1146 1233 Ἔνιοι
1165 1196 1206 1234 δὲ
1226 1199 1353 1255 θῆρας
1378 1197 1447 1255 μὲν
1474 1198 1537 1235 καὶ
1557 1202 1677 1257 θηρία

144 1242 317 1302 λέγοντες
340 1208 496 1285 λέοντας
519 1244 585 1280 καὶ
609 1241 815 1302 παρδάλεις
846 1243 912 1279 καὶ
942 1241 1081 1287 λύκους
1111 1245 1176 1282 καὶ
1207 1243 1333 1282 πάντα
1364 1244 1409 1283 τὰ
1427 1251 1679 1304 παραπλησια

143 1289 308 1350 τούτοις,
342 1289 480 1350 ἑρπετὰ
514 1291 556 1328 δὲ
589 1289 702 1327 πάλιν
728 1292 865 1333 κοινῶς
889 1288 935 1327 τὰ
960 1291 1069 1348 γένη.
1079 1293 1154 1328 τῶν
1179 1291 1328 1351 ὄφεων,
1360 1292 1537 1330 κνώδαλα
1563 1294 1605 1332 δὲ
1633 1293 1678 1331 τὰ

143 1320 335 1376 θαλάσσια
371 1338 484 1385 κήτη,
523 1340 713 1396 φαλαίνας
749 1338 815 1375 καὶ
852 1337 924 1375 ὅσα
961 1341 1138 1385 τοιαῦτα,
1177 1339 1356 1399 καθάπερ
1394 1341 1458 1378 καὶ
1493 1339 1678 1390 Ἀλκμάν

147 1387 356 1424 διαστέλλει
380 1386 421 1424 λε’
447 1400 500 1423 ων
526 1383 663 1428 οὕτως
691 1383 924 1423 Ευδουσιν
950 1390 1025 1424 κτλ.
1053 1409 1095 1414 ——
1129 1370 1173 1424 V.
1204 1394 1233 1424 1.
1261 1386 1456 1434 εὕδουσιν,
1488 1402 1561 1426 ιιοιι
1587 1392 1679 1437 puto

146 1435 294 1482 vulgari
317 1435 390 1471 hac
416 1401 536 1471 gorma
561 1434 782 1471 Alcmanem
807 1446 916 1470 usum
942 1447 1039 1481 esse,
1065 1435 1130 1472 sed
1156 1438 1199 1472 ut
1223 1438 1320 1474 solet
1345 1437 1473 1474 Dorici
1498 1439 1679 1475 sermonis

144 1483 383 1520 severitatem
409 1493 546 1519 canora
571 1482 812 1519 Aeolensium
839 1486 929 1518 voce
956 1484 1178 1530 temperare,
1209 1484 1266 1520 ita
1295 1485 1444 1522 videtur
1470 1481 1678 1522 εῧδοισιν

143 1530 438 1576 praeoptavisse,
464 1531 503 1566 et
522 1530 571 1566 ad
590 1530 750 1566 eundem
768 1530 920 1565 modum
940 1543 1052 1578 supra
1070 1531 1113 1568 fr
1129 1536 1175 1567 34
1202 1530 1354 1578 ἔχωσιν,
1381 1533 1447 1569 sed
1466 1533 1558 1569 alibi
1571 1534 1678 1570 Dori-

145 1589 227 1614 cam
254 1578 460 1614 clausulam
486 1578 592 1614 velut
610 1576 778 1614 αἰνέοντι
789 1577 975 1635 adhibet,
1001 1580 1315 1625 quemadmodum
1341 1581 1454 1617 etiam
1474 1581 1678 1617 Pindarum

145 1625 238 1662 haec
263 1625 468 1662 variavisse
493 1626 650 1662 constat.
672 1646 716 1652 —
743 1623 939 1671 φάραγγες
958 1607 1156 1673 Villoison‚
1182 1627 1262 1664 cod.
1283 1625 1486 1686 φάλαγγες.
1506 1650 1553 1655 -
1578 1629 1622 1664 V.
1645 1633 1678 1665 2.

144 1669 313 1731 πραισνές
330 1686 371 1710 τε
391 1673 589 1730 Villoison,
615 1673 695 1709 cod.
716 1672 962 1730 πρωτονέστε.
985 1695 1026 1700 -
1048 1674 1093 1710 V.
1114 1679 1146 1711 8.
1174 1673 1297 1720 φύλλα
1322 1673 1366 1712 θ’
1394 1676 1539 1734 scripsi,
1564 1677 1678 1733 vulgo

144 1718 247 1766 φῦλά
273 1733 325 1757 τε.
347 1742 394 1747 -
419 1716 512 1757 ὅσσα
538 1720 683 1781 scripsi,
709 1721 789 1757 cod.
817 1732 903 1765 οσα,
931 1722 1165 1758 Schoemann
1193 1721 1311 1781 φῦλά
1321 1736 1359 1759 τε
1388 1720 1525 1768 ἑρπετά
1552 1721 1678 1769 τόσσα,

143 1768 316 1815 Hartung
341 1766 444 1814 φῦλά
470 1781 509 1805 τε
538 1765 676 1814 ἕρπέθ’
704 1765 860 1806 ὁπόσσα.
887 1790 931 1796 -
959 1769 1002 1805 V.
1026 1774 1058 1805 4.
1084 1769 1206 1827 θῆρές
1230 1769 1264 1806 τ’
1293 1767 1475 1818 ὀρεσκῷοι
1500 1772 1676 1813 traditam

144 1816 368 1863 scripturam
399 1816 476 1852 iam
505 1818 630 1862 tueor,
666 1816 778 1852 antea.
809 1816 951 1853 correxi
982 1818 1103 1863 θῆρες
1128 1814 1314 1867 ὀρεσκῷοί
1333 1832 1372 1855 τε
1401 1808 1465 1854 καὶ
1490 1832 1522 1864 γ.
1549 1833 1606 1865 μ.,
1636 1821 1679 1855 ut

143 1866 243 1900 esset
261 1863 480 1922 hexspodia
490 1845 723 1911 logaoe’dica,
742 1864 807 1900 sed
826 1863 984 1901 offendit
1001 1867 1090 1901 tunc
1110 1865 1224 1912 longa
1243 1856 1400 1912 syllaba,
1425 1878 1539 1912 quam
1558 1867 1680 1903 forma

83 1922 91 1933 ⁸
145 1911 293 1949 novicia
319 1908 532 1957 ὀρεσκόοι
564 1912 798 1949 restituenda
822 1912 1008 1958 expellere
1034 1913 1157 1949 ιιοΙιιι·
1175 1914 1369 1969 putabam
1394 1914 1613 1951 Alcmanem
1638 1915 1677 1950 in

146 1959 315 1996 versibus
351 1958 580 2006 logaoedicis
616 1959 769 2007 longam
805 1960 990 2005 syllabam
1028 1960 1141 1997 etiam
1172 1961 1218 1998 iis
1251 1961 1342 1998 locis
1366 1962 1577 2006 admisisse,
1613 1963 1678 1998 ubi

142 2006 288 2091 ξιξεέῐιὲ
278 2006 682 2100 s{li⁸g}›a÷rreg16uiritm;
715 2008 818 2045 certa
843 2010 972 2044 tamen
997 2010 1170 2055 exempla
1193 2009 1303 2046 huius
1328 2009 1503 2046 licentiae
1530 2010 1676 2046 deside-

354 2122 470 2172 ’,Εντί
495 2123 562 2163 τὸν
587 2124 815 2174 κνθαριστὰν
841 2125 1008 2164 αἰνέοντι

144 2197 331 2243 spondeus
369 2208 443 2234 non
478 2197 649 2234 trochaei
686 2197 767 2235 vice
802 2198 990 2246 fungitur,
1028 2211 1125 2246 quae
1162 2199 1278 2236 nimia
1310 2200 1407 2236 foret
1440 2211 1676 2236 numerorum

144 2209 601 2330 {Pssffimfflddssffl'iffh
625 2245 874 2339 tigisi?
880 2267 945 2331 ,ᾧ
966 2247 1614 2332 ‘3323'355512350323250533⁶2&
1632 2268 1677 2331 133

143 2339 268 2377 locum
307 2304 517 2376 ditrffihaei
553 2304 774 2378 ffistituta:
815 2323 937 2379 simile
976 2343 1033 2379 est
1067 2344 1248 2388 metrum,
1284 2343 1385 2388 quod
1420 2307 1677 2379 Alcviianicum

143 2388 414 2442 decasyllabum
445 2388 556 2424 vocat
586 2387 732 2425 Schol.
742 2390 849 2426 metr.
882 2389 986 2427 Pind.
1014 2390 1070 2427 01.
1098 2390 1183 2426 XIV
1206 2408 1232 2425 υ
1256 2421 1278 2426 ,
1301 2407 1518 2425 υυυυυ
1540 2420 1563 2425 -
1587 2408 1612 2425 υ
1635 2403 1676 2435 x-J,

143 2435 215 2472 nisi
238 2435 339 2481 qnod
364 2434 594 2494 pentapodia
617 2437 775 2473 constat.
815 2437 889 2473 Sed
914 2436 1034 2484 possis
1053 2437 1166 2474 etiam
1186 2438 1234 2474 ad
1253 2437 1457 2474 iambicum
1481 2450 1675 2474 numerum

143 2482 341 2540 refingere,
379 2495 412 2520 si
437 2484 663 2566 ἕενθεσσι
701 2483 902 2530 scripseris.
954 2484 1053 2521 Olim
1086 2485 1211 2521 deleta
1249 2485 1526 2531 praepositione
1561 2483 1603 2522 ἐν
1638 2487 1677 2521 et

144 2531 258 2567 verbo
283 2526 389 2567 εὕδει
413 2542 436 2567 a
463 2530 563 2567 iecto
589 2530 638 2567 ad
663 2532 942 2578 anapaesticum
968 2544 1163 2570 numerum
1188 2533 1282 2570 haec
1307 2533 1496 2570 revocavi.

357 2601 423 2638 nal
447 2599 624 2638 κνώδαλα
649 2599 806 2648 βένθεσι
829 2602 1051 2650 πορφυρέας
1074 2600 1164 2645 ἁλὸς
1188 2600 1306 2640 εὕδει.

146 2692 190 2699 —-
210 2671 448 2730 πορφυρέας,
473 2673 670 2728 legebatur
689 2674 897 2731 πρρφυρῆς.
919 2694 963 2701 -
989 2671 1090 2719 ἁλός,
1115 2674 1287 2729 Hartung
1306 2675 1514 2732 suspicatur
1532 2676 1675 2732 λίμνας.

147 2739 190 2746 -
216 2720 261 2756 V.
288 2726 319 2757 6.
353 2716 551 2767 ευδουσιν,
583 2720 727 2757 conieci
751 2717 862 2768 εῧδη
870 2733 958 2766 σιν,
991 2722 1036 2757 cf
1063 2721 1268 2767 Hesychius
1301 2717 1459 2758 naseun-
1464 2719 1676 2778 ἡσυχάζει,

144 2766 211 2803 ubi
229 2767 344 2804 etiam
362 2767 534 2805 Meineke
541 2749 688 2815 εῧδησι
707 2735 979 2806 restituendum
1005 2780 1084 2806 esse
1110 2770 1267 2805 censuit.
1288 2789 1330 2796 —
1358 2765 1506 2806 ὄϊωνῶν
1532 2770 1675 2818 scripsi,

143 2814 339 2862 legebatur
363 2814 518 2853 οἰωνῶν.

245 2862 303 2899 Fr.
325 2867 381 2900 61.
420 2863 595 2910 Apollon.
620 2864 667 2899 de
693 2862 786 2900 coni.
810 2862 925 2899 Bekk.
945 2861 1015 2899 An.
1037 2863 1069 2900 11
1090 2867 1176 2900 490:
1203 2859 1305 2910 Παρ’
1330 2860 1549 2911 Ἀλκμᾶνι·
1570 2858 1675 2922 Ηρα

145 2905 225 2946 τὸν
250 2911 420 2960 Φοῖβον
446 2914 522 2950 κτλ.
553 2932 598 2939 -
634 2907 785 2958 ὄνειρον
811 2910 1077 2958 adverbiascit,
1107 2911 1424 2957 quemadmodum
1449 2909 1589 2949 alias*
1568 2926 1672 2959 οναρ.
