1864 3126
194 149 276 212 192
526 180 528 185 .
751 149 944 185 POETAE
970 149 1149 185 MELICI.

190 260 256 300 καὶ
286 261 610 314 ῥεθομαλίδας
638 256 730 307 τοὺς
760 256 1042 314 εὐπροσώπους
1074 261 1183 311 φασί.
1226 261 1345 311 Apud
1377 261 1621 311 Hesychium
1651 263 1714 300 est

190 323 520 378 ἰδομαλιᾶδαι·
553 325 593 365 οἱ
620 321 688 372 τὰς
719 322 833 375 ὄψεις
862 321 1134 377 κοσμούμενοι.
1195 325 1302 365 Illud
1331 327 1543 374 incertum,
1574 326 1713 364 utrum

191 391 269 429 duo
301 391 459 430 diversa
491 391 684 430 vocabula
721 390 868 429 Alcaeo
905 391 1045 430 melico
1082 390 1318 430 vindicanda
1355 391 1452 440 sint,
1493 402 1544 428 an
1580 403 1715 440 unum,

192 456 240 494 de
273 457 383 494 ouius
417 456 613 505 scriptura
652 455 910 505 ambigebant}
947 457 1101 495 veteres
1139 455 1281 505 critici,
1319 454 1638 508 ρεθομαλίδαι
1674 456 1716 494 012

189 520 522 571 ,Ριδομαλίδαιε
554 533 681 569 neque
713 520 817 558 enim
848 520 899 558 ab
930 514 1034 567 εἶδος
1065 520 1270 558 descendit
1299 520 1396 558 haec
1427 533 1513 569 vox,
1546 521 1614 559 ssd
1645 519 1712 558 ad-

190 585 364 623 hibenda
395 588 458 624 est
487 585 679 635 Hesychii
710 585 845 635 glossa
876 584 972 624 ἴδοι·
1004 580 1218 636 ὀφθαλμοί.
1250 585 1389 623 Nauck
1416 585 1561 635 ubique
1587 584 1712 638 ρεγο-

191 647 302 699 μαλί
309 647 333 686 δ
341 663 366 686 α
374 663 393 695 ς
424 649 727 703 restituendum
745 652 889 689 censet.

827 787 1089 840 151.[118]

312 883 459 922 Athen.
490 884 553 922 ΙΙΙ
589 886 640 923 73
669 885 718 922 E:
746 879 909 923 Ἀττικοὶ
941 881 1011 934 μὲν
1043 876 1116 923 οὖν
1147 880 1206 923 ἀεὶ
1237 880 1514 936 τρισυλλάβως,
1540 880 1718 932 Ἀλκαῖος

192 945 236 986 δὲ
267 943 388 1000 δάκῃ
419 947 516 999 φησὶ
553 951 641 987 τῶν
680 943 859 986 σικύων
896 943 974 987 ἆπὸ
1007 945 1166 996 εὐθείας
1201 951 1269 998 τῆς
1307 949 1436 998 σίκυς,
1474 944 1526 996 ὦς
1549 939 1717 1001 ’στάχυς,

192 1008 367 1064 στάχυος.
429 1014 616 1052 Wclcker
646 1014 790 1051 maluit
821 1014 969 1051 comico
999 1014 1188 1053 tribuere.

911 1157 1005 1200 152.

310 1255 440 1294 Cram.
472 1255 549 1293 An.
581 1254 653 1293 Ox.
683 1254 702 1291 I
736 1255 840 1305 342,
875 1257 917 1293 1:
954 1250 1049 1293 Ἀπὸ
1089 1255 1168 1292 τῶν
1208 1254 1263 1301 εἰς
1302 1254 1348 1301 ἶς’
1384 1250 1457 1305 τὴν
1492 1252 1717 1306 τεμένηος

194 1316 300 1372 παρὰ
327 1316 490 1374 Ἀλκαίῳ
523 1316 626 1366 ἅπαξ
657 1317 897 1373 χρησαμένῳ.

781 1464 783 1466 “
842 1457 1077 1510 153.[83]

314 1556 486 1606 Hesych.
515 1550 865 1606 -Τετραβαρήων
902 1554 1084 1593 πλίνθων
1114 1553 1180 1593 καὶ
1209 1550 1397 1607 τάγματα·
1435 1550 1623 1602 Ἀλκαῖος.
1661 1555 1717 1594 sic

189 1623 286 1670 cod„
326 1622 449 1673 vulgo
480 1620 704 1671 τετραβαρῆ.
766 1620 871 1657 unde
903 1619 1122 1659 Salmasius
1165 1619 1388 1670 Τετραβαρῆ
1424 1619 1611 1658 πλίνθον·
1651 1617 1716 1657 καὶ

188 1683 412 1739 κατάταγμα
456 1681 633 1732 Ἀλκαῖος
690 1685 755 1724 vel
803 1683 1015 1736 τετραβαρῆ
1063 1684 1246 1723 πλίνθων
1298 1679 1497 1736 τάγματα,
1547 1683 1714 1722 Vossius

194 1751 434 1803 Τετραβαρῆ·
476 1750 659 1789 πλίνθων
698 1744 924 1801 κατάταγμοέ
962 1763 1007 1788 τι.
1067 1748 1167 1786 Mihi
1206 1747 1377 1787 Alcaeus
1419 1748 1623 1798 scripsisse
1660 1748 1715 1788 vi-

190 1816 378 1854 debatur:

534 1897 730 1936 Πλίνθων
761 1891 1034 1947 τετραβαρήων
1065 1891 1161 1934 κατὰ
1191 1892 1374 1949 τάγματα.

191 2005 309 2042 quam
339 1993 510 2031 formam
540 1988 722 2042 τεμένηος
752 1990 800 2028 fr.
837 1991 917 2028 152
958 1991 1112 2040 tuetur,
1156 1990 1220 2029 vel
1257 1989 1546 2040 τετραβαρηᾶν,
1583 2001 1716 2037 quem-

190 2057 403 2096 admodum
430 2057 540 2106 *apud
573 2056 791 2094 Homerum
823 2055 885 2093 est
915 2050 1183 2105 χαλκοβάρεια.
1232 2053 1288 2092 At
1318 2053 1557 2091 adiectivum
1587 2066 1716 2103 τετρα-

190 2117 315 2173 βαρής
359 2121 516 2159 omnino
553 2120 619 2159 vix
656 2119 815 2168 poterat
852 2118 967 2168 fingi,
1006 2119 1153 2156 lateres
1194 2113 1425 2170 τετράγωνοι
1463 2118 1526 2156 vel
1561 2111 1714 2168 τετράγ-

121 2199 127 2206 ·
190 2200 315 2233 κωνες
355 2186 432 2224 dici
475 2186 678 2235 poterant3
720 2184 855 2232 itaque
896 2183 1074 2232 suspicor
1117 2184 1276 2232 poetam
1317 2182 1522 2231 scripsisse
1560 2194 1714 2232 τετρα-

191 2247 351 2302 μαρήω
363 2266 404 2300 ν,
442 2253 488 2288 ut
519 2244 623 2301 μᾶρη
662 2249 798 2287 eodem
822 2246 951 2287 'modo
990 2247 1044 2286 sit
1079 2247 1246 2296 dict-um,
1287 2259 1364 2296 quo
1403 2241 1593 2296 παλαιστή
1631 2245 1714 2284 sive

191 2315 333 2367 δῶρον,
365 2328 410 2354 ac
441 2314 637 2360 πλίνθους
667 2308 933 2364 τετραδῶρους
963 2313 1005 2350 in
1036 2324 1110 2350 usu
1141 2311 1265 2350 fuisse
1290 2312 1466 2350 testatur
1493 2310 1713 2349 Vitruvius.

822 2417 1087 2503 154.[116]
1157 2438 1160 2442 ’

310 2550 501 2602 Hesych.:
538 2545 801 2601 Τετρᾶδων·
840 2543 980 2599 ὅρνεόν
1008 2555 1061 2586 τι·
1089 2542 1277 2592 Ἀλκαῖος.
1339 2544 1398 2585 Cf.
1428 2544 1481 2583 ib.
1516 2540 1711 2595 Τετρᾶων·

192 2614 301 2668 ὅρνις
337 2612 462 2664 ποιός.
511 2618 553 2654 et
592 2616 797 2665 Τετραῖον·
837 2607 1071 2664 ὃρννθοὶριόν
1106 2625 1142 2649 τι
1180 2605 1380 2656 Λάκωνες.
1428 2608 1529 2647 adde
1565 2608 1711 2648 Athen.

192 2682 285 2720 XIV
327 2683 412 2720 654
445 2680 487 2719 O.
547 2680 735 2719 Fortasse
773 2671 975 2727 Ἀλκμὰν
1018 2675 1279 2714 scribendum.
1340 2674 1445 2712 Olim
1489 2674 1712 2723 suspicatus

193 2760 281 2786 sum
312 2739 452 2796 verba,
483 2757 584 2794 quae
624 2743 809 2782 continuo
841 2741 945 2790 apud
977 2740 1220 2789 Hesychium
1258 2741 1496 2788 sequuntur,
1534 2751 1712 2787 quaeque

194 2823 264 2860 pro
296 2809 489 2859 peculiari
515 2809 652 2859 glossa
677 2807 892 2845 habentur:
927 2801 1178 2857 Τετράδυσιν·
1209 2799 1363 2854 ἀηδόνα
1390 2798 1493 2855 (cod.
1517 2797 1711 2855 ἀηδόνας)

194 2876 269 2912 huc
301 2875 508 2923 pertinere,
540 2875 586 2912 ut
614 2873 739 2922 ipsius
771 2873 910 2921 poetae
942 2870 1023 2910 sint
1054 2869 1176 2909 verba
1207 2868 1263 2907 sic
1294 2868 1521 2907 scribenda:
