1864 3126
227 139 312 182 582
517 121 519 126 ’
707 142 716 151 ·
787 136 976 173 POETAE
999 135 1179 174 MELICI.

323 248 381 290 Οἱ
410 246 490 302 μὲν
523 243 712 302 ἀδμᾶτες
743 243 963 289 ἄεικελιᾶν
996 245 1081 289 εἰσὶ
1111 244 1262 290 νόσων
1293 245 1367 289 καὶ
1398 243 1576 301 ἄνατοι,

323 315 456 360 οὐδὲν
487 314 748 374 ἀνθρώποις
780 320 927 360 ἴκελοι.
1462 323 1466 327 ’

882 435 951 479 35.
985 435 1088 489 [35]
1566 464 1570 469 -
1657 446 1748 479 1238

799 644 865 690 Οὐ
896 645 982 704 γὰρ
1013 643 1270 690 ὑπόκλοπον
1301 655 1435 703 φορεῖ

323 721 523 776 βροτοῖσι
554 716 791 774 φωνάεντα
823 716 959 773 λόγον
991 721 1139 774 σοφία.

884 837 1093 889 36.[36]

512 1160 724 1200 Θνατοϊσι
757 1153 801 1199 δ’
838 1153 920 1200 οὐκ
952 1153 1214 1214 αὐθαίρετοι
1683 1210 1695 1222 ,

325 1225 419 1271 οὔτ’
456 1225 588 1282 ὄλβος
619 1223 714 1270 οὔτ’
750 1224 973 1282 ἄκαμπτος
992 1224 1128 1284 ’Ἁρης
1153 1225 1256 1270 οὔτε
1281 1225 1565 1283 πάμφθερσις
1590 1226 1756 1284 στάσις,

325 1295 424 1341 ἀλλ’
461 1299 733 1355 ἐπιχρίμπτει
763 1297 901 1354 νέφος
932 1295 1081 1341 ἄλλοτ’
1117 1295 1183 1342 ἐπ’
1219 1295 1359 1341 ἄλλαν

325 1377 457 1425 γαῖαν
490 1365 517 1411 ἁ
549 1366 787 1426 neimo-0903
817 1365 932 1412 αἶσα.

889 1477 957 1520 37.
991 1476 1096 1530 [δι]

325 1568 970 1594 -Δυυ-υ-Δυ-υυ-*Α

326 1631 384 1673 Εἰ
415 1627 464 1673 δὲ
496 1628 612 1684 λέγει
642 1644 708 1680 τις
739 1626 904 1683 ἄλλως,
936 1632 1118 1671 πλατεῖα
1148 1628 1372 1680 κέλευθος.

231 1750 313 1784 δου
344 1747 412 1783 τοῦ
445 1746 647 1792 μελοποιοῦ
678 1745 763 1790 περὶ
788 1746 855 1782 τοῦ
880 1747 994 1782 θείου
1025 1744 1215 1791 λέγοντος·
1255 1744 1311 1781 Οἱ
1342 1744 1426 1791 μὲν
1458 1743 1656 1793 ἀδμῆτες
1685 1744 1761 1783 ἀεὶ

232 1795 309 1831 καὶ
346 1796 449 1830 λίαν
486 1791 664 1829 νούσων
711 1792 800 1828 εἰσὶ
836 1792 902 1828 καὶ
938 1790 1147 1829 οἷναίτιοι
1177 1796 1252 1829 κτλ.
1301 1793 1440 1829 Eadem
1467 1794 1600 1830 Euseb.
1626 1795 1757 1841 Praep.

231 1844 299 1878 Ev.
324 1842 413 1878 XIII
433 1845 512 1885 679,
539 1840 603 1876 ubi
628 1837 823 1876 ἄεικελίων
849 1843 888 1876 et
913 1840 1046 1876 deinde
1073 1842 1211 1876 εἶ’κελοι
1234 1841 1388 1886 legitur3
1419 1837 1587 1887 ἄδμᾶτες
1611 1842 1762 1888 scripsit

236 1889 398 1933 Boeckh,
437 1885 631 1923 ἆεικελιᾶν
662 1888 778 1922 Neue.
835 1887 978 1924 Deinde
1014 1887 1085 1923 εἰσὶ
1122 1885 1243 1923 νόσων
1277 1888 1342 1923 καὶ
1379 1884 1515 1924 ἅνατοι
1545 1889 1677 1935 scripsi
1707 1891 1761 1934 (et

232 1934 369 1972 ἅνατοι
400 1936 475 1971 iam
509 1935 685 1971 Schaefer
710 1935 954 1979 emendavit),
993 1946 1077 1970 cum
1104 1935 1191 1971 olim
1218 1933 1366 1971 νούσων
1391 1934 1464 1971 εἰσὶ
1488 1935 1554 1971 καὶ
1578 1937 1759 1994 ςκακῶν)

233 1982 358 2019 ἄνατα
383 1983 591 2019 edidissem.
635 1982 740 2017 Neue
761 1980 920 2017 coniecit
945 1982 1066 2017 deleto
1092 1982 1204 2018 verbo
1231 1981 1338 2027 εἰσίν,
1366 1979 1532 2019 ἅνατοι
1555 1996 1576 2018 τ
1594 2011 1603 2028 ,
1628 1983 1759 2020 Iacobs

234 2031 298 2067 καὶ
324 2027 479 2075 ἅναιμοι
505 2026 656 2073 κούδέν,
681 2029 853 2074 Han-‚ung
879 2028 1028 2075 scripsit
1051 2026 1198 2065 νούσων
1222 2042 1261 2066 τε
1288 2028 1354 2064 καὶ
1378 2027 1498 2076 γήρως
1522 2027 1667 2067 ἅνατοι.
1717 2030 1759 2066 In

235 2078 387 2114 exordio
413 2077 499 2113 fort.
524 2077 599 2123 leg.
627 2075 735 2112 Θεοὶ
760 2074 829 2122 μὲν
855 2072 914 2111 ἆδ.

328 2125 388 2161 Fr.
415 2129 472 2161 35.
518 2122 631 2160 clem.
651 2124 709 2159 Al.
729 2123 963 2169 Paedag.111
983 2127 1069 2160 310:
1097 2120 1160 2160 Οὐ
1184 2121 1268 2170 γὰρ
1293 2137 1327 2160 υ.
1354 2137 1393 2169 φ.
1423 2125 1484 2172 βρ.
1511 2122 1760 2169 φωνάεντα

233 2170 387 2219 λόγον,
416 2170 544 2208 ἔσται
568 2168 701 2217 λόγος
726 2172 884 2216 σοφία,
910 2166 961 2212 ὥς
985 2183 1078 2217 φησι
1103 2171 1398 2217 Βακχυλίδης.
1449 2171 1514 2206 ubi
1539 2172 1644 2208 codd.
1663 2173 1758 2209 Nov.

234 2221 313 2257 Pal.
340 2220 432 2266 Reg.
460 2217 559 2265 ἔστε,
597 2220 635 2254 et
659 2218 765 2255 Bodl.
798 2219 935 2263 σοφίας
972 2218 1158 2255 exhibent.
1217 2218 1342 2255 Verba
1374 2216 1477 2254 ἔσται
1506 2216 1617 2265 λόγος
1650 2221 1760 2276 (quae

1533 2279 1623 2302 εντα
1646 2270 1689 2302 λο
1717 2280 1760 2303 ον

235 2314 410 2351 videntur
435 2325 479 2350 ex
505 2313 659 2359 antiquo
685 2312 781 2349 libro
808 2313 974 2349 correcto
1005 2312 1045 2348 in
1076 2313 1173 2348 hunc
1203 2313 1357 2349 modum
1389 2311 1500 2359 φωνὰ
1527 2312 1630 2350 ἔσται
1654 2280 1762 2360 λόζνος

236 2363 320 2397 orta
339 2362 433 2406 esse)
448 2360 591 2397 delevit
603 2361 718 2404 Neue,
745 2359 915 2396 Schmidt
933 2359 1080 2405 scripsit
1099 2361 1281 2405 φωνᾶντα
1305 2358 1415 2407 λόγον
1436 2359 1474 2403 ἐς
1492 2359 1595 2402 τέλος
1613 2362 1758 2407 σοφίας.

236 2409 357 2445 Locus
395 2407 561 2444 nondum
596 2409 832 2454 persanatus‚
870 2407 965 2443 nihil
996 2407 1074 2453 egit
1098 2406 1216 2444 Cobet
1251 2406 1362 2454 λόγον
1405 2405 1430 2444 ἆ
1468 2407 1607 2450 τέλειος
1644 2409 1760 2454 σοφία

237 2467 471 2539 ωηιξξῗέὅ.
516 2502 620 2538 Stob.
645 2502 724 2538 Ecl.
752 2502 861 2548 Phys.
889 2502 906 2536 I
932 2506 964 2546 5,
992 2506 1029 2537 3:
1056 2503 1360 2548 Βακχυλίδου.
1388 2523 1431 2529 -—
1457 2503 1501 2539 V.
1529 2507 1559 2539 1.
1584 2504 1762 2538 θνατοῖσι

236 2551 350 2596 Neue,
379 2551 490 2596 vulgo
515 2553 681 2594 θνητοῖς.
705 2571 746 2575 -
767 2546 803 2585 δ’
831 2549 916 2585 add.
936 2549 1012 2595 AV,
1038 2549 1152 2596 vulgo
1178 2550 1292 2586 deest.
1313 2571 1358 2576 —
1378 2550 1422 2586 V.
1442 2555 1476 2586 2.
1502 2546 1544 2586 ὄλ
1571 2562 1612 2590 ος
1631 2550 1674 2594 V,
1700 2547 1760 2585 ὄλ-

239 2599 317 2645 βιος
342 2599 385 2642 Α,
412 2594 523 2646 ὄλβος
547 2594 582 2632 τ’
610 2597 656 2639 Η,
683 2597 796 2643 vulgo
823 2594 945 2645 ὄλβον.
966 2617 1010 2623 -
1030 2594 1239 2643 ἄκαμπτος,
1262 2597 1302 2633 in
1326 2597 1520 2643 proecdosi
1570 2609 1762 2643 γναμπτος

237 2645 444 2727 ἳῗῇἓεᾏέ
462 2642 1069 2727 ῗέιμφῖιῖῖἶιὶἷὲᾰαῖῗῖφθερῗτις
1080 2645 1128 2726 {⁴³³
1153 2645 1268 2727 {225⁰
1279 2643 1700 2737 ἕξεῖἷὶρσζᾎῗοθῗᾶῗ·
1715 2663 1760 2671 “

239 2737 327 2774 αἶσα
353 2739 502 2775 Canteri
527 2705 620 2784 ἕξεί,
644 2739 758 2785 vulgo
784 2739 903 2775 ὃεῖσα.
1141 2704 1162 2738 γ
1433 2720 1442 2738 ’

334 2787 391 2822 Fr.
419 2791 475 2823 37.
524 2787 622 2822 Plut.
646 2785 712 2822 vit.
737 2786 848 2822 Num.
875 2797 904 2822 c.
931 2790 971 2821 4:
1009 2785 1066 2822 Εἰ
1094 2784 1143 2822 δὲ
1169 2784 1294 2832 λέγει
1319 2785 1361 2832 (C
1386 2783 1501 2831 λέγω)
1526 2797 1556 2820 '‘-
1583 2781 1634 2830 ἄη
1665 2781 1764 2821 κατὰ
1858 2830 1864 2854 1

242 2835 549 2914 Βαῗχυλὶξδην,
593 2837 660 2869 πλ.
703 2831 937 2874 κέλευθος.
998 2833 1071 2869 nisi
1107 2834 1204 2869 forte
1246 2831 1598 2880 priora-Plutarchi
1639 2833 1764 2878 potius

245 2891 312 2913 sun
356 2890 417 2915 ver
446 2892 477 2915 a·
