1864 3126
208 148 294 191 130
545 191 547 194 ⁸
772 148 962 185 ΡΟΕΤΑΕ
987 147 1164 184 MELICI.

204 257 358 315 ᾄδουσα
388 256 594 311 καλλιεπής
625 258 702 299 ἐστι
731 258 797 299 καὶ
827 255 959 311 ἡδεῖα,
997 258 1063 298 καὶ
1094 258 1180 311 περὶ
1211 255 1367 311 ἐρώτων
1404 257 1447 298 δὲ
1484 258 1549 299 καὶ
1589 258 1728 312 ἔαρος

205 322 281 378 (sic
313 325 425 373 Gale,
457 339 492 364 v.
523 320 655 377 ἀέρος)
687 323 753 364 καὶ
791 323 879 376 περὶ
915 320 1167 374 ἁλκυόνος,
1203 323 1270 364 καὶ
1306 321 1414 364 ἅπαν
1451 321 1572 364 καλὸν
1601 321 1728 377 ὄνομα

204 387 421 440 ἐνύφανται
452 385 572 440 αὐτῆς
602 391 648 442 τῇ
679 384 849 441 ποιήσει,
879 385 925 429 τὰ
957 387 1001 428 δὲ
1031 387 1096 428 καὶ
1127 383 1226 440 αὗτὴ
1265 383 1480 441 εἰργάσατο.
1541 390 1727 430 Fortasse

204 456 328 495 verba
358 453 423 494 καὶ
454 453 541 506 περὶ
572 451 725 505 ἐρώτων
757 485 765 494 .
787 484 824 493 ..
857 449 1051 501 ἁλκυόνος
1083 455 1221 494 statim
1251 457 1342 504 post
1379 455 1502 494 verba
1541 453 1628 507 περὶ
1659 452 1730 506 μὲν

203 516 371 567 κάλλους
403 520 631 560 collocanda
661 522 766 560 sunt.
1594 536 1597 540 ·

854 646 1089 699 125.[97]

323 733 481 772 Maxim.
514 733 608 783 Tyr.
639 733 772 771 XXIV
806 735 848 772 9:
888 731 1052 783 Διοτίμα
1089 729 1208 783 λέγει,
1247 728 1304 770 ’ὅτι
1334 727 1470 770 θάλλει
1501 729 1573 782 μὲν
1604 729 1734 782 Ἔρως

204 790 403 847 εὐπορῶν,
440 793 688 848 ἀποθνήσκει
725 795 769 836 δὲ
806 791 985 848 ἀπορῶν·
1023 798 1134 836 τοῦτο
1172 792 1330 847 Σαπφὼ
1369 796 1615 849 ξυλλαβοῦσα
1651 793 1734 836 εἶπε

203 858 531 915 γλυκύπικρον
562 858 672 916 (vide
703 864 752 903 fr.
786 857 860 915 90)
893 859 959 901 καὶ
989 854 1330 914 ἆλγεσίδωρον·
1369 857 1438 900 τὸν
1457 858 1614 913 ’Έρωτα
1644 864 1731 901 Σω·

204 924 349 979 κράτης
384 923 576 979 σοφιστὴν
616 925 732 981 λέγει,
770 923 930 978 Σαπφὼ
967 922 1287 978 μυθοπλόκον.
1350 926 1543 966 vocabuli
1583 922 1733 980 άλγεσί-

205 991 332 1042 δωρος
364 993 461 1031 satis
500 992 683 1031 insolens·
713 992 862 1043 figura3
900 985 1180 1044 άλγεσὺθυμος,
1218 992 1321 1042 quod
1352 993 1394 1030 in
1431 991 1612 1042 Orphicis
1649 1004 1732 1031 ear-

204 1057 377 1096 minibus
408 1058 570 1108 legitur,
603 1058 732 1108 specie
764 1058 922 1108 quidem
954 1057 1095 1106 simile,
1126 1069 1265 1107 reapse
1297 1057 1450 1107 dispar:
1481 1070 1574 1096 nam
1605 1059 1679 1097 hoc
1709 1071 1734 1096 a

205 1122 326 1162 verbo
360 1123 574 1172 descendit,
608 1123 849 1173 Sapphicum
881 1135 904 1161 a
934 1123 1102 1171 nomine,
1134 1123 1160 1161 i.
1192 1135 1224 1161 e.
1256 1118 1387 1174 ἄλγεσι
1418 1118 1679 1175 δωρούμενος.

835 1249 1101 1303 126.[105]

323 1335 463 1375 Iulian.
490 1336 618 1386 Epist.
643 1335 795 1375 XVIII:
814 1331 905 1378 Ἵνα
930 1333 984 1385 σέ,
1009 1331 1056 1374 τὸ
1089 1332 1271 1387 μέλημα
1301 1329 1500 1387 τούμόν,
1532 1331 1585 1382 ὥς
1610 1347 1733 1386 φησιν

204 1397 230 1452 ἡ
269 1397 447 1452 Σαπφώ,
490 1395 794 1454 περιπτύξωμαι.
856 1400 915 1440 Cf.
948 1401 1179 1440 Theodorus
1222 1401 1476 1450 Hyrtaeenus
1518 1401 1560 1439 in
1604 1401 1733 1451 Epist.

208 1469 274 1516 15,
305 1468 362 1506 40
394 1461 535 1519 (Oodd.
567 1467 669 1506 Bibl.
700 1467 797 1516 Reg.>
829 1466 956 1504 Paris.
989 1465 1034 1505 T.
1065 1461 1140 1518 V):
1180 1463 1246 1504 καὶ
1275 1467 1521 1504 καταπαῦσαι
1549 1462 1648 1518 πρὸς
1677 1464 1734 1516 σέ,

203 1526 244 1570 τὸ
276 1527 371 1582 ἐμὸν
402 1529 565 1583 μέλημα,
597 1527 757 1582 Σαπφώ
788 1542 911 1582 φησιν
941 1526 966 1582 ἡ
999 1526 1117 1582 σοφή.
1179 1530 1340 1581 Sappho
1371 1526 1413 1570 τὸ
1445 1528 1594 1582 μέλημα
1626 1523 1734 1582 ὦμον

204 1595 370 1635 dixerat.

926 1688 1022 1730 127.

323 1774 489 1814 Aristid.
521 1774 541 1811 I
573 1776 677 1813 425:
719 1770 772 1813 Τὸ
804 1769 903 1825 ὑπὲρ
933 1770 1062 1824 πάσης
1092 1775 1159 1824 τῆς
1190 1768 1339 1820 πόλεως
1370 1769 1529 1824 ἑστηκὸς
1565 1769 1731 1827 γάνος,

206 1834 255 1877 οὗ
301 1838 593 1891 διαφθεῖρον
635 1831 716 1886 τὰς
759 1835 914 1889 ὄψεις,
953 1833 1006 1886 ὥς
1043 1837 1120 1889 ἔφη
1158 1832 1338 1888 Σαπφώ,
1375 1832 1462 1877 ἀλλ’
1502 1832 1624 1886 αὗξον
1666 1838 1731 1878 καὶ

205 1900 349 1952 στέφον
379 1901 445 1942 καὶ
476 1899 601 1954 ἅρδον
631 1899 712 1954 ἅμα
742 1899 931 1958 εὐθυμία·
970 1894 1237 1955 ὑακινθίνῳ
1270 1900 1341 1954 μὲν
1370 1900 1512 1943 ἄνθει
1549 1900 1732 1956 οὐδαμῶς
1745 1925 1814 1956 916

205 1963 393 2017 ὅμοιον,
425 1961 508 2005 ἀλλ’
545 1962 630 2006 οἷον
661 1963 781 2006 οὐδὲν
811 1963 968 2007 πώποτε
998 1969 1051 2020 γῆ
1075 1966 1143 2006 καὶ
1166 1964 1278 2018 ἥλιος
1302 1964 1534 2020 ἀνθρώποις
1565 1968 1731 2020 ἔφηναν.

205 2032 295 2071 Non
327 2035 435 2071 reete
465 2031 605 2071 Nauck
636 2033 733 2071 haec
764 2033 890 2071 refert
920 2033 972 2071 ad
1004 2032 1151 2082 Sapph.
1184 2035 1223 2081 2,
1258 2035 1322 2071 11.

835 2158 1100 2212 128.[119]

324 2245 467 2283 Pollux
494 2245 556 2282 *VI
590 2246 691 2284 107:
719 2240 939 2295 Ἀνακρέων
964 2274 974 2284 .
995 2275 1003 2283 .
1025 2276 1032 2284 .
1059 2245 1357 2294 στεφανοῦσθαί
1379 2256 1502 2296 φησιν
1526 2245 1592 2285 καὶ
1616 2239 1730 2298 ἆνήτ-

205 2325 270 2364 τῳ,
303 2305 355 2357 ὦς
385 2308 451 2349 καὶ
481 2305 640 2359 Σαπφὼ
673 2304 740 2362 (fr.
773 2311 826 2348 78
859 2323 895 2349 v.
929 2307 974 2362 2)
1006 2307 1072 2348 καὶ
1098 2303 1293 2358 Ἀλκαῖος·
1331 2303 1438 2350 οὗτοι
1476 2308 1519 2350 δὲ
1558 2307 1634 2364 ἄρα
1663 2310 1730 2351 καὶ

207 2369 423 2422 σελίνοις.

837 2478 931 2520 129.
966 2478 1100 2531 [12Ο.]

324 2563 514 2615 Philostr.
549 2563 702 2614 Imagg.
740 2563 781 2602 II
816 2565 858 2602 1:
900 2565 1097 2603 Τοσοῦτον
1134 2558 1367 2615 ἁμιλλῶνται
1405 2559 1469 2617 (αῖ
1499 2560 1728 2618 παρθένοι),

155 2655 173 2666 .
207 2623 492 2680 ῥοδοπήχεις
531 2624 625 2680 (hoc
654 2628 805 2678 legitur
835 2628 884 2666 fr.
917 2623 992 2678 65)
1029 2627 1108 2667 καὶ
1147 2624 1424 2676 ἑλικώπιδες
1459 2627 1536 2668 καὶ
1571 2632 1726 2669 καλλι-

207 2689 383 2747 πάρῃοι
412 2690 494 2731 καὶ
525 2692 806 2743 μελίφωνοι,
837 2694 1035 2742 Σαπφοῦς
1064 2694 1177 2732 τοῦτο
1209 2688 1258 2743 δὴ
1284 2688 1326 2732 τὸ
1350 2688 1429 2744 ἡδὺ
1453 2689 1727 2746 πρόσφθεγμα.

207 2758 333 2796 Paulo
365 2757 483 2795 aliter
516 2756 794 2797 Aristaenetus
827 2757 847 2794 Ι
881 2758 952 2795 10:
990 2752 1078 2808 Πρὸ
1109 2759 1176 2808 τῆς
1206 2753 1404 2804 παστάδος
1439 2753 1508 2796 τὸν
1538 2753 1727 2809 ὑμέναιον

207 2815 307 2875 ’ᾖδον
337 2822 382 2861 αἱ
409 2818 689 2875 μουσικώτεραι
719 2824 798 2862 τῶν
821 2819 1035 2873 παρθένων
1065 2820 1131 2861 καὶ
1161 2817 1502 2873 μειλιχόφωνοι
1534 2817 1726 2875 (Sappho,

208 2887 242 2925 si
273 2888 346 2925 hoc
376 2888 567 2926 vocabulo
591 2900 666 2927 usa
691 2890 763 2935 θεὴ,
787 2883 1134 2939 μελλιχόφωνοι
1158 2882 1293 2940 dixit),
1317 2888 1428 2926 τοῦτο
1454 2883 1503 2938 δὴ
1530 2889 1726 2937 Σαπφοῦς
