1864 3126
229 145 317 187 214
524 181 526 185 ,
789 144 983 181 ΡΟΕΤΑΕ
1009 144 1188 181 MELICI.

228 253 371 310 γράφει
410 255 498 309 περὶ
534 258 612 295 τῶν
647 251 871 295 καταλεύειν
908 251 1032 307 αὐτὴν
1069 252 1300 307 μελλόντων·
1340 255 1438 308 φησὶ
1474 253 1549 310 γὰρ
1585 253 1667 309 ἅμα
1702 259 1756 313 τῷ

228 319 301 374 τὴν
333 319 431 373 ὄψιν
461 317 582 373 αὐτῆς
612 321 713 361 ἰδεῖν
743 316 900 371 αὐτούς,
930 317 1090 372 ἀφεῖναι
1119 317 1211 369 τοὺς
1243 321 1383 369 λίθους
1413 319 1478 361 ἐπὶ
1505 317 1578 373 τὴν
1606 323 1658 375 γῖ
1660 337 1697 362 ν.

567 436 618 479 X.
674 435 926 479 ΕΛΕΝΑ.
969 435 1419 478 ΠΑΛΙΝΩιΔΙΑ.

876 532 976 573 *26
1009 531 1114 584 [74.]
1574 520 1578 524 ’
1686 543 1756 576 984

291 627 601 646 υυυυυυυ

291 685 692 706 --Ῑυυ-υυ--
718 684 1073 706 υυυυυυυυ

327 956 370 993 Χ.
410 958 589 991 ΕΛΕΝΑ.
617 957 929 992 ΠΑΛῙΝῼιΔΙΑ.
968 955 1124 991 Constat
1149 954 1414 999 Stesichorum,
1434 956 1577 991 cumin
1590 956 1757 992 carmine

234 1004 419 1050 quaedam
457 1003 502 1039 de
539 1003 682 1038 Helena
715 1002 883 1047 dixisset,
923 1013 1017 1047 quae
1048 1003 1225 1038 heroinae
1257 1003 1391 1048 probro
1421 1003 1637 1040 viderentur
1668 1015 1760 1049 esse,

235 1055 367 1106 postea
397 1050 472 1087 alio
508 1050 670 1085 carmine
694 1050 787 1085 haec
812 1030 1090 1094 reti-actavisse,
1121 1050 1219 1085 unde
1251 1052 1463 1098 παλινῳδία
1495 1051 1570 1087 dici
1597 1050 1759 1088 solitum.

182 1092 193 1103 ³
235 1099 338 1135 Sed
327 1111 365 1134 1n
385 1109 459 1144 quo
485 1098 647 1134 carmine
666 1097 768 1132 ista
758 1097 965 1142 ignominia
983 1097 1085 1133 facta
1103 1098 1154 1133 sit
1176 1098 1355 1143 Helenae,
1380 1109 1454 1133 non
1479 1100 1537 1134 est
1561 1098 1762 1136 memoriae

235 1147 441 1192 proditum·
467 1145 635 1190 plerique
660 1145 709 1180 ad
735 1145 807 1180 Ilii
831 1145 1013 1180 excidium
1036 1147 1226 1189 revocant,
1250 1145 1290 1180 in
1316 1157 1388 1190 quo
1416 1145 1578 1181 carmine
1597 1145 1762 1182 Helenae

237 1205 372 1230 nomen
397 1192 545 1228 silentio
571 1191 867 1238 praetermittere
893 1203 966 1227 non
985 1192 1103 1236 licuit,
1129 1194 1168 1227 et
1192 1192 1235 1227 fr.
1257 1196 1302 1228 25
1328 1193 1438 1238 plane
1459 1194 1633 1229 testatur:
1660 1193 1765 1238 Geel,

239 1253 348 1286 quem
375 1252 444 1286 ego
470 1242 581 1275 antea
606 1240 752 1275 secutus
779 1251 877 1284 sum,
914 1239 1074 1275 Orestiae
1099 1239 1288 1275 exordium
1314 1239 1509 1276 offensioni
1541 1240 1656 1276 fuisse
1681 1251 1766 1276 cen·
1811 1247 1815 1251 ’

243 1288 335 1324 suit:
362 1290 402 1323 at
426 1286 613 1333 peculiare
638 1286 752 1322 fuisse
778 1298 937 1330 carmen,
968 1287 1068 1332 quod
1093 1286 1257 1322 Helenae
1287 1287 1381 1322 iram
1407 1287 1625 1323 excitavisse
1651 1287 1767 1323 credi-

244 1338 327 1372 tum
354 1335 423 1378 est,
449 1334 574 1392 arguit
599 1334 709 1369 Isocr.
735 1334 774 1369 in
798 1334 962 1370 Helenae
994 1334 1162 1370 encomio
1189 1337 1250 1369 64:
1283 1331 1497 1377 ἐνεδείξατο
1528 1333 1570 1370 δὲ
1604 1331 1766 1390 (Ελένη)

242 1382 308 1419 καὶ
333 1380 550 1428 Στησιχόρῳ
576 1382 626 1428 τῷ
651 1381 786 1427 ποιητῇ
811 1379 881 1426 τὴν
907 1378 1043 1439 ἑαυτῆς
1068 1378 1241 1427 δύναμιν.
1279 1378 1342 1416 ὅτε
1369 1380 1437 1427 μὲν
1462 1379 1534 1427 γὰρ
1559 1379 1768 1439 ἀρχόμενος

241 1431 309 1476 τῆς
333 1431 419 1475 (hoc
445 1429 529 1464 add.
557 1431 636 1472 ΔΓ,
660 1429 783 1487 vulgo
798 1428 916 1487 deest)
947 1425 1048 1488 ῳδῆς
1079 1425 1343 1488 ἑβλασφήμησὲ
1374 1442 1410 1464 τι
1439 1429 1525 1474 περὶ
1550 1426 1675 1475 αὐτῆς,
1699 1442 1766 1464 αν-

243 1477 330 1522 έστη
359 1477 432 1512 τῶν
459 1473 671 1535 ὀφθαλμῶν
699 1473 953 1522 ἐστερημένος,
979 1474 1111 1521 ἐπειδὴ
1139 1474 1180 1512 δὲ
1206 1474 1319 1532 γνοὺς
1342 1473 1410 1520 τὴν
1435 1475 1560 1512 αἰτίαν
1583 1477 1649 1533 τῆς
1679 1488 1766 1534 συμ-

241 1525 362 1582 φορᾶς
387 1522 456 1569 τὴν
480 1522 718 1569 καλουμένην
744 1525 977 1571 παλινῳδίαν
1004 1521 1168 1580 ἐποίησε,
1193 1521 1306 1559 πάλιν
1331 1521 1449 1559 αὐτὸν
1475 1523 1528 1565 εἰς
1552 1521 1620 1569 τὴν
1645 1537 1766 1569 αυτην

241 1570 357 1617 φύσιν
395 1570 609 1617 κατέστησε.
658 1570 834 1606 Welcker
862 1560 986 1606 verbis
1023 1567 1232 1617 ἀρχόμενος
1269 1571 1334 1616 τῆς
1372 1569 1472 1619 ᾠδῆς
1507 1571 1630 1617 prima
1667 1571 1767 1607 rudi-

241 1621 370 1655 menta
394 1619 485 1654 artis
511 1618 767 1654 Stesichoreae
793 1618 917 1654 notari
947 1620 1048 1654 ratus
1073 1618 1224 1654 omnino
1249 1629 1323 1653 non
1348 1609 1566 1662 audiendus,
1589 1630 1710 1664 neque
1737 1618 1769 1655 si

246 1667 477 1702 Stesichorus
501 1666 541 1701 in
562 1665 710 1701 Orestia
733 1665 794 1701 vel
819 1666 858 1700 in
882 1665 942 1700 Ilii
961 1665 1105 1701 excidio
1125 1666 1186 1702 vel
1205 1665 1279 1701 alio
1299 1676 1373 1710 quo
1393 1666 1555 1702 carmine
1574 1666 1768 1702 hel-cinam

240 1715 419 1758 laesisset,
445 1713 666 1750 conveniens
690 1713 787 1749 foret
811 1713 878 1757 τῆς
902 1710 1015 1760 ῳὸῆς,
1041 1713 1175 1758 quibus
1200 1713 1323 1749 verbis
1343 1724 1490 1749 carmen
1509 1714 1673 1750 Helenae
1692 1724 1767 1749 me-

241 1762 381 1797 moriae
411 1742 641 1797 ⁷destinatum
674 1760 914 1806 significatur,
952 1761 976 1796 i.
1009 1772 1040 1796 e.
1073 1761 1231 1803 Helena,
1267 1762 1311 1795 ut
1346 1760 1561 1796 Bakhuizen
1591 1772 1664 1796 van
1695 1760 1768 1797 den

240 1808 357 1844 Brink
381 1808 523 1854 (Symb.
547 1808 620 1844 litt.
647 1807 681 1843 V
707 1808 790 1852 140)
822 1808 993 1853 quamvis
1024 1788 1240 1845 dubitantei·
1276 1808 1483 1854 suspicatus
1510 1809 1584 1851 est,
1618 1807 1677 1843 cui
1701 1807 1767 1844 alii

242 1855 381 1892 assensi
407 1858 502 1891 sunt.
553 1855 632 1891 Hoc
664 1866 812 1890 carmen
822 1820 943 1899 qquod
968 1856 1181 1891 Athenaeus
1213 1856 1251 1890 et
1284 1855 1399 1891 schol.
1432 1835 1621 1892 Theocriti
1646 1855 1766 1891 nomi-

244 1903 363 1939 natim
389 1903 580 1946 adhibent,
611 1902 719 1938 licuit
743 1902 899 1938 Isocrati
922 1902 961 1937 in
987 1903 1155 1938 encomio
1180 1903 1345 1938 Helenae
1370 1903 1467 1939 nude
1491 1900 1560 1948 τὴν
1579 1899 1688 1960 ᾠδὴν
1713 1902 1769 1938 di-

242 1961 337 1995 cere,
368 1949 679 2005 quemadmodum
710 1949 868 2007 Peusan.
901 1949 988 1994 (vid
1014 1950 1058 1984 fr.
1085 1951 1146 1994 22)
1178 1949 1327 1995 scripsit
1357 1962 1453 1985 κατα
1485 1950 1552 1985 τοῦ
1579 1948 1766 1996 Ιμεραίου

241 1996 310 2042 τὴν
329 1979 453 2051 ᾠδὴν
462 1998 487 2033 i.
515 2008 544 2033 e.
562 1996 668 2031 Ἰλίου
693 1994 837 2042 πέρσιν,
861 1996 1080 2041 praesertim
1106 2007 1190 2031 cum
1208 1998 1297 2032 tunc
1316 1996 1488 2032 omnibus
1508 1998 1606 2033 esset
1623 1999 1769 2039 notum,

242 2057 316 2091 quo
342 2044 504 2080 carmine
528 2045 641 2089 poeta
658 2043 840 2079 Helenam
860 2043 1039 2080 laesisset.
1082 2045 1204 2089 Atque
1223 2043 1335 2079 etiam
1355 2055 1452 2080 nunc
1471 2045 1668 2090 supersunt
1687 2043 1768 2080 Ste-

243 2093 422 2137 sichorea,
447 2102 542 2136 quae
567 2090 801 2145 potissimum
826 2091 875 2126 ad
899 2091 1063 2127 Helenae
1087 2091 1332 2137 ignominiam
1355 2091 1543 2137 pertinere
1569 2091 1651 2127 visa
1670 2093 1768 2136 sunt,

241 2140 388 2176 servata
412 2150 435 2174 a
460 2139 573 2174 schol.
599 2137 724 2184 Eurip.
752 2137 869 2174 Orest.
894 2142 974 2184 249,
1000 2149 1094 2184 quae
1114 2150 1197 2174 011111
1222 2139 1333 2174 antea
1356 2140 1509 2184 propter
1533 2150 1768 2193 numerorum

242 2186 523 2223 similitudinem
549 2185 716 2222 Orestiae
741 2185 1029 2231 adscripsissem,
1053 2197 1151 2221 nunc
1177 2186 1224 2221 ad
1249 2186 1431 2221 Helenam
1456 2185 1588 2231 refero,
1613 2198 1636 2222 a
1661 2186 1764 2222 cuius

243 2234 416 2270 carminis
434 2232 608 2278 numeris,
633 2234 676 2268 ut
699 2232 743 2269 fr.
770 2237 814 2273 29
840 2232 979 2279 arguit,
1010 2233 1050 2268 hi
1075 2244 1202 2269 versus
1226 2233 1517 2279 haudquaquam
1543 2234 1760 2269 abhorrent.

242 2281 351 2317 facile
376 2282 501 2316 autem
526 2281 683 2326 apparet
707 2280 799 2316 haec
823 2281 952 2324 verba,
988 2291 1083 2325 quae
1108 2280 1215 2326 gravi
1240 2280 1438 2334 opprobrio
1470 2281 1630 2316 obruunt
1653 2281 1763 2316 Hele-

243 2340 330 2364 nam
355 2330 548 2374 (τρίγαμον
575 2330 613 2363 et
642 2325 870 2373 λιπεσάνορα
895 2328 1041 2364 dixerat
1069 2329 1209 2374 poeta),
1240 2327 1289 2363 ad
1319 2327 1493 2363 carminis
1525 2327 1769 2384 primordium

243 2376 428 2435 pertinere
459 2375 586 2433 itaque
615 2375 726 2433 plane
753 2375 938 2432 convenit,
963 2376 1063 2421 quod
1087 2374 1269 2411 Isocrates
1294 2374 1443 2420 scripsit
1472 2372 1680 2421 ἀρχόμενος
1703 2375 1770 2420 τῆς

244 2421 343 2472 ᾠδῆς
369 2420 633 2476 ἔβλασφημησέ
657 2436 692 2457 τι
717 2422 803 2467 περὶ
827 2419 954 2468 αὐτῆς.
999 2423 1154 2458 Secutus
1179 2423 1237 2458 est
1262 2421 1494 2458 Stesichorus
1518 2423 1561 2458 ut
1583 2421 1679 2458 solet
1695 2422 1769 2458 He

245 2460 394 2507 siodum
419 2469 508 2514 (vid.
534 2481 662 2506 versus
687 2469 837 2506 Hesiod.
858 2481 913 2515 ap.
935 2470 1057 2506 Schol.
1078 2470 1232 2515 Euripq)
1253 2469 1318 2506 sed
1336 2469 1401 2504 ille
1426 2469 1517 2505 satis
1535 2469 1668 2505 habuit
1692 2470 1767 2505 tres

247 2517 432 2562 Tyndarei
459 2516 555 2553 filias
586 2517 727 2562 pariter
758 2515 939 2563 διγάμους
964 2517 1167 2570 appellare,
1199 2517 1304 2553 auxit
1328 2516 1559 2553 Stesichorus
1583 2518 1772 2552 contume-

244 2566 346 2610 liam,
380 2564 544 2600 Helenae
575 2564 726 2600 tertium
759 2563 1038 2600 matrimonium
1070 2565 1313 2610 exprobrans:
1344 2563 1472 2609 itaque
1503 2575 1577 2599 non
1601 2563 1770 2600 dubitavi

245 2613 318 2647 huc
343 2623 518 2648 revocare
545 2611 587 2648 fr.
608 2615 665 2655 27,
692 2611 755 2647 ubi
774 2612 937 2648 'lheseus
962 2611 1144 2658 virginem
1163 2611 1343 2647 Helenam
1360 2610 1553 2665 Aphidnas
1573 2610 1768 2646 deduxisse

245 2659 391 2695 dicitur.
441 2659 584 2694 Deinde
609 2660 719 2704 poeta
745 2659 909 2695 Helenae
935 2661 973 2695 et
998 2658 1158 2695 Menelai
1181 2659 1332 2704 nuptias
1357 2657 1522 2704 copiose,
1555 2659 1598 2694 ut
1622 2658 1770 2694 videtur

247 2707 450 2751 enarravit,
483 2706 640 2751 denique
679 2706 835 2742 eandem
869 2707 1036 2742 narravit
1064 2706 1209 2742 Paridis
1246 2717 1371 2742 amore
1409 2706 1558 2750 captam
1590 2705 1768 2758 maritum

246 2753 464 2797 deseruisse,
483 2753 580 2789 unde
606 2753 696 2789 belli
715 2753 867 2788 Troiani
891 2753 1103 2789 incendium
1129 2754 1176 2789 sit
1202 2755 1386 2790 exortum.
1414 2763 1531 2798 neque
1559 2752 1658 2788 enim
1682 2753 1769 2798 pot-

247 2802 328 2836 erat
350 2801 422 2836 hoc
448 2800 597 2836 silentio
627 2800 894 2846 praetermitti,
926 2813 1011 2836 cum
1044 2802 1083 2836 in
1108 2800 1258 2836 exordio
1290 2799 1461 2836 carminis
1491 2800 1626 2836 mulier
1655 2800 1771 2835 trium

246 2848 411 2883 virorum
437 2848 539 2884 dicta
565 2848 661 2884 esset
685 2847 855 2883 heroina:
882 2859 996 2893 quare
1021 2849 1093 2884 huc
1117 2847 1246 2884 rettuli
1270 2848 1314 2883 fr.
1334 2851 1390 2883 28.
1418 2848 1549 2892 Itaque
1570 2846 1773 2883 Stesichori

246 2895 318 2930 hoc
343 2906 492 2931 carmen
516 2895 667 2940 nuptias
686 2895 851 2931 Helenae
878 2895 1086 2931 enarrabat.
