1864 3126
241 170 323 212 148
557 196 559 199 ·
807 171 993 208 POETAE
1019 173 1195 211 MELICI.

237 280 355 332 μέσον
387 278 492 331 αὐτό,
525 275 587 322 ὅτε
619 281 658 330 ἐξ
682 278 950 335 Ὑπερβορέων
977 280 1154 333 ’Λλκαῐος
1184 283 1269 339 ἄγει
1294 283 1363 327 τὸν
1390 283 1627 339 Ἀπόλλωνα,
1659 285 1758 329 ὅθεν

234 342 283 397 δὴ
326 344 473 398 θέρους
515 343 778 425 έκλοὶμποντος
819 347 884 387 καὶ
923 347 1206 402 ἐπιδημοῦντος
1238 347 1484 400 ’Λπόλλωνος
1519 349 1683 404 θερινόν
1719 369 1755 393 τι
1769 363 1837 406 931

233 410 298 451 καὶ
318 407 342 462 ἡ
363 407 460 463 λύρα
478 410 565 463 περὶ
583 408 651 452 τὸν
669 408 768 452 θεὸν
787 408 1013 463 ἁβρύνεται·
1034 412 1176 455 ἅδουσι
1195 414 1266 467 μὲν
1284 413 1455 468 ἀηδόνες
1474 414 1593 474 αὐτῷ,
1613 413 1754 458 ὁποῖον

235 473 336 524 εἰκὸς
367 476 459 516 ἆσαι
488 473 582 553 παρ’
612 473 776 532 Ἀλκαίῳ
808 493 876 526 τας
907 475 1090 531 ὄρνιθας·
1122 478 1265 521 α’δουσι
1296 479 1338 521 δὲ
1369 481 1436 521 καὶ
1465 479 1659 535 χελιδόνες
1689 481 1754 522 καὶ

231 539 402 593 τέττιγες,
434 538 482 582 οὗ
513 538 584 594 τὴν
615 540 766 582 ἑαυτῶν
796 539 917 595 τύχην
940 540 1012 595 τὴν
1038 544 1081 584 ἐν
1104 541 1334 598 ἀνθρώποις
1359 542 1626 599 ἆγγέλλουσαι,
1657 543 1755 587 ἀλλὰ

231 621 359 646 παντα
389 622 435 646 τα
466 606 560 659 μέλη
590 604 686 647 κατὰ
717 611 816 649 θεοῦ
848 607 1132 663 φθεγγόμεναι
1165 611 1230 663 ρ”εἶ
1248 609 1312 650 καὶ
1339 607 1525 664 ἀργυροῖς
1549 608 1575 664 ἡ
1602 614 1753 652 Καστα-
1768 608 1774 612 ’

230 672 294 711 λία
334 668 430 711 κατὰ
464 672 623 724 ποίησιν
663 685 809 725 ναμασι
848 673 914 713 καὶ
954 671 1161 726 Κηφισσὸς
1198 674 1316 728 μέγας
1353 676 1499 728 αἴρεται
1535 673 1754 730 πορφύρων,

230 741 310 785 τοῖς
340 734 498 789 κύμασι,
528 734 597 778 τὸν
622 734 784 777 Ἐνιπέα
813 741 882 780 τοῦ
907 735 1079 792 Ὁμήρου
1111 737 1359 792 μιμούμενος.
1391 737 1560 792 βιάζεται
1585 739 1657 793 μὲν
1679 738 1754 795 γὰρ

225 798 404 851 Ἀλκαῖος
435 799 578 855 ὁμοίως
602 799 758 857 Ὁμήρῳ
789 802 856 842 καὶ
886 800 995 855 ὕδωρ
1025 807 1134 843 θεῶν
1159 803 1371 857 ἐπιδημίαν
1395 805 1607 847 αἰσθέσθαι
1633 805 1752 848 δυνά-

229 881 359 919 μενον.
393 890 447 895 -
482 863 549 922 (3)
581 868 693 907 Idem
731 869 807 907 hoc
844 881 1002 907 carmen
1038 870 1235 919 respicere
1272 870 1432 909 videtur
1470 871 1672 912 Plutarch.
1703 874 1752 912 de

228 947 329 973 mus.
359 946 390 972 c.
426 936 497 973 14:
531 929 579 973 οὐ
610 930 711 985 μόνη
744 930 786 972 δὲ
826 929 975 984 κιθοῖρα
1007 929 1271 984 Ἀπόλλωνος,
1309 931 1407 974 ἀλλὰ
1443 934 1509 974 καὶ
1544 932 1754 988 αὐλητικῆς

227 997 292 1038 καὶ
333 1001 600 1050 κιθαριστικῆς
641 994 796 1050 εὑρετὴς
835 994 856 1038 6
895 993 1005 1046 θεός.
1065 1003 1198 1052 Δῆλον
1239 998 1281 1040 δὲ
1325 999 1367 1040 ἐκ
1406 1002 1485 1040 τῶν
1518 1004 1647 1054 χορῶν
1685 1000 1752 1041 καὶ

226 1065 305 1103 τῶν
334 1066 510 1114 θυσιῶν,
549 1059 596 1111 ἃς
626 1066 828 1116 προσῆγον
859 1059 938 1116 μετ’
974 1060 1106 1104 αὐλῶν
1135 1068 1187 1120 τῷ
1218 1068 1321 1121 θεῷ,
1358 1061 1540 1118 καθάπερ
1570 1063 1680 1107 ἄλλοι
1710 1081 1750 1106 τε

225 1127 291 1168 καὶ
328 1125 505 1176 Ἀλκαῖος
541 1127 584 1167 ἕν
620 1144 695 1168 τινι
730 1131 808 1168 τῶν
832 1125 991 1180 ’Ὺμνων
1027 1129 1180 1181 ἱστορεῖ.
1221 1151 1274 1156 -
1315 1126 1379 1184 (4)
1418 1131 1541 1170 Porro
1579 1132 1751 1174 Pausan.

225 1195 262 1232 X
294 1196 331 1242 8,
365 1197 411 1233 9:
442 1191 597 1245 ἥκουσα
629 1191 671 1233 δὲ
701 1192 767 1233 καὶ
798 1190 890 1234 ἄλλο
921 1190 1089 1234 τοιόνδε·
1121 1191 1163 1235 τὸ
1194 1192 1303 1247 1ὕδωρ
1334 1197 1379 1249 τῇ
1405 1196 1604 1250 Κασταλίᾳ
1634 1211 1748 1236 ποτα-

225 1260 302 1310 μοῦ
343 1258 472 1311 δῶρον
512 1254 612 1298 εἶναι
651 1261 720 1298 τοῦ
759 1261 989 1311 Κηφισσοῦ·
1029 1262 1141 1300 τοῦτο
1182 1258 1338 1311 ἐποίησε
1377 1258 1444 1299 καὶ
1487 1256 1666 1308 Ἀλκαῖος
1705 1260 1749 1300 έν

222 1324 414 1379 προοιμίῳ
445 1325 497 1379 τῷ
528 1323 582 1371 εἰς
608 1319 844 1363 Ἀπόλλωνα.
1315 1334 1323 1339 “

898 1464 938 1506 5.
971 1464 1075 1517 [22]

811 1550 912 1595 ΕΙΣ
949 1550 1170 1595 ΕΡΜΗΝ.

281 1629 418 1683 Χαῖρε
449 1623 687 1677 Κυλλάνας
719 1622 742 1668 ὂ
775 1626 939 1681 μέδεις,
972 1625 1020 1669 σε
1050 1625 1136 1683 γάρ
1168 1636 1242 1681 ’μοι

315 1743 374 1778 Fr.
402 1747 434 1778 5.
482 1743 683 1799 Hephaest.
712 1747 773 1779 79.
812 1741 889 1778 ἔστι
921 1743 963 1778 δὲ
990 1742 1054 1778 καὶ
1084 1739 1176 1787 παρ’
1207 1739 1374 1790 Ἀλκαίῳ,
1399 1742 1463 1777 καὶ
1489 1741 1629 1788 ἄδηλον
1654 1739 1744 1779 ὁπο-

219 1788 330 1834 τέρου
355 1783 456 1825 ἐστὶν
482 1786 639 1836 εὕρημα,
666 1789 702 1826 εἰ
724 1790 789 1826 καὶ
814 1788 1019 1835 Σαπφικὸν
1052 1793 1238 1834 καλεῖται,
1271 1779 1369 1826 οἷον·
1398 1794 1526 1847 χαῖρε
1554 1818 1562 1826 .
1588 1817 1596 1824 .
1625 1803 1744 1836 .μοι.

220 1837 419 1896 Stropham
451 1838 683 1895 redintegrat]
716 1837 756 1882 S,
789 1838 853 1883 qui
884 1837 989 1873 addit
1018 1838 1083 1873 καὶ
1116 1835 1241 1884 θυμὸς
1270 1833 1403 1887 υμνεῖν
1434 1835 1501 1873 τὸν
1532 1839 1744 1883 κορυφᾶσιν

221 1883 368 1930 αὐγαῖς.
412 1884 477 1920 καὶ
502 1886 595 1930 μαία
621 1883 736 1930 γέννα
762 1886 811 1920 τῶ
838 1886 992 1930 κρονίδη
1018 1886 1160 1931 μαιειᾝα
1211 1885 1278 1920 Est
1302 1883 1428 1920 autem
1453 1885 1523 1921 hoc
1546 1885 1743 1921 seeundum

221 1943 382 1976 carmen,
408 1932 480 1968 vid.
502 1931 624 1967 Schol.
645 1933 726 1977 Hep
728 1931 845 1967 haest.
867 1936 945 1968 121.
966 1953 1013 1958 —
1040 1932 1080 1967 V.
1105 1937 1135 1967 1.
1165 1932 1292 1977 μέδεις
1310 1931 1410 1975 libri,
1436 1930 1584 1977 μεδέεις
1602 1933 1655 1976 Fi,
1682 1930 1742 1977 με’-

218 1980 295 2014 δων
318 1978 342 2013 S
357 1979 560 2021 Turnebus,
579 1979 618 2014 in
638 1979 749 2014 schol.
771 1979 885 2036 vulgo
906 1979 1048 2035 μέδων,
1063 1980 1128 2015 sed
1147 1979 1177 2014 Ε
1194 1977 1330 2035 μέδεις.
1357 1979 1401 2014 cf.
1418 1979 1540 2035 Apoll.
1560 1980 1663 2036 Synt.
1678 1983 1741 2014 921

217 2026 294 2062 Καὶ
318 2039 427 2085 παρα
442 2023 627 2083 Ἀλκαίῳ
654 2024 693 2061 οἷ
715 2026 817 2083 περὶ
823 2023 981 2061 Ἀπίωνα
1012 2024 1077 2061 τὸν
1110 2025 1256 2081 μόχθον
1282 2023 1324 2060 τὸ
1356 2023 1595 2066 Κυλλανας
1619 2023 1639 2061 6
1659 2025 1741 2083 με’-

216 2075 263 2109 δε
274 2087 313 2114 ις
339 2071 379 2109 ἐν
405 2071 568 2134 ῥ’ήματος
595 2062 781 2116 συνταξει
793 2070 1023 2130 ἤκουον,οὖ
1046 2071 1350 2131 παραδεχόμενοι
1375 2070 1535 2118 μετοχὴν
1560 2071 1739 2132 τοιαύτην

217 2118 259 2156 έκ
285 2119 496 2176 βαρυτόνου
522 2118 695 2177 ρήματος,
722 2122 798 2166 εἴγε
815 2121 891 2178 τῆς
915 2118 1090 2180 τοιαύτης
1114 2118 1254 2178 λήξεως
1274 2116 1342 2155 οὐκ
1369 2119 1519 2176 ἔχονται
1525 2118 1617 2177 [αἱ]
1643 2117 1739 2156 κατὰ

214 2165 256 2203 τὸ
291 2165 421 2204 κοινὸν
460 2165 503 2204 ἐκ
535 2165 777 2225 βαρυτόνων
785 2162 896 2204 οὖσαι
928 2181 1119 2227 ρηματων,
1151 2165 1244 2224 ᾄλλα
1277 2167 1342 2202 καὶ
1373 2164 1466 2212 πρὸς
1495 2164 1538 2202 τὸ
1570 2167 1740 2203 τοιοῦτον

215 2213 422 2261 ἐδείκνυτο,
448 2213 498 2256 ὡς
522 2215 586 2251 καὶ
611 2213 896 2274 περισπώμενον
922 2217 979 2273 εἴη
1007 2213 1105 2272 ῥ’ῆμα
1131 2212 1172 2250 τό
1199 2214 1318 2260 μεδῶ,
1346 2212 1462 2250 ἐνθεν
1487 2214 1551 2250 καὶ
1576 2211 1618 2250 τὸ
1647 2218 1739 2249 Δω-

215 2260 359 2318 δώνης
397 2244 592 2320 μεδέων,
631 2259 704 2308 ἀφ’
737 2258 781 2298 οὗ
813 2260 854 2298 τὸ
890 2260 1044 2308 μέδημι,
1077 2259 1126 2302 ὡς
1153 2263 1295 2307 οἴκημι,
1326 2261 1391 2296 καὶ
1423 2260 1478 2297 ἔτι
1501 2259 1524 2307 ἡ
1543 2260 1740 2319 μεδέουσα

216 2311 383 2346 συνοῦσα
410 2310 507 2354 (fort.
533 2307 557 2355 ἡ
585 2310 739 2356 μέδεις
765 2307 818 2350 ὡς
844 2311 990 2350 οἴκεις
1022 2309 1272 2367 scribendum)
1297 2306 1433 2354 μετοχὴ
1460 2322 1556 2344 κατα
1581 2306 1623 2344 τὸ
1649 2306 1738 2344 ακό-

213 2360 368 2393 λουθον.
395 2355 469 2392 κάκ
495 2358 560 2414 τῆς
584 2358 733 2413 γραφῆς
758 2355 1045 2414 συνηλέγχοντο,
1078 2353 1147 2392 οὐκ
1179 2354 1293 2401 οὔσης
1325 2355 1414 2391 ποτὲ
1448 2353 1512 2391 διὰ
1537 2357 1604 2391 τοῦ
1631 2369 1648 2392 ε
1676 2357 1739 2401 (ει)

213 2402 310 2440 κατοὶ
337 2405 416 2440 πᾶν
442 2402 621 2450 δευτερον
646 2402 846 2459 πρόσωπον
871 2401 964 2449 παρ’
992 2404 1197 2440 Αἰολεῦσιν.
1241 2403 1464 2460 Apollonius
1488 2403 1603 2449 igitur
1627 2401 1648 2438 6
1675 2402 1738 2449 με’

213 2453 292 2492 δεις
316 2451 556 2510 participium
582 2463 660 2488 esse
686 2452 838 2496 censuit,
865 2454 903 2487 et
928 2451 1028 2497 apud
1047 2451 1168 2497 Heph.
1189 2450 1302 2507 vulgo
1330 2446 1350 2485 ὁ
1370 2449 1518 2495 legitur,
1543 2450 1607 2486 sed
1625 2451 1658 2485 A
1677 2461 1737 2485 ex·
1741 2452 1749 2456 '

211 2495 362 2534 hibet‘¹
342 2513 361 2534 ο
390 2498 551 2552 μέδεις,
577 2495 667 2535 F1“
647 2513 689 2540 09
714 2498 871 2545 μεδέεις.
923 2498 1061 2544 Scripsi
1085 2498 1202 2551 igitur
1233 2493 1254 2533 ὂ
1282 2495 1456 2543 μέδεις,
1489 2497 1588 2542 quod
1613 2497 1736 2544 Apion

211 2548 318 2582 recto
338 2545 476 2582 iudicio
503 2559 589 2582 usus
614 2547 711 2582 vidit
736 2547 936 2582 secundam
956 2557 1035 2582 esse
1055 2544 1159 2582 verbi
1184 2555 1398 2591 personam,
1422 2555 1508 2579 nam
1527 2544 1559 2579 si
1578 2544 1736 2591 legimus
1796 2582 1802 2585 ,

211 2590 231 2628 ὁ
259 2592 386 2638 μέδεις
411 2594 433 2629 i.
455 2605 485 2629 e.
507 2591 526 2629 6
549 2592 673 2640 μέδων
694 2594 881 2637 articulus,
908 2593 1059 2629 omnino
1078 2593 1239 2628 alienus:
1266 2591 1492 2649 eandemque
1512 2591 1735 2627 medicinam

923 2636 941 2650 'n

211 2640 366 2676 adhibui
402 2641 499 2676 infra
535 2642 578 2678 fr.
616 2645 683 2676 491
716 2638 771 2686 'Ax
773 2642 884 2685 ι’λλευ,
922 2653 942 2675 ο
981 2640 1049 2680 τοῖς
1085 2641 1285 2679 Σκυθίκας
1321 2636 1457 2696 μέδεις.
1514 2637 1734 2684 Apollonius

209 2688 306 2723 vidit
331 2689 401 2724 hoc
426 2700 591 2734 pugnare
617 2700 701 2724 cum
726 2699 795 2723 usu
820 2687 963 2724 Aeolici
989 2687 1178 2730 sermonis,
1205 2686 1268 2732 qui
1293 2684 1410 2731 μέδης
1428 2686 1613 2729 requirere
1632 2685 1733 2722 vide-

210 2734 331 2780 batur,
358 2735 423 2770 sed
449 2746 523 2780 qua
546 2735 619 2771 fuit-
641 2735 834 2781 religione,
859 2746 931 2770 non
957 2745 1066 2769 ausus
1093 2735 1151 2769 est
1171 2715 1270 2770 lianc
1295 2733 1451 2767 formam
1471 2735 1601 2768 contra
1619 2733 1730 2769 libro-

209 2793 291 2816 rum
318 2781 581 2818 auctoritatem
606 2782 813 2826 restituere,
839 2782 903 2818 sed
928 2782 1061 2817 statuit
1084 2781 1322 2827 participium
1347 2789 1442 2822 esse3
1468 2781 1508 2815 at
1531 2781 1733 2816 Aeolenses

209 2828 326 2864 forma
359 2828 497 2875 μέδημι
527 2841 612 2865 usos
647 2840 727 2865 esse
762 2840 835 2864 non
865 2831 1014 2874 poterat
1045 2828 1213 2874 exemplo
1245 2827 1377 2862 idoneo
1402 2827 1571 2872 probare,
1605 2827 1731 2872 itaque

210 2875 300 2910 satis
327 2876 456 2911 habuit
481 2877 719 2912 Homericum
744 2875 890 2921 μεδέων
910 2886 1135 2921 comparare.
1177 2875 1297 2918 Quare
1321 2873 1507 2908 tuebimur
1532 2875 1730 2910 secundam

210 2933 416 2966 personam,
443 2935 555 2967 quam
582 2924 762 2959 sermonis
788 2923 848 2958 lex
873 2922 1036 2967 flagitat:
1067 2933 1186 2966 neque
1220 2931 1307 2958 vero
1333 2920 1555 2966 gravissimo
1578 2920 1730 2967 Apollo-
