1864 3126
233 123 289 165 68
752 130 754 133 “
794 124 988 160 ΡΟΕΤΑΕ
1014 124 1192 161 MELICI.

879 233 1115 285 108.[49]

351 318 476 357 Tzetz.
510 319 549 356 in
580 317 628 356 Il.
663 319 714 358 65
750 319 809 357 ed.
841 318 994 356 Herm.:
1037 318 1187 369 Θαλῆς,
1218 315 1484 372 Πυθαγόρας,
1516 316 1685 360 Πλάτων
1714 335 1755 360 τε

230 380 297 420 καὶ
329 382 369 421 οἱ
396 381 565 421 Στωικοὶ
597 379 796 434 διαφορὰν
828 383 932 422 ἴσασι
970 378 1172 434 δαιμόνων
1207 397 1246 422 τε
1275 383 1342 423 καὶ
1371 380 1532 436 ἡρώων·
1564 385 1754 437 δαίμονας
1791 417 1795 422 .

231 441 306 498 γὰρ
338 442 561 495 φάσκουσιν
591 442 822 498 ἀσωμάτους
853 442 953 486 εἶναι
985 445 1137 496 οὐσίας·
1168 446 1301 502 ’ἥρωας
1333 447 1376 488 δὲ
1400 446 1534 502 ψυχὰς
1565 447 1755 502 σωμάτων

231 510 484 562 διαζυγείσας.
526 507 692 563 Ὀρφεὺς
724 509 766 550 δὲ
802 510 866 550 καὶ
893 507 1083 564 ’Όμηροςὴ
1120 509 1305 561 (Ησίοδός
1347 529 1385 553 τε
1427 513 1492 553 καὶ
1531 510 1702 567 Ἀλκμὰν
1732 511 1754 555 ὃ

230 571 441 626 λυροποιὸς
488 574 554 614 καὶ
606 577 648 616 οἰ
686 574 815 616 λοιποὶ
863 576 1019 627 ποιηταὶ
1063 574 1311 629 ἆλληνοῖλλως
1360 581 1479 618 ταῦτα
1520 571 1753 632 ἐκδέχονται.

230 640 342 680 Fort.
373 641 548 690 pertinet
579 643 629 681 ad
660 642 725 681 Fr.
759 645 826 682 69.

878 757 1111 811 109.[54]

347 842 500 882 Aelian.
533 843 627 881 Var.
658 829 772 883 Histj
800 844 877 882 XII
917 845 989 882 36:
1029 839 1229 883 Ἐοικασιν
1275 843 1316 883 οι
1351 840 1505 896 ἀρχαῖοι
1549 839 1646 897 ὑπὲρ
1682 846 1752 884 τοῦ

228 902 404 958 ἀριθμοῦ
435 909 514 946 τῶν
543 909 611 958 τῆς
641 905 798 960 Νιόβης
828 908 985 947 παίδων
1023 905 1075 960 μὴ
1113 905 1302 964 συνᾴδειν
1338 905 1518 960 ἀλλήλοις
1549 939 1558 948 .
1578 939 1586 948 .
1608 941 1616 949 .
1643 906 1752 950 Ἀλκ-

230 967 309 1023 μὰν
341 969 435 1011 δέκα
466 973 600 1024 φησίν.

875 1065 970 1107 110.
1004 1065 1108 1118 [55]

345 1149 501 1188 Aelian.
535 1151 638 1189 Hist.
670 1151 801 1190 Anim.
834 1150 912 1193 XII
945 1153 987 1190 3:
1020 1146 1175 1204 Ὁμήρῳ
1214 1148 1284 1202 μὲν
1321 1145 1394 1191 οὖν
1431 1148 1574 1204 φωνὴν
1602 1148 1751 1207 Ξάνθῳ

146 1221 150 1225 ’
226 1214 277 1268 τῷ
308 1212 415 1268 ἵππῳ
448 1211 555 1254 δόντι
587 1212 823 1268 συγγνώμην
854 1213 985 1267 νέμειν
1015 1212 1122 1263 ἄξια·
1159 1211 1325 1267 ποιητὴς
1363 1212 1453 1268 γάρ·
1490 1215 1553 1256 καὶ
1582 1212 1752 1269 Ἀλκμὰν

228 1275 270 1316 δὲ
312 1275 549 1331 μιμούμενος
586 1279 629 1320 ἐν
668 1284 749 1328 τοῖς
785 1277 975 1328 τοιούτοις
1000 1277 1178 1332 ’Όμηρον
1215 1277 1288 1320 οὐκ
1325 1276 1376 1320 ἂν
1413 1279 1569 1333 φέροιτο
1607 1282 1750 1322 αἰτίαν·

227 1341 303 1394 ἔχει
327 1339 401 1396 γὰρ
433 1340 644 1397 ἀξιόχρεων
676 1345 729 1392 εἰς
761 1345 860 1384 αἰδῶ
891 1341 962 1397 τὴν
993 1345 1210 1397 πρωτίστην
1241 1342 1395 1397 τόλμαν.

792 1500 794 1502 -
861 1471 1123 1525 111.[119]

345 1557 459 1597 Eust.
491 1558 538 1599 Il.
574 1560 698 1609 1154,
726 1559 798 1597 25:
830 1555 910 1596 Καὶ
941 1553 998 1597 ὅτι
1028 1553 1238 1609 ἆκμονίδαι
1264 1558 1304 1598 οἵ
1326 1554 1532 1611 οὐρανίδαι
1563 1547 1751 1610 δηλοῦσιν

225 1620 267 1660 οἵ
302 1623 480 1674 παλαιοί,
519 1619 571 1670 ὡς
612 1621 655 1663 δὲ
680 1620 878 1675 ’Ἄκμονος
915 1617 936 1661 ὃ
973 1617 1142 1673 οὐρανὸς
1178 1618 1200 1661 ὁ
1233 1617 1403 1674 Ἀλκμᾶν
1440 1635 1562 1674 φασιν
1597 1624 1747 1677 ἱστορεῖ.

227 1685 304 1724 Sed
337 1688 493 1727 videtur
512 1685 697 1741 ’Ἀκμων
729 1688 946 1738 scripsisse,
977 1688 1036 1725 ita
1066 1701 1144 1726 non
1176 1689 1303 1726 solum
1334 1688 1481 1730 Eudoc.
1514 1692 1589 1729 26:
1622 1685 1675 1738 ὧς
1706 1687 1750 1729 δὲ

219 1747 379 1803 ’Ἄκμων
411 1748 432 1792 ὃ
463 1750 633 1805 οὐρανὸς
664 1749 685 1794 ὁ
713 1749 882 1804 Ἀλκμὰν
912 1751 1070 1803 ἷστορεῖ,
1101 1753 1171 1791 sed
1209 1753 1329 1791 etiam
1359 1754 1444 1803 ipse
1475 1754 1588 1793 Eust.
1623 1756 1748 1803 1150,

227 1818 301 1856 59:
334 1813 354 1856 ὁ
386 1820 456 1857 τοῦ
495 1816 656 1872 Κρόνου
692 1815 819 1871 πατὴρ
845 1815 1007 1869 ’Ἄκμων
1043 1815 1211 1856 ἐκαλεῖτο
1249 1813 1327 1857 ἀπὸ
1364 1820 1432 1869 τῆς
1467 1820 1537 1858 τοῦ
1574 1814 1749 1871 οὐρανοῦ

225 1879 348 1931 φασὶν
385 1878 588 1934 ἆκαμοὶτου
631 1879 799 1935 φύσεως.
859 1895 987 1933 neque
1030 1884 1165 1921 tamen
1207 1883 1287 1922 ista
1326 1883 1605 1933 interpretatio
1649 1885 1748 1924 satis

223 1947 346 1986 habet
376 1949 646 2000 auctoritatis,
684 1949 763 1988 nisi
794 1949 899 1999 quod
935 1947 1124 1998 Hesych.:
1162 1943 1316 1999 ἄκμων·
1355 1944 1535 2000 ἀπαθής·
1575 1945 1748 2002 Κρόνος·

223 2007 403 2063 οὐρανός.
466 2014 548 2052 Alii
578 2014 712 2064 potius
746 2013 856 2052 Coeli
886 2014 1041 2062 patrem
1072 2013 1216 2062 ferunt,
1250 2014 1581 2063 quemadmodum
1604 2014 1668 2052 Et.
1694 2015 1747 2053 M.

224 2079 293 2127 49,
326 2080 395 2129 47,
427 2080 493 2129 qui
527 2092 574 2117 ex
610 2079 770 2118 scholiis
802 2078 1022 2118 Homericis
1055 2078 1194 2116 eadem
1229 2077 1313 2116 fere
1350 2091 1451 2128 quae
1483 2080 1596 2119 Eust.
1634 2081 1746 2119 1150

224 2143 403 2192 exhibet,
436 2139 457 2183 ὁ
488 2146 557 2183 τοῦ
592 2139 778 2195 Οὐρανοῦ
808 2139 936 2194 πατήρ
967 2143 1078 2193 dicit,
1110 2143 1234 2182 Bekk.
1265 2143 1341 2181 An.
1373 2143 1393 2181 I
1425 2145 1522 2192 367,
1557 2146 1622 2192 12,
1666 2145 1745 2184 He-

225 2206 401 2256 sychius:
429 2203 664 2260 Ἀκμονίδης
695 2203 716 2247 ὁ
749 2202 897 2260 Χάρων
926 2205 992 2246 καὶ
1023 2202 1043 2246 ὁ
1079 2203 1278 2259 Οὐρανός·
1307 2204 1504 2259 ’Ἄκμονος
1534 2205 1609 2262 γὰρ
1639 2213 1745 2260 παῖς,
1759 2215 1828 2247 863

224 2269 386 2311 Cornut.
418 2272 466 2311 de
497 2273 614 2313 Deor.
647 2275 727 2311 nat.
759 2285 789 2311 c.
820 2275 860 2311 1:
891 2268 992 2319 τινὲς
1023 2269 1066 2310 δὲ
1096 2273 1174 2310 τῶν
1203 2274 1378 2323 ποιητῶν
1397 2269 1595 2325 ’Ἄκμονος
1625 2270 1747 2314 αὐτὸν

224 2329 450 2390 (Οὐρανὸν)
482 2335 635 2387 ἔφασαν
666 2332 765 2376 εἶναι
795 2332 895 2376 υἷόν.
957 2337 1122 2375 Hesiodi
1152 2350 1314 2377 versum
1345 2338 1461 2377 affert
1491 2338 1620 2379 Schol.
1646 2339 1746 2378 Sim-

222 2399 325 2438 miae
362 2414 422 2450 ap.
454 2401 592 2441 Iacobs
631 2402 754 2441 Anth.
784 2402 866 2442 Pal.
905 2402 950 2441 T.
987 2402 1049 2439 ΠΙ
1087 2403 1190 2441 824;
1223 2397 1460 2453 ’Λκμονίδαν
1497 2401 1540 2442 δὲ
1574 2399 1643 2443 τὸν
1680 2400 1744 2444 οὗ·

222 2461 359 2516 ρανόν,
383 2460 583 2513 Ἡσίοδος·
615 2469 717 2506 Γαῖα
754 2464 825 2518 μὲν
852 2463 1031 2517 ’Ἄκμονα
1067 2465 1228 2518 ἔτικτεν,
1260 2463 1338 2506 ἀπὸ
1377 2463 1414 2506 δ’
1443 2463 1640 2520 ’Ἄκμονος
1678 2465 1744 2509 οὗ-

222 2525 354 2581 ρανός,
386 2531 529 2580 quibus
562 2531 702 2571 Comes
734 2532 887 2571 Natalis
925 2532 959 2571 si
996 2533 1103 2571 recte
1139 2532 1303 2571 memini
1339 2532 1450 2570 addit
1485 2530 1606 2573 ἔσκεν.
1669 2534 1742 2573 Su-

222 2594 397 2644 spicatus
440 2596 652 2646 aliquando
697 2610 785 2636 sum
827 2596 1031 2636 Alcmanis
1075 2597 1179 2635 hunc
1222 2610 1310 2636 esse
1339 2610 1516 2647 versum,
1559 2598 1601 2636 id
1638 2600 1743 2649 quod

222 2660 343 2698 etiam
376 2659 581 2699 Hermann
613 2661 684 2711 Op.
710 2662 767 2699 VI
794 2663 876 2700 271
912 2662 1076 2713 censuit,
1108 2663 1175 2701 sed
1206 2662 1338 2712 potius
1370 2675 1418 2701 ex
1450 2662 1743 2703 Titanomachia

219 2724 384 2774 petitus,
416 2737 535 2775 quam
565 2727 752 2766 videntur
775 2723 1155 2765 nonnulli'Hesiodo
1180 2727 1381 2777 tribuisse,
1406 2727 1484 2766 vid.
1510 2726 1640 2767 Cram.
1665 2727 1741 2768 An.

212 2787 291 2827 Ox.
323 2789 343 2827 I
377 2791 443 2840 75,
478 2791 549 2830 12:
581 2790 622 2830 οἷ
649 2787 692 2830 δὲ
722 2787 875 2842 ἄκμονα
915 2787 982 2832 τὸν
1018 2790 1177 2844 αἰθέρα,
1214 2789 1374 2844 αἰθέρος
1411 2787 1448 2831 δ’
1488 2787 1575 2841 υἱὸς
1614 2788 1741 2846 Οὖρα-

221 2849 309 2903 νός,
353 2849 405 2901 ὦς
448 2850 469 2894 ὃ
512 2851 585 2906 τὴν
631 2856 915 2908 Τιτανομαχίαν
957 2852 1115 2908 γράψας
1147 2852 1240 2910 (sec.
1272 2848 1544 2896 Philodemum
1588 2871 1628 2898 π.
1660 2850 1741 2897 εὖσ.
