1864 3126
194 150 281 192 244
517 179 518 183 ,
549 190 555 196 ,
763 151 954 188 ΡΟΕΤΑΕ
981 153 1158 190 MELICI.

852 261 921 306 21.
955 261 1060 316 [52]

291 354 926 376 „Luu..UU-uu-U--

288 422 446 479 Λαρόν
478 422 519 467 δ’
555 422 671 468 ἄνεω
703 423 871 482 χρόνον
903 418 1011 481 ἧστο
1043 423 1174 482 τάφει
1204 424 1421 481 πεπαγοός.

747 545 815 587 22.
851 545 938 598 [32.
971 545 1039 587 33.
1072 545 1159 598 34]
1566 528 1570 532 ’
1626 555 1718 589 1004

288 642 528 661 uuuuuu

329 933 338 942 .
369 895 503 955 Παρὰ
534 898 696 956 χέρσον

281 973 462 1013 λίθινον
494 971 698 1013 ε”κλεκτον
730 967 975 1025 παλάμαισι
1006 971 1204 1026 βροτῶν·

280 1039 454 1097 πρόσθε
485 1040 538 1083 δέ
565 1058 639 1084 νιν
670 1038 766 1084 πεδ’
802 1037 1019 1097 ἀναριτᾶν

282 1110 437 1168 ἰχθύες
467 1111 702 1168 ὠμοφάγοι
733 1111 932 1168 νέμοντο.

850 1232 918 1274 23.
951 1232 1056 1285 [31]

305 1323 434 1362 Schol.
475 1323 639 1362 Theocr.
682 1323 702 1361 I
748 1324 848 1362 115:
885 1318 1105 1376 Ἀρέθουσα
1141 1318 1243 1377 (cod.
1287 1323 1426 1362 Ambr.
1465 1318 1712 1375 Ἀρέθοισα)’

182 1383 310 1440 κρήνη
352 1386 395 1427 ἐν
431 1384 709 1439 Συρακούσαις
745 1383 771 1469 ἢ
810 1386 853 1427 ἐν
884 1388 1062 1443 Σικελίᾳ,
1100 1381 1125 1443 ᾗ
1163 1384 1321 1443 (Ambr.
1353 1401 1427 1428 om.
1457 1383 1484 1438 ἢ
1515 1386 1559 1427 ἐν
1588 1390 1636 1427 Σ.
1667 1381 1712 1443 ᾗ)

182 1523 297 1571 ξαρης
331 1523 464 1582 ’γέγονε
502 1522 599 1560 κατὰ
631 1522 839 1583 συγκοπήν·
871 1521 976 1560 ἄλλοι
1007 1523 1048 1561 δε
1082 1522 1158 1561 απὸ
1190 1525 1257 1560 τοῦ
1292 1522 1389 1570 πυρὰ
1420 1525 1571 1582 (Κῦρος)
1603 1523 1706 1560 κατὰ

180 1571 430 1630 πλεονασμόν.
475 1572 613 1618 Scripsi
638 1570 744 1608 οὐδε
771 1570 958 1618 Κυάρας
983 1569 1003 1608 ὁ
1035 1573 1253 1618 Μηδείων
1292 1570 1566 1617 στραταγός,
1598 1574 1711 1618 assque

180 1617 335 1674 Κυάρας
360 1616 379 1655 ὁ
407 1621 588 1665 Μηδείων
613 1620 769 1677 praebet
799 1620 880 1656 cod.
912 1620 1010 1656 Flor
1042 1619 1166 1656 Miller
1197 1620 1298 1656 Misc.
1328 1623 1417 1663 197,
1425 1619 1516 1677 qui
1538 1600 1706 1656 e⁷xtrema

179 1668 308 1702 hunc
298 1680 337 1702 m
354 1667 507 1703 modum
525 1667 692 1703 exhibet:
719 1663 824 1703 ἄλλοι
847 1665 890 1702 δὲ
917 1664 992 1702 ἀπὸ
1017 1668 1084 1703 τοῦ
1109 1677 1271 1712 κυαραν·
1299 1664 1368 1702 ἐὰν
1394 1660 1463 1702 οὖν
1487 1680 1522 1724 ῃ
1541 1663 1618 1702 ἀπὸ
1638 1668 1708 1702 τοῦ

179 1712 382 1760 Κυαξάρας
406 1712 643 1772 συγκριτικὸν
668 1711 713 1750 οὗ
739 1712 935 1758 πλεονάζει
955 1712 1013 1761 [τὸ
1032 1715 1088 1761 ᾶ],
1115 1712 1184 1750 ἐὰν
1204 1713 1247 1750 δὲ
1267 1711 1343 1749 απὸ
1363 1727 1383 1748 τ
1449 1727 1573 1759 κυαρα
1591 1717 1706 1750 πλεο-

178 1762 308 1809 νασμῷ
333 1763 400 1797 τοῦ
425 1766 468 1807 ἄ,
494 1758 539 1797 οὗ
565 1774 691 1807 συγ..
712 1790 720 1798 .
746 1763 812 1798 ubi
836 1761 893 1797 bis
919 1761 1224 1818 συγκεκομμένον
1249 1758 1396 1797 scriBen
1423 1773 1498 1797 um.

274 1810 331 1845 Fr.
357 1813 412 1844 21.
459 1790 660 1845 herodian.
687 1809 773 1865 περὶ
797 1821 879 1855 μον.
905 1810 977 1852 λεξ.
1003 1814 1061 1854 36,
1087 1814 1126 1844 2ε
1157 1806 1295 1854 τάφος,
1351 1835 1359 1843 .
1381 1838 1388 1844 .
1423 1805 1534 1844 ὁπότε
1567 1806 1610 1844 δε
1639 1806 1703 1844 ἐπὶ

178 1857 244 1914 τῆς
269 1854 479 1914 ἐκπλήξεως
509 1855 863 1916 παραλαμβάνεται,
894 1855 1001 1901 γένος
1033 1838 1247 1915 ἐπιδέχεται
1271 1853 1313 1891 τὸ
1340 1852 1559 1913 οὐδέτερον·
1587 1851 1635 1890 e*H
1661 1852 1703 1891 δ’

178 1917 280 1939 ανεω
307 1902 390 1960 δὴν
408 1898 516 1948 ἧστο,
547 1917 668 1948 ταφος
698 1902 742 1939 δέ
774 1917 809 1939 οι
839 1899 929 1949 ἦτορ
961 1905 1081 1940 ἵκανε.
1104 1900 1192 1939 Ἀλλ’
1226 1904 1314 1944 ἴσως
1337 1903 1448 1938 τοῦτο
1473 1900 1708 1961 α’μφίρολον·

179 1948 198 1986 ὃ
227 1950 355 2007 μέντοι
373 1932 548 1998 Ἴβυκος
568 1949 747 1986 διέστειλε
767 1949 808 1985 τὸ
829 1950 939 1996 γένος
964 1948 1011 1986 ἐν
1036 1951 1092 1998 τῷ
1118 1948 1295 2004 πρώτῳ,
1320 1947 1488 2006 σχεδὸν
1513 1963 1560 1985 το
1591 1952 1710 1996 Ομη-

178 1995 309 2054 ρικὸν
335 1994 603 2044 μεταβαλών
619 1998 766 2054 (Lehrs
792 1995 1010 2043 μεταλαβών
1043 1987 1237 2054 requirit&
1273 1994 1426 2053 Δαρὸν
1451 1995 1618 2055 δάραοι
1629 2011 1703 2054 χρ.

181 2043 217 2090 ἡ.
249 2058 413 2102 ταφεις
443 2042 668 2089 πεπηγώς.
726 2044 982 2080 Schneidewin
1014 2046 1132 2090 δαρον
1170 2042 1289 2092 δαρὸν
1320 2041 1487 2099 χρόνον
1519 2038 1554 2088 ἧ.
1593 2042 1708 2089 τάφει

178 2090 375 2137 πεπαγώς,
408 2093 598 2128 Hermann
628 2089 747 2135 δαρὸν
790 2090 894 2137 παρὰ
929 2091 982 2138 οἷ,
1014 2103 1085 2137 ego
1113 2091 1153 2126 in
1184 2089 1273 2127 edifi.
1302 2095 1320 2126 1
1353 2088 1472 2136 δαρὸν
1503 2091 1605 2139 δαρῷ
1636 2105 1704 2137 χρ.,

179 2151 276 2175 nunc
307 2120 423 2175 maini
449 2137 487 2174 δ’
514 2152 632 2175 ανεω
659 2139 830 2184 scribere,
855 2141 898 2174 111,
921 2120 1054 2184 Ibycus
1078 2150 1228 2184 prorsus
1254 2149 1337 2174 cum
1370 2137 1532 2174 Homero
1558 2149 1707 2174 consen-

178 2187 261 2232 fiat,
287 2187 599 2244 quemadmodum
625 2186 739 2222 etiam
764 2186 897 2222 Nauck
922 2186 1093 2222 coniecit.
1132 2185 1302 2221 Schmidt
1321 2186 1392 2231 δαρ
1395 2182 1439 2220 ὸν
1460 2181 1498 2220 δ’
1519 2182 1707 2235 αμφασίᾳ.

111 2248 115 2252 ·
177 2215 293 2269 Leh'rs
325 2232 462 2291 cuipam
495 2245 539 2269 ex
571 2233 828 2292 dittographia.
859 2234 982 2290 orbum
1020 2232 1218 2270 existimat.
1274 2199 1398 2269 Possis
1435 2232 1513 2268 alia
1549 2222 1707 2279 tentare,

178 2282 283 2317 velut
309 2278 428 2326 δαρὸν
455 2278 492 2316 δ’
519 2277 583 2327 αρ’
612 2293 704 2328 amp
730 2294 761 2326 χ.
789 2275 823 2327 ἦ.
849 2278 964 2326 τάφει
989 2294 1026 2316 π.

271 2328 330 2365 Fr.
357 2332 413 2363 22.
466 2328 588 2364 Schol.
620 2316 725 2365 Pind.
759 2328 866 2364 Nem.
891 2328 909 2363 I
935 2332 973 2363 1:
1009 2325 1056 2363 Η
1081 2324 1251 2385 Ὀρτυγία
1289 2324 1474 2386 πρότερον
1505 2324 1574 2373 μεν
1612 2321 1707 2363 οὖσα

175 2377 288 2421 νῆσος
314 2373 396 2411 εἶτα
421 2378 708 2421 προσχωσθεῖσα
733 2374 955 2432 χερρόνησος
979 2374 1147 2432 γέγονεν,
1173 2388 1225 2415 ως
1250 2374 1314 2410 καὶ
1337 2371 1515 2423 Ἴβυκος
1545 2371 1705 2420 ἷστορεῖ·

177 2420 309 2480 Παρὰ
347 2422 509 2468 χέρσον
545 2424 733 2458 λίθινον
770 2421 848 2459 τὸν
885 2420 1119 2468 παλαμαις
1158 2423 1218 2470 βρ.
1250 2419 1431 2478 πρόσθε
1459 2434 1531 2456 νιν
1561 2422 1706 2456 παῖδα

175 2468 368 2552 Ξήριιίτίρν
394 2470 562 2552 (grsinus
586 2468 704 2505 πέδον
729 2467 1165 2552 νήριτον,δο8,εε,ι11)οιιι18
1191 2467 1327 2551 πέδέ
1321 2466 1524 2526 Νηρῄδων,
1555 2468 1705 2550 egfiegie

177 2529 311 2600 Βᾷἒῖο
337 2530 444 2600 Ing&
466 2530 652 2622 ἕὲὶηξῆἔ
655 2515 1271 2622 ίξτῖω1ξὲΣυῖῖιίιόκυσ”αβκῖζρπιιητσῖιηῗ)νυχν
1301 2512 1545 2619 Ζεενςγῗφμζὶρέ
1559 2526 1702 2607 ἕστιῗνεξῆ

128 2617 137 2626 ’
178 2609 420 2647 συνάπτουσα
445 2609 566 2656 αυτὴν
584 2609 678 2668 πρὸς
696 2610 765 2657 τὴν
785 2609 953 2657 ἤπειρον,
980 2608 1164 2657 πρότερον
1184 2609 1227 2646 δὲ
1247 2611 1366 2656 χῶμα,
1392 2622 1442 2650 ως
1460 2621 1577 2654 φησιν
1590 2607 1702 2664 Ἰβυ-

177 2673 273 2716 κος,
298 2660 454 2704 λογαίου
479 2661 610 2704 λίθου,
638 2654 682 2694 ὃν
708 2662 820 2694 καλεῖ
841 2658 1068 2694 ε’.)ιλεκτον
1114 2657 1168 2694 Cf
1194 2658 1329 2693 Athen.
1354 2657 1406 2692 III
1432 2656 1531 2692 863·
1561 2657 1638 2691 Τοῦ
1664 2653 1702 2691 δ’

176 2703 399 2751 αναρίτου
427 2705 639 2763 (μέμνηται)
658 2703 845 2754 Ἴβυκος.
879 2726 926 2732 -—
959 2706 1003 2742 V.
1031 2709 1061 2741 1.
1088 2702 1209 2750 παρὰ,
1240 2703 1390 2740 Boeckh
1414 2700 1501 2760 πὰρ.
1530 2723 1571 2728 -
1599 2703 1643 2756 V.
1669 2707 1701 2738 2.

177 2752 351 2788 ἔκλεπτον
383 2764 451 2798 pro
482 2751 553 2788 τὸν
586 2753 735 2788 Boeckh
767 2763 812 2788 cx
839 2752 1021 2788 Strabone
1046 2752 1220 2788 restituit.
1253 2771 1298 2778 -—
1328 2747 1536 2795 παλάμαισι
1560 2749 1702 2795 scripsi,

174 2812 207 2834 v.
234 2798 436 2857 παλαμαις.
463 2821 507 2826 ——
536 2800 577 2837 V.
603 2805 635 2835 3.
662 2798 808 2859 πρόσθε
837 2799 880 2835 δέ
910 2799 1053 2845 scripsi,
1078 2800 1192 2856 vulgo
1216 2795 1375 2844 πρόσθε,
1401 2797 1639 2832 Casaubonus
1664 2800 1702 2833 et

175 2847 326 2882 Boeckh
351 2861 399 2892 πρ
403 2845 532 2883 όσθεν.
555 2869 598 2873 -
619 2845 709 2882 πεδ’
729 2844 928 2892 ἇναριτᾶν,
954 2847 1039 2882 fort.
1059 2843 1147 2882 πεδ’
1169 2842 1348 2903 ἀναρτᾶν,
1368 2844 1551 2890 siquidem
1563 2844 1699 2879 Athen.

174 2894 294 2931 addit:
321 2898 489 2929 καλεῖται
514 2891 567 2929 δ’·
564 2892 600 2929 -ὁ
625 2891 806 2940 αναρίτης
831 2894 896 2929 καὶ
921 2890 1126 2939 ἀνάρτας
1153 2893 1197 2939 (Β
1224 2889 1415 2938 ανάρτης).

1861 101 1864 104 .
1852 40 1864 73 ..1-
1844 0 1864 29 14
