1864 3126
232 143 315 184 184
519 185 521 188 .
789 136 980 175 POETAE
1003 87 1181 172 ἷΙΕΙιΙΟΙ.

228 254 320 292 libri
363 253 498 302 inepte
540 248 799 302 τετραμμένον
841 250 906 290 vel
948 246 1212 301 τετραμμένος.
1272 247 1331 286 Ac
1368 248 1540 286 fortasse
1578 245 1746 286 Alcaeus

229 330 385 368 quoque
416 316 543 355 Hebri
573 316 719 354 flumen
751 315 1004 366 congelatum
1034 313 1255 362 descripsit,
1279 325 1372 351 nam
1397 313 1517 351 etiam
1543 310 1748 359 Horatius,

231 383 298 432 qui
341 394 421 420 non
463 381 594 419 minus
636 380 848 430 diligenter
888 392 1007 430 quam
1047 378 1282 417 Theocritus
1322 378 1513 416 Alcaeum
1554 377 1748 426 imitatur,

229 448 357 497 Epist.
389 446 408 484 I
442 448 485 493 3,
526 447 550 484 3
589 445 764 495 scripsit:
811 445 1011 483 Thracane
1046 454 1113 482 vos
1148 443 1375 490 Hebrusque
1412 442 1536 481 nivali
1576 442 1750 491 compede

229 514 394 562 vinctu33
433 511 482 550 cf.
520 510 640 548 etiam
679 509 807 548 Carm.
847 509 909 547 III
943 510 1016 556 25,
1049 510 1092 547 8:
1128 519 1206 546 mm
1241 519 1349 547 secus
1384 509 1428 546 in
1462 508 1574 556 iuyis
1599 507 1750 546 Edonis

231 572 309 629 (ita
339 576 541 625 praeclare
573 574 778 615 Bentleius
809 574 1075 612 inveteratum
1105 572 1299 612 librorum
1328 572 1514 611 mendum
1539 584 1584 612 ex
1607 573 1751 611 sommis

230 636 419 692 correxit)
451 642 574 688 stupet
598 640 727 678 Euias
751 639 926 677 Hebrum
949 639 1190 686 prospiciens
1221 641 1254 676 ct
1283 639 1370 677 πῖνε
1394 638 1601 676 cwndidam
1627 637 1750 676 Thra-

231 718 297 745 ccn
329 718 374 744 ac
403 706 502 753 pcclc
539 706 706 743 barbaro
738 703 967 742 Lustratam
996 703 1215 751 Rhodopen,
1254 703 1323 752 qui
1360 702 1518 752 quidem
1553 702 1663 741 locus
1700 701 1751 740 ad

232 771 457 820 exemplum
487 769 639 808 Alcaici
670 769 854 808 carminis
886 768 1044 807 videtur
1075 768 1343 807 conformatus
1375 779 1473 806 esse.
1523 767 1691 807 Alcaeus
1718 767 1753 806 si

231 836 390 874 Edonos
429 847 517 873 cum
549 834 684 873 Hebro
717 833 968 881 consociavit,
1000 835 1070 872 aut
1100 832 1330 872 Edonorum
1360 844 1502 871 nomen
1532 833 1654 871 latius
1685 844 1753 882 pa-

232 901 363 950 tebat,
395 903 465 939 aut
494 900 613 938 huius
646 899 778 950 gentis
813 898 924 937 sedes
949 898 1020 936 illo
1046 898 1203 937 saeculo
1229 896 1363 935 Hebro
1390 898 1504 935 erant
1529 896 1752 947 contiguae,

232 965 337 1004 unde
368 967 508 1014 postea
537 964 707 1014 profecti
739 976 858 1014 agros
896 963 1002 1002 inter
1032 963 1203 1001 Nestum
1236 963 1276 1000 et
1307 961 1560 1011 Strymonem
1591 973 1752 1010 occupa-

233 1042 337 1069 vere.
388 1029 479 1078 Ipse
510 1028 682 1066 Alcaeus
714 1028 805 1066 exul
837 1027 994 1066 videtur
1025 1027 1218 1066 Thraciae
1250 1038 1361 1065 oram
1391 1025 1635 1064 visitavisse:
1661 1025 1754 1064 huic

234 1093 552 1144 peregrinationi
583 1093 764 1142 inprimis
797 1094 934 1141 aptum
965 1093 1013 1130 fr.
1046 1093 1115 1140 34,
1145 1104 1238 1130 nam
1269 1091 1410 1129 hiemis
1442 1090 1658 1129 acerrimae
1689 1090 1754 1128 de-

234 1158 396 1209 scriptio
428 1159 618 1197 abhorret
649 1170 673 1195 a
703 1157 858 1207 patriae
886 1151 1044 1196 'insulae
1075 1157 1194 1195 coelo.

864 1295 1128 1348 110.[113]

354 1382 498 1421 Zenob.
530 1382 570 1420 II
605 1383 676 1420 18:
714 1380 802 1428 Αἲξ
833 1380 1032 1431 Σκυρία·
1070 1376 1302 1431 Χρύσιππος
1335 1378 1458 1431 φησὶν
1489 1377 1552 1418 ἐπὶ
1580 1380 1659 1419 τῶν
1689 1375 1758 1427 τὰς

235 1443 454 1499 εὐεργεσίας
485 1440 786 1498 ἀνατρεπόντων
816 1441 997 1496 τετάχθαι
1033 1439 1104 1495 τὴν
1135 1443 1370 1496 παροιμίαν,
1405 1439 1541 1495 ἐπειδὴ
1573 1440 1758 1491 πολλάκις

234 1509 280 1551 τοὶ
312 1506 449 1564 ἆγγεΐα
479 1505 685 1563 ἀνατρέπει
716 1506 741 1562 ἡ
774 1510 850 1557 αἶ’ξ.
899 1506 1032 1548 ’Ἀλλοι
1069 1506 1112 1547 δέ
1149 1519 1272 1559 φασιν
1303 1506 1366 1547 ἐπὶ
1394 1509 1472 1547 τῶν
1503 1501 1758 1560 ὄνησιφόρων

235 1574 430 1629 λέγεσθαι,
463 1571 528 1615 διὰ
559 1571 601 1616 τὸ
634 1571 734 1615 πολὺ
765 1572 864 1627 γάλα
894 1573 1029 1626 φέρειν
1058 1570 1127 1620 τὰς
1157 1572 1332 1623 Σκυρίοις
1362 1567 1486 1625 αἶγας.
1546 1570 1758 1624 Μέμνηται

236 1641 440 1692 Πίνδαρος
470 1640 536 1680 καὶ
562 1637 750 1688 Ἀλκαῖος.
813 1640 870 1679 Cf.
901 1640 958 1678 ibi
988 1640 1151 1689 interpr.

955 1772 1050 1814 111.

358 1860 498 1898 Pollux
529 1859 587 1897 VI
622 1847 733 1899 107:'
751 1852 974 1909 Ἀνακρέων
1000 1888 1008 1896 .
1028 1888 1037 1897 .
1058 1888 1066 1896 .
1092 1857 1389 1907 στεφανοῦσθαί
1416 1867 1514 1907 φησι
1544 1854 1610 1894 καὶ
1641 1849 1758 1906 ἆνήτ-

235 1940 308 1979 τῳ,
350 1920 403 1972 ὦς
445 1923 511 1963 καὶ
547 1920 706 1974 Σαπφὼ
743 1921 810 1963 καὶ
848 1919 1041 1970 Ἀλκαῖος·
1085 1914 1192 1962 οὗτοι
1236 1917 1272 1960 δ’
1319 1917 1396 1972 ἶίρα
1434 1919 1500 1960 καὶ
1544 1921 1759 1968 σελίνοις.

238 1991 342 2028 Acro
375 1989 426 2028 ad
455 1990 596 2028 Horat.
629 1989 756 2028 Carm.
788 1988 845 2026 IV
881 1991 946 2038 11,
979 1990 1022 2026 3:
1059 1987 1159 2037 „Vel
1197 1987 1290 2036 quia
1320 1987 1489 2025 Alcaeus
1528 1987 1759 2035 frequenter
1804 2029 1809 2032 ,

240 2067 282 2092 se
315 2054 411 2096 dicit
451 2054 541 2104 apio
579 2049 792 2092 coronari.“
852 2053 913 2091 De
950 2052 1148 2108 anethinis
1185 2051 1338 2090 coronis
1374 2051 1452 2091 vid.
1483 2051 1531 2088 fr.
1565 2052 1618 2090 36
1651 2064 1688 2090 v.
1722 2052 1758 2089 1.

1771 1799 1840 1832 959

886 2189 1122 2242 112.[63]

360 2277 526 2317 Aristid.
553 2276 597 2315 Τ.
622 2276 662 2314 II
691 2277 791 2314 155:
825 2274 880 2314 Et
909 2272 952 2313 δέ
982 2289 1081 2322 τινες
1113 2273 1178 2313 καὶ
1207 2271 1316 2314 ἄλλοι
1346 2275 1621 2326 παραβοῶντες
1651 2274 1759 2327 ῥητο-

240 2339 355 2394 ρικὴν
397 2340 585 2396 ψέγουσι,
631 2343 775 2392 μᾶλλον
813 2338 855 2380 δὲ
894 2336 1198 2391 τονθορύζοντες
1239 2338 1288 2378 ἐκ
1328 2341 1411 2378 τοῦ
1452 2337 1641 2389 ψέφους
1685 2336 1761 2392 (ita

240 2408 416 2457 Lobeck,
453 2421 490 2447 v.
527 2403 690 2457 ψόφου,
729 2406 761 2443 Ε
801 2400 959 2457 σκότου)
1009 2401 1280 2451 τοξεύοντες
1319 2399 1416 2443 κατὰ
1451 2397 1631 2442 Ἀλκαῖον
1667 2432 1678 2441 .
1709 2433 1716 2440 .
1751 2435 1758 2442 .

239 2467 426 2511 τοσοῦτόν
457 2486 523 2522 μοι
553 2467 652 2522 πρὸς
681 2466 843 2517 τούτους
874 2465 1169 2520 ἀποκεκρίσθω,
1201 2465 1258 2508 ὅτι
1288 2468 1471 2521 ῥητορικῇ
1500 2462 1606 2518 παρὰ
1636 2463 1761 2514 πόδας

242 2532 398 2576 διδόασι
428 2531 500 2587 τὴν
532 2535 658 2586 δίκην.
998 2539 1001 2541 ’

891 2649 985 2692 113.
1018 2649 1122 2702 [64.]

360 2736 466 2774 Plut.
503 2735 552 2774 de
589 2735 666 2774 def.
705 2748 806 2774 orac.
846 2749 877 2774 c.
910 2738 952 2775 3:
1000 2730 1296 2786 Θαυμασάντων
1339 2730 1382 2772 δὲ
1423 2733 1502 2771 τῶν
1539 2727 1761 2783 παρόντων,

241 2801 310 2838 τοῦ
342 2797 384 2838 δὲ
415 2799 642 2850 Δημητρίου
682 2797 747 2837 καὶ
783 2796 935 2851 γέλοιον
972 2795 1171 2851 φήσαντος
1208 2793 1308 2837 εἶναι
1343 2792 1420 2836 ἀπὸ
1458 2797 1606 2847 μικρῶν
1642 2809 1760 2847 πραγ-

242 2860 374 2914 μάτων
415 2860 515 2903 οὕτω
557 2859 702 2916 μεγάλα
742 2866 893 2915 θηρᾶν,
940 2857 989 2904 οὐ
1033 2859 1114 2903 κατ’
1157 2859 1336 2903 Ἀλκαῖον
1379 2860 1424 2909 ἐξ
1467 2857 1640 2912 ὄνυχος
1680 2855 1760 2901 τὸν
