1864 3126
251 144 335 187 716
553 137 555 141 ’
634 195 640 201 .
702 142 1006 180 FRAGMENTA
1031 143 1293 181 ADESPOTA.

343 248 402 303 ὡς
433 251 496 306 σε’,
530 250 838 309 Κλ(ει)θέμιος
868 258 961 307 παῖ,

338 320 581 366 Ἀπόλλωνι
613 320 694 378 μὲν
726 324 863 377 θεῶν,

296 404 316 436 5
343 390 453 449 ἀτὰρ
486 390 668 450 ἀνδρῶν
696 389 941 449 Ἐχεκράτει

342 462 468 506 παιδὶ
500 463 784 519 Πυθαγγέλω

342 532 612 591 στεφάνωμα
644 532 925 578 δαιτικλυτάν

338 603 471 648 πόλιν
503 605 546 656 ἐς
573 602 818 662 Ὀρχομενῶ
851 605 977 657 διώξ-

344 690 497 720 ιππον·
530 678 643 719 ἔνθα
675 675 784 719 ποτέ

274 759 316 790 10
343 743 395 798 ὃς
427 743 486 790 δῖ’
524 744 769 803 Εὐρυνόμα
802 744 995 803 Χάριτας

389 900 417 934 Ξ
428 900 435 934 ι
446 899 867 979 ΠΠΟΝΕΝΘΑΠῼῙΞ
889 928 896 935 .
919 898 937 946 ιι

323 997 365 1028 10
390 994 448 1029 YC
468 1022 476 1030 .
499 1023 506 1030 .
528 994 738 1029 ΕΥΡΥΧΜΑ
760 1022 767 1030 .
787 994 875 1028 ΧΑΝ
901 1014 947 1021 --

397 1042 443 1074 ††
532 1042 608 1072 †††
687 1042 703 1071 ι
853 1042 870 1071 †

422 1101 708 1180 ''iffiAoess
719 1102 726 1136 ι
739 1101 857 1136 «ress
887 1086 905 1148 ΓΙ

446 1208 632 1245 .ΕΦΟΝ.
654 1208 955 1286 ΤΟΔΕΠΑΡΕΞΓΕτι
983 1228 1026 1234 ——-

450 1303 883 1340 οΑι-ΛΑΟΝΜεΛοε
908 1302 924 1349 11

391 1374 604 1411 ...ΘΕΝΗ
627 1403 633 1410 .
657 1373 952 1410 mcor-roc.
977 1402 984 1410 .
1013 1374 1134 1409 εγΗΡ
1161 1395 1204 1401 -

321 1451 362 1481 15
391 1421 804 1482 ....ΝτιΠΑΡΑΝΑ’

247 1528 492 1565 Memorabile
519 1529 653 1575 stigme
679 1529 900 1575 interposita
931 1530 1067 1576 passim
1098 1540 1171 1565 non
1203 1529 1322 1565 solum
1349 1529 1542 1574 vocabula,
1567 1531 1632 1566 sed
1657 1531 1773 1568 etiam

248 1577 411 1622 syllabas
438 1577 613 1622 separari,
640 1576 745 1612 velut
764 1589 797 1612 v.
815 1580 874 1620 14,
902 1588 996 1622 quae
1024 1578 1160 1622 stigme
1191 1577 1302 1612 modo
1334 1588 1509 1622 superne,
1539 1578 1651 1614 modo
1668 1578 1778 1615 infra·

247 1625 303 1660 est
327 1624 466 1667 addita,
493 1625 603 1659 modo
630 1623 794 1659 medium
821 1626 980 1670 occupat
1004 1625 1138 1668 locum,
1171 1624 1236 1660 sed
1259 1624 1324 1659 ubi
1348 1623 1446 1659 infra
1471 1625 1772 1672 deprehenditur,

247 1671 349 1707 velut
374 1684 406 1707 v.
435 1675 478 1706 12
505 1674 544 1706 et
571 1676 631 1715 13,
665 1683 777 1717 supra
802 1671 939 1716 locavi,
970 1684 1017 1708 ne
1048 1672 1131 1718 quis
1156 1671 1329 1716 opinetur
1359 1671 1523 1707 litteram
1556 1672 1769 1711 desiderari.
1783 1683 1786 1686 ’

246 1720 288 1754 Ιιι
312 1718 516 1754 novissima
540 1721 647 1764 parte
674 1730 847 1755 versuum
872 1700 939 1754 ubi'
962 1719 1058 1754 nihil
1089 1719 1217 1755 deesse
1242 1719 1406 1763 videtur,
1433 1719 1538 1754 Blass
1568 1719 1584 1765 Η
1616 1719 1771 1766 addidit,

246 1766 310 1801 ubi
336 1765 516 1811 scriptum
536 1766 764 1802 oblitterata.
786 1787 832 1792 —
852 1766 1005 1803 Litteris
1024 1767 1175 1802 incertis
1197 1777 1270 1802 non
1289 1765 1449 1811 stigmen
1469 1766 1622 1811 subieci,
1648 1767 1714 1803 sed
1733 1770 1768 1812 †.

341 1813 497 1849 Carmen
522 1815 564 1848 ut
588 1814 695 1859 potui
719 1813 937 1850 instauravi.
981 1814 1024 1851 V
1046 1818 1066 1849 2
1093 1813 1226 1870 πέμπω
1252 1813 1352 1848 haud
1379 1813 1490 1849 dubie
1516 1795 1705 1850 delitescit
1728 1815 1768 1851 in

246 1862 397 1897 chartae
418 1861 612 1918 scriptura,
638 1862 765 1906 itaque
787 1858 938 1919 (ῧμν)ον
959 1855 1026 1907 (ων
1046 1858 1207 1904 unusve·
1234 1859 1367 1906 πέμπω
1389 1859 1446 1906 (δέ
1466 1863 1540 1904 νιν)
1562 1861 1770 1906 scripsi.—

247 1909 289 1943 V.
317 1913 337 1943 3
365 1907 494 1954 scripsi
519 1905 568 1948 ὡς
595 1907 653 1952 σέ,
679 1907 906 1955 Κλειθέμιος
930 1914 1009 1944 παῖ.
1060 1909 1166 1944 Blass
1191 1908 1284 1944 dicit
1314 1919 1352 1943 se
1379 1908 1491 1944 etiam
1518 1909 1613 1944 haec
1637 1879 1772 1956 legisse

246 1956 473 1991 ..oceAoe
496 1955 719 2000 ΕΘΕΜΙ(Σ,(Ξ
748 1956 810 1990 sed
836 1967 904 2001 pro
925 1955 985 1991 ΕΘ
1006 1956 1117 1991 etiam
1139 1957 1201 1990 ΑΘ
1227 1955 1303 2000 legi
1328 1966 1447 2000 posse.
1490 1955 1562 1998 Qui
1586 1956 1648 1992 hic
1674 1968 1773 1993 com-

247 2004 698 2084 ρεΗειὴιιιι-ῒωλζιθέμιος
709 2039 813 2083 παῖς)
847 2038 995 2074 videtur
1026 2039 1156 2073 auctor
1187 2037 1316 2080 fuisse,
1349 2039 1391 2072 ut
1422 2039 1535 2082 poeta
1559 2049 1708 2075 carmen
1731 2039 1773 2075 in
1807 2039 1814 2042 ”

248 2086 464 2122 Echecratis
490 2086 639 2121 laudem
666 2086 852 2129 conderet,
880 2085 1193 2131 quemadmodum
1213 2085 1383 2120 Theorax
1403 2085 1603 2120 Thessalus
1628 2086 1772 2133 Hippo—

246 2135 348 2170 oleae
375 2133 526 2168 Pindar'.
551 2134 791 2178 praeconium
818 2133 1045 2177 conciliavit,
1070 2132 1145 2167 vid.
1174 2132 1283 2177 Pyth.
1303 2132 1337 2167 X
1357 2136 1412 2168 64.
1439 2153 1485 2158 -—
1510 2132 1554 2168 V.
1575 2136 1598 2167 4
1623 2144 1692 2179 sup
1720 2135 1771 2170 le·

247 2182 412 2217 mentum
431 2180 537 2216 θεῶν
558 2183 711 2237 certum,
738 2181 907 2225 quamvis
933 2180 1039 2216 Blass
1065 2179 1167 2215 dicat
1191 2190 1258 2225 pro
1285 2181 1317 2215 Θ
1343 2178 1459 2215 etiam
1492 2179 1518 2214 Ε
1543 2180 1604 2215 vel
1630 2182 1659 2214 Η
1711 2181 1771 2228 egi

247 2239 366 2273 posse.
394 2248 437 2254 —-
465 2227 509 2262 V.
531 2231 562 2263 5.
590 2225 704 2273 ἀτὰρ,
732 2229 862 2263 charta.
882 2229 1006 2271 ΑΤΑΙ,
1033 2227 1192 2263 correxit
1213 2227 1326 2263 Blass.
1347 2248 1390 2252 —
1418 2226 1461 2262 V.
1484 2231 1514 2263 ’1.
1542 2225 1782 2282 στεφάνωμα(

248 2272 484 2311 δαιτικλυτάν
529 2277 630 2311 certa
673 2275 805 2320 opinor
849 2275 1108 2311 emendatione
1152 2275 1323 2320 expedivi
1359 2275 1511 2310 chartae
1549 2275 1772 2320 scripturam

247 2324 398 2358 ΔΑΙΤΙ.
422 2324 449 2356 Γ
451 2323 543 2357 ΑΥΤ
570 2323 630 2358 vel
652 2324 726 2358 CA·
725 2323 771 2356 ’Τ
798 2324 841 2358 ut
864 2323 926 2368 leg
927 2323 958 2358 it
984 2323 1101 2364 Blass,
1128 2322 1192 2358 sed
1210 2322 1399 2367 professus
1419 2322 1444 2357 C
1464 2321 1665 2357 interstitio
1685 2334 1771 2377 sup·

245 2371 380 2416 plendo
405 2382 480 2406 non
506 2371 596 2405 satis
627 2370 762 2413 facere,
796 2370 868 2405 fuit
898 2335 1042 2406 sgoilicet
1075 2370 1113 2405 Ι(.
1164 2368 1403 2405 Adiectivum
1429 2366 1662 2410 δαιτικλυτὸς
1686 2369 1772 2407 Ριιι-

246 2419 336 2454 claro
368 2418 423 2454 Ol.
457 2416 543 2451 VIII
574 2421 618 2452 52
656 2417 812 2453 restitui.
855 2438 895 2443 —-
935 2418 979 2454 V.
1015 2421 1068 2452 10.
1102 2417 1335 2462 Eurynomen
1370 2416 1580 2452 Gratiarum
1613 2418 1770 2454 matrem

247 2466 402 2511 agnovit
427 2464 551 2509 Blass,
578 2465 642 2509 qui
667 2476 733 2510 pro
762 2466 974 2500 ΕΥΡΥΧΜΑ
1007 2464 1121 2500 etiam
1148 2464 1392 2499 ΕΥΡΥΧΡΟΑ
1426 2465 1464 2499 et
1488 2474 1554 2509 pro
1580 2464 1667 2498 ΧΑΝ
1693 2463 1771 2510 legi

246 2524 351 2558 posse
376 2513 473 2547 ΧΑΡΙ
502 2512 604 2548 dicit.
643 2511 772 2547 Solent
797 2523 884 2547 sane
910 2511 1061 2547 nomina
1085 2511 1222 2547 fabulis
1247 2511 1411 2556 antiquis
1436 2512 1646 2557 propagata
1669 2512 1767 2547 vari-

247 2561 312 2603 ari,
350 2560 478 2604 itaque
516 2560 638 2605 possis
671 2557 870 2605 Εὐρυχόρα
904 2559 1097 2603 coniicere,
1128 2570 1248 2603 neque
1278 2560 1404 2594 tamen
1442 2557 1645 2604 probabilis
1676 2558 1769 2594 haec

248 2607 418 2653 suspicio.
471 2606 708 2642 Orchomenii
739 2618 827 2652 prae
860 2617 898 2642 se
932 2605 1117 2650 ferebant,
1154 2606 1295 2651 primos
1330 2617 1368 2641 se
1399 2605 1537 2641 divinis
1566 2604 1768 2641 honoribus

248 2655 398 2709 Gratias
434 2654 608 2697 coluisse,
650 2654 738 2690 hinc
775 2654 888 2699 poeta
920 2653 979 2690 vel
1011 2653 1203 2699 antiquam
1234 2653 1400 2698 aliquam
1439 2651 1766 2688 Orchomeniornm

245 2701 462 2737 memoriam
490 2704 638 2737 secutus
663 2702 725 2736 vel
751 2713 816 2737 suo
841 2701 1005 2747 periculo
1031 2701 1147 2745 finxit,
1180 2699 1327 2736 Gratias
1356 2699 1579 2736 Orchomeni
1608 2699 1768 2735 nutritas

247 2760 337 2792 esse,
363 2760 437 2784 non
464 2752 583 2793 natas,
610 2750 654 2784 ut
676 2748 820 2784 Blassio
847 2749 884 2783 et
909 2749 1113 2784 Buchelero
1139 2748 1269 2783 visum.
1319 2748 1453 2793 Itaque
1478 2745 1607 2792 scripsi
1637 2741 1684 2787 ἃς
1708 2743 1764 2782 δῖ’

251 2793 454 2841 Εὐρυνόμα
485 2794 654 2841 Χάριτας
683 2797 894 2836 θαλασσίας
926 2794 1086 2840 «ξ’,τικτεν
1126 2794 1303 2840 ἔτραφον.
1342 2793 1569 2840 Eurynome,
1604 2804 1688 2828 cum
1720 2794 1770 2830 sit

249 2842 385 2877 Oceani
410 2843 504 2888 filia,
530 2843 569 2878 in
595 2843 706 2878 maris
731 2843 845 2877 {undo
871 2843 1018 2878 Gratias
1049 2844 1161 2887 partu
1186 2841 1321 2886 edidit,
1353 2841 1440 2876 hinc
1463 2841 1673 2881 θαλασσίας
1698 2839 1770 2877 ἔτι.-

248 2902 345 2933 κτεν,
373 2901 458 2925 nam
485 2902 528 2926 eo
561 2891 702 2926 ducunt
725 2889 934 2925 litterarum
960 2890 1136 2935 vestigia,
1168 2871 1339 2934 quamvis
1364 2888 1485 2934 prima
1510 2887 1638 2923 littera
1662 2890 1688 2922 Α
1713 2887 1766 2924 ιιι-
