1864 3126
777 117 1058 156 ANACREON.
1603 120 1691 163 277

890 229 958 271 81.

658 313 720 355 Αἱ
746 310 800 355 δέ
827 327 912 367 μευ
942 311 1103 368 φρένες

253 383 585 440 ἐκκεκωφέαται.

816 504 884 547 82.
918 504 1044 571 [94-]‚

247 583 360 643 Ἐγώ
393 583 435 630 δ’
471 588 584 643 ἔχων
616 584 825 642 σκύπφον
854 583 1056 644 Ἐρξίωνι

248 659 308 718 τῷ
341 655 637 714 Λευκολόφου
668 654 831 714 μεστὸν
864 656 1077 710 ἐξέπινον.

814 777 881 821 83.
917 777 1020 832 [95]
1598 781 1685 820 1031

248 858 513 916 Στεφάνους
544 857 589 903 δ’
625 857 743 916 ἀνὴρ
774 867 891 917 τρεῖς
921 859 1104 910 ἕκαστος
1135 855 1276 916 εἶχεν,

247 928 352 983 τοὺς
381 928 464 987 μὲν
496 930 727 987 ῥοδίνους,
759 927 839 974 τὸν
872 928 922 974 δὲ
953 932 1281 987 Ναυκρατίτην.

798 1050 898 1094 *84.
932 1050 1038 1104 [85]

234 1131 362 1178 ’Ἑστε
396 1132 562 1186 ξένοισι
593 1135 807 1190 μειλίχοις
839 1130 1053 1187 ἐοικότες,

167 1211 171 1214 ’
245 1204 400 1262 στέγης
430 1220 476 1249 τε
507 1205 682 1262 μοῦνον
713 1203 787 1247 καὶ
819 1201 961 1261 πυρὸς
990 1203 1288 1278 κεχρημένοις.

245 1336 305 1373 Fr.
333 1339 390 1372 81.
441 1334 561 1373 Cram.
587 1334 656 1371 An.
679 1334 745 1371 Ox.
765 1334 881 1379 1288,
903 1337 941 1370 3.
967 1333 1032 1370 καὶ
1053 1330 1318 1391 Ἀνακρέων·
1346 1333 1399 1370 At
1421 1336 1469 1371 δέ
1497 1349 1580 1382 μευ
1608 1339 1683 1373 κτλ.

150 1385 209 1421 Et.
235 1382 284 1422 M.
313 1387 397 1428 322,
423 1386 468 1419 22
496 1381 633 1419 omisso
658 1393 757 1420 nom.
785 1383 937 1428 poetae:
964 1378 1078 1417 Atae’
1108 1378 1213 1428 ἐμαὶ
1239 1396 1309 1429 φρ.
1337 1379 1395 1419 ἐκ.

245 1455 303 1491 Fr.
329 1457 388 1490 82.
438 1454 571 1489 Asshen.
597 1453 649 1489 XI
680 1465 716 1499 p.
742 1452 869 1490 4980:
901 1449 1072 1494 Ἱίσιόὃος
1107 1449 1144 1489 δ’
1180 1451 1222 1489 ἐν
1254 1454 1304 1500 τῷ
1336 1453 1501 1511 δευτέρῳ
1527 1457 1683 1513 Melan-

150 1504 287 1543 ποδίας
318 1499 388 1537 σὺν
418 1501 469 1550 τῷ
500 1514 527 1536 π
553 1498 728 1545 σκύπφον
753 1499 871 1547 λέγει·
906 1529 913 1537 .
934 1527 942 1535 .
964 1529 972 1536 .
1004 1497 1142 1546 ὁμοίως
1172 1502 1300 1547 εἴρηκε
1327 1502 1391 1537 καὶ
1415 1498 1683 1548 Ἀνακρέων·

147 1547 254 1606 Ἐγω
284 1552 358 1586 κτλ.
384 1539 472 1584 ἀντὶ
496 1549 562 1584 τοῦ
588 1547 807 1594 προέπινον.
846 1548 1094 1584 Cf.Eust.11.
1123 1552 1281 1594 900,16.
1309 1570 1353 1576 -—-
1380 1549 1424 1586 V.
1451 1554 1484 1587 2.
1511 1550 1560 1597 τῷ
1587 1554 1682 1586 Λευ·
1711 1587 1714 1589 Α

150 1595 318 1644 κολόφου
345 1596 487 1643 scripsi,
512 1596 627 1642 vulgo
657 1597 709 1645 τῷ
735 1593 970 1644 λευκολόφῳ,
996 1595 1096 1641 quod
1121 1596 1278 1633 fortasse
1303 1598 1574 1634 revocandum.
1596 1608 1683 1634 nam

148 1646 262 1683 etiam
289 1644 333 1682 fr.
360 1648 418 1689 83,
436 1648 458 1679 2
486 1644 618 1680 eodem
637 1633 724 1680 loco
742 1646 967 1690 anapaestus
987 1641 1162 1690 ῥοδίνους
1181 1644 1484 1690 deprehenditur,
1510 1647 1549 1681 et
1566 1646 1683 1682 talem

148 1695 307 1748 figuram
332 1703 460 1728 versus
485 1691 735 1728 Anacreontei
759 1691 908 1727 videtur
941 1691 1055 1737 schol.
1091 1692 1196 1728 metr.
1224 1691 1376 1728 Pindari
1402 1693 1508 1729 Nem.
1536 1692 1602 1729 VlI
1626 1696 1681 1730 te-

149 1740 254 1786 atari,
280 1740 343 1799 gui
369 1739 609 1775 Pindaricum
634 1750 782 1776 versum
805 1733 1053 1785 Ἀναπνέομεν
1074 1738 1112 1774 δ’
1134 1735 1202 1785 οὐχ
1228 1736 1394 1781 ἅπαντες
1420 1738 1483 1776 ἐπὶ
1503 1742 1565 1776 ἴσα
1589 1753 1683 1777 nun-

148 1769 262 1835 cupa’t
287 1784 586 1844 Ανακρεόντειον
612 1784 654 1823 ἐκ
675 1786 855 1833 δευτέρου
876 1787 1186 1833 πενθημιμεροῦς
1205 1787 1270 1823 καὶ
1290 1787 1467 1843 ἰαμβικῆς
1498 1789 1683 1836 συλλαβῆς

151 1832 438 1881 καταληπτικόν,
464 1834 530 1870 ubi
563 1834 824 1892 corrigendum
851 1831 894 1870 ἐκ
921 1835 1085 1870 διπλοῦ
1116 1836 1427 1882 πενθημιμεροῦς
1458 1835 1682 1882 ἰαμβικοῦ

151 1884 216 1920 καὶ
241 1882 427 1931 συλλαβῆς
451 1878 784 1938 ἀκατάληκτρν.
835 1881 1001 1919 Offendit
1025 1893 1114 1918 sane
1139 1884 1366 1929 anapaestus
1390 1883 1429 1918 in
1453 1883 1684 1933 appellativo

150 1930 335 1968 vocabulo
369 1929 573 1975 admissus,
605 1930 670 1966 sed
701 1931 733 1966 si
764 1930 847 1976 quis
878 1930 946 1966 hos
975 1930 1179 1966 versiculos
1209 1941 1255 1966 ex
1278 1926 1518 1977 anapaestico
1544 1933 1583 1968 et
1608 1933 1682 1968 tro-

148 1979 278 2016 chaico
304 1977 386 2015 colo
414 1977 696 2024 conglutinatos
721 1989 802 2014 esse
820 1978 1033 2021 arbitretur,
1058 1978 1200 2014 maiore
1219 1978 1334 2014 etiain
1354 1978 1576 2015 difficultate
1597 1991 1682 2015 con-

148 2026 301 2064 strictus
330 2027 502 2071 tenetur,
534 2027 624 2062 tunc
658 2026 757 2062 enim
788 2025 831 2063 fr.
865 2029 930 2071 82,
964 2029 982 2060 1
1016 2026 1056 2061 et
1085 2029 1202 2071 83,1
1235 2025 1446 2073 corrigendi
1475 2027 1681 2063 necessitas

145 2073 333 2122 imposita.

243 2145 302 2180 Fr.
328 2147 384 2180 83.
435 2143 571 2181 Athen.
597 2143 667 2181 XV
694 2144 820 2181 671Ε·
856 2145 921 2202 Τίς
947 2141 1089 2181 ἔστιν
1073 2159 1093 2180 ο
1116 2158 1224 2202 παρα
1254 2145 1305 2194 τῷ
1331 2147 1548 2202 χαρίεντι
1564 2141 1679 2180 Ἀνα-

148 2190 334 2249 κρέοντι
359 2191 625 2247 Ναυκρατίτης
649 2190 848 2250 στέφανος,
873 2206 902 2228 ω
930 2188 1141 2250 Οὖλπιανές
1173 2192 1267 2239 φησὶ
1291 2206 1363 2238 γαρ
1391 2189 1508 2234 οὕτως
1533 2189 1553 2227 ὁ
1580 2195 1680 2250 μελι

149 2237 237 2299 χρός
271 2235 444 2284 ποιητής·
479 2237 760 2297 Στεφάνους
790 2236 810 2275 ὁ
849 2236 887 2276 δ’
922 2236 1037 2285 α’νὴρ
1068 2242 1143 2275 κτλ.
1179 2261 1221 2266 -
1255 2239 1299 2277 V.
1335 2245 1365 2275 1.
1397 2237 1610 2298 στεφάνους
1641 2236 1678 2275 δ’

148 2300 246 2333 ανηρ
276 2285 354 2329 VL,
379 2282 599 2344 στεφάνους
622 2283 643 2322 ὁ
669 2283 708 2322 δ’
730 2283 833 2343 ἀνὴρ
859 2287 908 2332 Β,
938 2287 1003 2323 sed
1030 2288 1062 2322 A
1088 2285 1296 2346 στεφάνου·
1323 2284 1343 2324 ὁ
1370 2284 1408 2323 δ’
1435 2284 1551 2333 α’νὴρ,
1584 2287 1678 2323 Har-

149 2337 244 2380 tung
270 2330 483 2378 στεφάνους
507 2329 546 2368 δ’
573 2329 639 2379 ἄρ’
666 2330 774 2380 ἀνήρ.
826 2334 879 2372 Of.
905 2334 998 2371 Poll.
1026 2335 1077 2370 VI
1098 2339 1183 2371 107.
1205 2331 1412 2392 Ἀνακρέων
1439 2334 1480 2371 δὲ
1503 2333 1566 2370 καὶ
1587 2332 1676 2380 μύρ-

145 2395 223 2423 τοις
260 2380 553 2438 στεφανοῦσθαί
566 2392 679 2437 φησι
714 2410 722 2419 .
744 2410 750 2417 .
773 2408 781 2416 .
819 2381 884 2418 καὶ
917 2383 1216 2439 Ναυκρατίτῃ
1250 2380 1444 2440 στεφάνῳ,
1482 2380 1679 2428 σάμψυχος

147 2426 257 2471 οὗτος
281 2422 328 2475 ἦν
356 2456 364 2464 .
385 2456 393 2464 .
417 2455 424 2463 .
451 2424 472 2463 ὁ
499 2426 541 2464 δὲ
566 2423 771 2475 Ἀνακρέων
796 2428 862 2465 καὶ
888 2427 1076 2476 ᾆόδινον
1102 2427 1293 2475 στέφανον
1319 2426 1528 2476 ωνόμασεν.

242 2500 301 2536 Fr.
330 2503 386 2536 84.
438 2497 537 2535 Plut.
564 2499 650 2535 adv.
676 2499 790 2536 StoiC.
816 2511 847 2536 c.
874 2503 938 2536 20:
972 2501 1170 2545 Διψῶντες
1195 2495 1263 2536 οὖν
1290 2497 1431 2542 υδατος
1455 2498 1526 2536 οὐκ
1552 2499 1679 2547 ἔχουσι

171 2549 279 2594 ρείαν
312 2543 404 2583 οὐδὲ
437 2543 555 2592 ἄρτου
589 2547 812 2588 πεινῶντες·
836 2543 991 2584 Ἔσται
1023 2548 1055 2591 ξ
1087 2550 1161 2583 κτλ.
1194 2543 1304 2589 οὗτος
1335 2561 1406 2584 ουκ
1439 2546 1514 2593 εἶχε
1547 2549 1679 2593 χρείαν

147 2596 351 2655 υποδοχῆς.
401 2594 645 2631 Anacreontis
682 2605 762 2630 esse
799 2593 944 2631 indicat
975 2595 1177 2641 Hephaest.
1209 2599 1271 2631 29:
1311 2596 1498 2653 Δίμετρα,
1537 2595 1599 2632 οἷα
1630 2594 1677 2631 τὰ

147 2641 430 2688 ’Δνακρεοντεια
455 2639 523 2678 ὅλα
549 2639 699 2688 ᾄσματα
724 2640 944 2687 γέγραπται,
969 2641 1080 2678 οἷον.
1130 2670 1138 2678 .
1164 2644 1340 2689 τρίμετρα
1361 2641 1415 2688 δέ,
1442 2641 1491 2684 ὡς
1509 2640 1569 2679 τό·
1596 2642 1677 2680 ἔστε

151 2690 292 2736 ξένοισι
317 2691 496 2736 μειλίχοις
520 2689 648 2734 (FIBH
674 2687 774 2733 ξένοι
801 2688 839 2725 εἰ
866 2690 995 2735 λίχοις)
1019 2686 1195 2730 ἐοικότες.
1228 2710 1272 2716 --
1305 2690 1349 2727 V.
1379 2695 1407 2727 1.
1441 2688 1521 2726 ἔστε
1555 2689 1639 2737 Hep
1641 2691 1677 2727 h.

151 2739 278 2785 vulgo,
303 2736 369 2773 scd
387 2736 654 2773 FlBCHPESA
676 2735 792 2781 ἔσται,
817 2738 860 2772 ut
877 2736 975 2773 Plut.
996 2736 1203 2782 (Wyttenb.
1224 2739 1323 2782 om..)
1350 2758 1394 2764 —
1421 2737 1464 2774 V.
1486 2742 1518 2774 2.
1545 2750 1582 2774 τε
1604 2703 1676 2775 agii.

149 2784 336 2822 Gaisford.
372 2801 417 2811 -ψ
451 2783 715 2831 κεχρημένοις,
747 2784 899 2820 Diibner
929 2783 1170 2832 κεχρημένῳ,
1206 2787 1306 2821 recte
1338 2787 1380 2821 ut
1409 2785 1567 2822 videtur.
1620 2786 1676 2821 Ad

147 2832 474 2916 ΡΙιοι-ιιιόοηοωῌοι
498 2832 697 2868 Dioscuros
721 2832 836 2868 refert
860 2831 1050 2877 Gaisffird,
1081 2821 1134 2867 de'
1153 2843 1228 2877 qua
1252 2831 1381 2869 fabula
1405 2832 1478 2869 vid.
1507 2832 1676 2870 Meineke

146 2881 242 2917 Poet
306 2890 367 2916 om
466 2883 629 2926 2,1227.
