1864 3126
225 158 280 199 22
729 141 731 143 ’
788 152 980 189 POETAE
1005 152 1186 188 MELIGI.

883 287 953 329 20.
988 286 1092 339 [is]

321 373 618 428 Θριδακίσκας
647 385 693 412 τε
724 367 797 411 καὶ
829 366 1044 425 κριβάνας
1075 369 1256 418 νῶντος.

702 503 827 549 ΕΙΣ
861 502 1278 547 ΑΦΡΟΔΙΤΑΝ.
1685 507 1751 540 841

887 604 956 647 21.
989 603 1096 657 [33]
1582 579 1586 584 ’

327 685 515 743 Κύπρον
548 683 731 743 ἱμερτὰν
763 689 941 729 λιποῖσα
972 685 1045 728 καὶ
1078 683 1244 741 Πάφον
1276 682 1560 742 περιρρύταν.

857 794 907 837 (11
926 793 957 825 A
976 794 994 825 1
1013 793 1044 825 A
1063 792 1121 836 N.)

888 876 955 918 22.
990 876 1094 929 [37]

231 1197 383 1242 poessam
405 1195 566 1230 excitare
587 1195 695 1231 deam
717 1206 760 1230 ex
778 1194 947 1240 plurimis
973 1194 1174 1239 montibus,
1200 1195 1332 1239 fluviis,
1353 1196 1517 1240 urbibus,
1542 1195 1654 1241 plane
1676 1206 1762 1231 con-

230 1243 351 1279 venit:
376 1254 464 1277 nam
485 1241 665 1278 Cnaealus
686 1242 869 1277 Arcadiae
890 1253 995 1277 mons
1015 1243 1156 1278 Dianae
1176 1254 1294 1286 sacer,
1322 1243 1396 1278 vid.
1419 1244 1526 1278 Paus
1542 1242 1629 1278 V11[
1649 1247 1706 1286 23,
1722 1247 1762 1278 4.

229 1287 461 1349 Καφυάταις
494 1288 535 1325 δὲ
563 1287 645 1334 ἴερὰ
671 1290 777 1325 θεῶν
804 1288 1046 1329 Ποσειδῶνός
1078 1287 1154 1325 ἐστι
1185 1290 1247 1324 καὶ
1283 1288 1475 1350 ἐπίκλησιν
1501 1291 1764 1347 Κνακαλησίας

229 1335 450 1396 Ἀρτέμιδος
491 1336 567 1372 ἔστι
599 1336 640 1373 δὲ
674 1334 801 1378 αυτοῖς
832 1336 897 1372 καὶ
928 1334 1015 1381 ὅρος
1040 1334 1255 1382 Κνάκαλος,
1293 1337 1390 1373 ἔνθα
1417 1335 1586 1374 ἐπέτειον
1612 1334 1763 1383 τελετὴν

232 1383 368 1431 ἄγουσι
402 1385 444 1432 τῇ
478 1381 666 1430 Ἀρτέμιδι.
716 1385 749 1419 Α
780 1384 928 1430 rupium
964 1385 1088 1420 colore
1118 1383 1268 1420 videtur
1298 1396 1402 1420 mons
1432 1396 1565 1421 nomen
1597 1384 1763 1430 traxisse,

233 1422 549 1479 quemadmodum
574 1432 689 1467 etiam
714 1431 753 1466 in
772 1431 959 1467 Laconica
983 1443 1098 1477 prope
1118 1432 1197 1467 Lan
1216 1429 1330 1467 fuit’‘
1309 1445 1396 1476 ορος
1415 1429 1635 1467 Κνακάδιον
1654 1432 1761 1468 Paus.

235 1480 288 1516 III
308 1484 365 1524 24,
387 1484 417 1516 6.
455 1480 624 1515 Alterum
643 1490 778 1514 nomen
798 1475 979 1523 Νυρσύλα
1004 1479 1065 1514 vel
1091 1479 1228 1514 moniis
1253 1480 1314 1515 vel
1338 1479 1443 1515 fluvii
1465 1479 1581 1515 fuisse
1606 1480 1764 1516 viderur.

233 1528 333 1563 Male
355 1508 559 1583 ’VVestzphal
585 1527 692 1562 hiatu
717 1526 894 1570 offensus,
927 1526 992 1571 qui
1018 1526 1108 1562 satis
1134 1526 1248 1562 habet
1273 1527 1540 1572 excusationis,
1574 1524 1663 1563 οὐδὲ
1689 1527 1765 1562 τῶν

235 1571 442 1610 κνωδάλων
469 1572 558 1609 οὐδε
585 1574 657 1609 τῶν
683 1574 703 1595 ’³‘
728 1571 907 1618 υρούλων.

332 1622 389 1657 Fr.
417 1625 473 1656 20
517 1621 652 1657 Athen
680 1621 732 1655 III
759 1621 886 1656 114F:
923 1619 970 1656 Αἷ
993 1619 1035 1656 δὲ
1062 1634 1138 1666 παρ
1144 1617 1351 1667 ’Ἀλκμᾶνι
1375 1622 1683 1665 θριδακίσκαι
1706 1624 1766 1658 λε-

236 1667 399 1727 γόμεναι
424 1667 467 1703 αἱ
489 1666 607 1703 αὗταί
628 1667 701 1704 εἰσι
719 1672 801 1708 ταῖς
816 1665 992 1708 Ἀττικαῖς
1009 1635 1252 1712 θριδαρκίναις
1271 1669 1330 1710 (cf.
1347 1668 1449 1714 Hesy
1451 1669 1507 1704 eh.
1528 1670 1766 1715 θριδακίναι)

236 1715 337 1762 λέγει
362 1715 404 1751 δὲ
432 1711 550 1756 ου’τως
575 1713 594 1750 ὃ
621 1713 789 1761 Ἀλκμάν·
826 1716 1113 1760 Θριδακίσκα
1140 1717 1208 1761 (ita
1234 1715 1313 1759 AC,
1339 1717 1584 1761 θριδακίσκαι
1612 1717 1657 1762 Β,
1682 1719 1768 1760 θριέ

237 1765 418 1804 δακίσκας
442 1762 551 1806 PVL)
587 1775 631 1798 τε
665 1762 741 1797 καὶ
773 1763 1056 1823 κριβανωτός
1082 1763 1125 1808 (P
1151 1761 1416 1810 κριβανωτώςγ
1450 1764 1653 1819 Σωσίβιος
1648 1745 1695 1799 δ’
1725 1760 1767 1799 ἕν

236 1812 345 1858 τρίτῳ
371 1810 457 1854 περὶ
479 1807 677 1855 Ἀλκμᾶνος
701 1811 878 1866 κρίβανα
890 1810 982 1855 φησὶ
1006 1809 1188 1854 λέγεσθαι
1213 1807 1451 1851 πλακοῦντάς
1475 1824 1580 1852 τινας
1605 1811 1654 1859 τῷ
1682 1809 1767 1856 σχή-

237 1871 325 1904 ματι
357 1858 609 1903 μαστοειδεῖς,
647 1857 712 1892 ubi
744 1854 968 1904 κριβάνας
998 1868 1065 1902 pio
1100 1859 1261 1913 κρίβανοι
1293 1858 1529 1893 scribendum
1554 1869 1632 1894 esse
1659 1858 1770 1894 docet

239 1906 336 1941 alter
355 1905 459 1940 locus
479 1905 682 1948 Asshenaei,
709 1904 804 1940 adde
825 1905 981 1950 Hesych.
1003 1902 1201 1961 κριβάνας·
1227 1903 1467 1946 πλακοῦντάς
1492 1918 1606 1946 τινας.
1647 1906 1769 1941 Antea

239 1952 373 1998 scripsi
400 1979 408 1987 .
424 1953 678 1996 ,θριδακισκα
703 1951 768 1987 καὶ
794 1949 1083 2000 κριβανωτως..
1101 1980 1108 1987 .
1135 1952 1173 1987 in
1198 1952 1343 1988 iambos
1369 1953 1461 1987 haec
1485 1953 1676 1998 redigens,
1703 1953 1769 1989 sed

238 2001 458 2035 Alemanem
490 2000 763 2044 θριδακίσκαν,
794 2011 870 2034 non
900 2001 1150 2045 θριδακίσκον
1177 1999 1313 2035 dixisse
1338 1999 1417 2044 ipse
1443 2000 1656 2036 Athenaeus
1683 2011 1768 2036 con-

238 2048 378 2083 firmat:
414 2046 487 2081 Sed
512 2047 615 2082 loeus
641 2048 805 2090 nondum
829 2046 869 2082 in
893 2047 1080 2103 integrum
1106 2047 1318 2091 restitutus,
1351 2048 1507 2082 fortasse
1533 2047 1769 2083 scribendum

242 2095 295 2140 Θρ
299 2095 496 2134 ιδακίσκας
515 2106 553 2128 τε
574 2093 639 2128 καὶ
659 2092 890 2150 κριβανωτός
915 2092 1108 2140 (vel-1039)
1135 2093 1264 2140 φέρε,
1291 2094 1350 2134 vel
1377 2094 1476 2140 quod
1498 2094 1618 2140 magis
1635 2094 1770 2152 'placei

243 2142 496 2186 Θριδακίσκας
515 2153 553 2176 τε
573 2141 637 2176 καὶ
656 2138 879 2189 κριβάνας
904 2142 1090 2187 νῶντος,
1117 2142 1162 2176 ef.
1177 2123 1332 2177 Pho’tius
1351 2142 1506 2182 νῶντος·
1527 2149 1768 2187 σωρευοντος,

240 2190 370 2234 itaque
396 2189 466 2224 hoc
491 2188 628 2234 recepi.
661 2189 798 2224 Versus
819 2191 876 2225 est
895 2189 1072 2234 creticus,
1098 2200 1209 2233 quem
1236 2191 1276 2224 ut
1301 2190 1438 2234 hymno
1463 2189 1502 2224 in
1519 2189 1678 2225 Dianam
1703 2189 1768 2226 ad·

243 2236 444 2272 scriberem
475 2247 550 2271 non
575 2236 652 2271 tam
677 2235 813 2282 prioris
839 2237 882 2271 fr.
911 2240 953 2272 19
981 2217 1186 2272 similitudo
1218 2235 1325 2280 feeit,
1361 2236 1426 2272 sed
1450 2237 1635 2272 Athenaei
1665 2237 1768 2273 locus

241 2284 327 2319 XIV
353 2282 484 2319 646Α.
520 2280 701 2343 κριβάνας
727 2283 834 2328 (PLV
859 2281 1080 2344 κυριβάνας)
1113 2264 1349 2324 πλακοῦντάς
1380 2297 1484 2324 τινας
1514 2281 1770 2341 ὀνομαστικῶς

237 2328 510 2387 Ἀπολλόδωρος
534 2330 628 2375 παρ’
649 2327 835 2376 Ἀλκμᾶνι·
863 2344 1000 2388 ομοιως
1025 2330 1090 2366 καὶ
1094 2332 1311 2392 Σωσίβιος
1320 2329 1361 2366 ἐν
1386 2332 1495 2386 τρίτῳ
1521 2331 1612 2389 περὶ
1622 2328 1768 2388 Ἀλκμᾶ-

242 2392 322 2422 νος,
355 2378 405 2424 τῷ
439 2375 608 2434 σχήματι
629 2379 864 2423 μαστοειδεῖς
889 2376 1057 2436 φάσκων
1071 2376 1171 2414 εἶναι
1195 2374 1349 2419 αὐτούς·
1385 2367 1550 2435 χρῆσθαι
1575 2375 1612 2434 δ’
1641 2375 1770 2420 αὐτοῖς

244 2414 426 2466 4άκωνας
452 2439 544 2483 προς
569 2438 635 2466 τας
653 2425 726 2460 τῶν
746 2426 935 2470 γυναικῶν
957 2423 1154 2470 ἑστιάσεις,
1181 2424 1401 2471 περιφέρειν
1421 2438 1459 2461 τε
1481 2422 1629 2470 αὐτους,
1657 2422 1768 2461 ὅταν

244 2471 465 2532 μέλλωσιν
492 2470 623 2528 ᾄδειν
650 2469 696 2508 τὸ
723 2472 1160 2532 παρεσκευασμένον
1186 2471 1412 2519 ἐγκώμιον
1431 2473 1509 2519 τῆς
1527 2473 1768 2519 παρθένου

244 2518 293 2555 οἱί
317 2517 364 2556 ἐν
389 2520 446 2567 τῷ
472 2509 588 2568 χορῷ
613 2516 882 2556 ἀκόλουθοι.
909 2520 974 2556 ubi
998 2519 1193 2578 παρθένος
1217 2521 1318 2556 haud
1343 2519 1454 2556 dubie
1474 2519 1595 2556 Diana
1619 2519 1767 2556 dicitur.

338 2568 395 2603 Fr.
423 2556 479 2603 ¹21.
525 2556 658 2603 Strabo
684 2567 771 2602 VIII
794 2572 879 2603 340:
906 2567 982 2603 Καὶ
1003 2565 1172 2622 Ἀλκμάν·
1199 2565 1354 2613 Κύπρον
1380 2569 1453 2603 κτλ.
1499 2567 1638 2603 Eadem
1665 2567 1768 2604 Euat.

227 2615 287 2650 ⁴11.
309 2619 389 2658 305,
404 2619 459 2650 34.
493 2614 667 2672 Respicit
690 2615 762 2650 hue
782 2615 984 2651 Menander
1001 2614 1139 2651 Walzii
1157 2615 1264 2651 Rhet.
1285 2615 1337 2650 IX
1353 2618 1436 2650 135·
1463 2613 1614 2657 Μέτρον
1639 2613 1769 2671 μέντοι

244 2663 318 2697 τῶν
351 2662 534 2707 κλητικῶν
566 2675 694 2707 υμνων
728 2659 768 2698 ἐν
797 2661 869 2719 μὲν
901 2660 1051 2721 ποιήσει
1083 2660 1388 2719 ἐπιμηκέστερον·
1405 2674 1501 2718 αμα
1533 2660 1602 2707 μὲν
1627 2675 1699 2708 γαρ
1726 2659 1769 2698 ἐκ

245 2710 390 2744 πολλῶν
416 2708 541 2744 τόπων
571 2708 713 2752 ἔξεστιν
745 2707 832 2750 τοὺς
862 2708 982 2751 θεοὺς
1013 2707 1205 2746 ἐπικαλεῖν
1237 2706 1286 2751 ῶς
1316 2721 1418 2755 παρα
1444 2711 1608 2754 Σαπφοῖ
1627 2709 1692 2745 καὶ
1717 2710 1768 2758 τῷ

242 2753 450 2802 Ἀλκμᾶνι
475 2757 663 2814 πολλαχοῦ
690 2754 927 2816 εὑρίσκομεν·
954 2757 1021 2803 τὴν
1047 2770 1116 2817 μεν
1142 2755 1213 2803 γὰρ
1226 2754 1392 2813 ’Ἄρτεμιν
1412 2753 1454 2792 ἔκ
1461 2758 1616 2816 μυρίων
1635 2746 1768 2802 ὀρέων,

247 2805 389 2860 μυρίων
422 2803 464 2839 δὲ
496 2801 662 2849 πόλεων,
701 2803 756 2840 ἔτι
786 2803 828 2840 δε
861 2805 1039 2850 ποταμῶν
1070 2803 1271 2840 ανακαλεῖ·
1310 2800 1390 2848 τὴν
1429 2801 1476 2839 δε
1505 2801 1769 2850 Ἀφροδίτην

246 2849 454 2895 Κυπρου,
480 2853 671 2895 Κνίδου,
698 2853 887 2909 Συρίας,
913 2850 1203 2911 πολλαχόθεν
1229 2847 1458 2894 ἀνακαλεῖ
1474 2853 1550 2886 κτλ.

342 2898 400 2933 Fr.
421 2902 478 2933 22.
518 2898 650 2935 Strabo
670 2899 703 2934 Χ
723 2903 809 2935 482:
834 2897 881 2935 τὰ
908 2897 950 2935 δὲ
976 2901 1143 2935 συσσίτια
1168 2897 1326 2945 ανδρεῖα
1350 2896 1453 2945 παρὰ
1479 2897 1549 2945 μὲν
1574 2903 1652 2941 τοῖς
1669 2901 1768 2946 Κρη-
