1864 3126
35 75 43 80 “
74 69 117 99 δ’

0 0 135 172 Γ
807 142 1021 179 ALCMAN.
1164 161 1169 168 ·
1624 143 1680 184 59

806 252 876 295 68.
909 253 1014 306 152]

245 334 391 392 Δουρὶ
423 332 473 380 δὲ
506 334 647 395 ξυστῷ
678 334 874 391 μέμηνεν
906 332 1019 386 Αἴας
1050 334 1264 393 αἰχματάς
1293 351 1338 379 τε
1373 334 1586 392 Μέμνων.

806 443 876 486 69.
909 443 1015 496 [484

230 522 305 578 Ὅς
333 525 472 570 ἰέθεν
503 523 662 578 πάλοις
692 528 854 570 ἔπαλεν
885 524 1105 582 δαίμονάς
1135 523 1175 569 τ’
1211 524 1443 571 ἐδάσσατο.

807 635 875 678 70.
908 635 1015 689 [19.]
1612 646 1682 678 855

241 714 366 775 Κῆπὶ
397 719 450 776 τᾷ
482 715 601 776 μύλᾳ
632 719 856 775 δρυφῆται
887 714 994 774 κήπὶ
1023 724 1120 769 ταῖς
1151 719 1443 801 συναικλίαις.

243 861 301 896 Fr.
329 863 387 896 68.
432 861 679 897 Choerobosc.
705 860 867 907 Epimer.
894 860 992 896 Ι94.
1019 859 1151 904 (Bekk.
1178 859 1246 895 An.
1273 859 1323 894 ΙΙΙ
1351 861 1470 904 1128):
1498 858 1591 896 αλλὰ
1619 862 1683 897 καὶ

145 905 187 944 τό
214 907 332 949 Αἴας
362 905 404 943 τὸ
429 905 522 953 παρ’
547 905 765 966 Ἀλκμᾶνι
779 907 915 966 ἔχομεν
940 905 1244 966 σεσημειωμένον
1270 904 1320 948 ὡς
1345 906 1544 944 συστέλλον
1570 907 1610 944 τὸ
1637 915 1681 945 ἄ·

146 953 293 997 ἔκεινος
317 953 389 1002 γὰρ
414 956 650 993 συνέστειλεν
676 953 770 992 αὐτὸ
798 954 932 992 εἰπών·
967 955 1114 1000 Δουρὶ
1146 953 1194 990 δὲ
1227 955 1257 998 ξ.
1284 968 1320 1000 μ.
1349 955 1456 996 Αἴας
1487 957 1598 1002 αἷμα
1630 955 1681 993 τά

145 1017 188 1039 τε
217 1005 414 1049 μέμνων·
442 1001 520 1040 ἔστι
545 1004 586 1040 δὲ
614 1001 815 1050 τροχαϊκὸν
840 1001 882 1039 τὸ
909 1002 1045 1061 μέτρον
1071 1002 1138 1038 καὶ
1159 1007 1350 1048 μετρειται
1376 1014 1511 1044 ουτως·
1538 1005 1652 1059 δουρὶ
1675 1005 1678 1035 i

144 1050 188 1087 δὲ
214 1052 346 1100 ξυσΙτῷ
372 1050 580 1112 μέΙμηνενΙ
602 1053 716 1110 aeas!
745 1051 866 1099 αἷμαΙ
894 1049 940 1087 τά
966 1063 1006 1087 τε
1029 1053 1034 1096 Ι
1091 1050 1225 1096 ε’μνων.
1277 1047 1320 1086 ἒν
1352 1051 1394 1097 τῇ
1429 1050 1579 1099 πέμπτῃ
1611 1050 1683 1098 γὰρ

145 1095 247 1153 χώρᾳ
278 1104 418 1145 κεῖται,
454 1095 542 1136 ἐν
521 1114 544 1148 ῃ
572 1096 618 1136 οὐ
644 1101 795 1136 τίθεται
827 1101 1027 1140 σπονδεῖος
1052 1064 1094 1135 g,
1120 1098 1307 1147 τροχαϊκῷ
1333 1099 1466 1148 μέτρῳ
1517 1100 1685 1146 Respicit

146 1135 260 1183 etiain
288 1147 302 1182 1
323 1151 405 1192 214,
430 1149 469 1184 et
492 1160 618 1184 rursus
638 1152 705 1184 377
732 1147 843 1183 affert
868 1158 983 1193 usque
1009 1147 1058 1183 ad
1084 1147 1185 1191 Αἴας,
1212 1135 1416 1203 eademque
1442 1147 1521 1182 sine
1547 1149 1682 1194 poetae

145 1206 180 1231 ιι.
207 1195 337 1231 Zonar.
365 1198 445 1232 564.
497 1196 551 1231 Cf.
578 1196 698 1231 Cram.
725 1196 793 1231 An.
822 1195 888 1232 Ox.
916 1195 1077 1252 111283‚
1105 1197 1170 1230 14.
1204 1191 1268 1229 τό
1295 1197 1417 1240 Δουρ
1426 1194 1513 1231 ὶδὲ
1541 1196 1683 1243 ξυστῷ

145 1240 349 1291 μέμηνεν
370 1244 479 1285 Αἴας
503 1243 569 1279 καὶ
594 1239 666 1279 ὅσα
690 1244 847 1281 τοιαῦτα
868 1240 965 1279 κατὰ
991 1223 1128 1283 πάθος.
1168 1242 1492 1278 Et.F101.Mi11er
1511 1243 1614 1279 Misc.
1637 1248 1681 1279 92

145 1288 253 1336 δουρὶ
264 1291 392 1343 ξυστῷ
413 1289 535 1338 μέμνη
555 1292 656 1332 Αἴας.
694 1290 887 1351 Integrum
912 1302 1061 1327 versum
1083 1290 1203 1325 Draco
1224 1290 1487 1326 Stratonic.12
1509 1292 1684 1337 (μίμνων)

144 1340 185 1374 et
215 1337 379 1384 priorem
409 1340 557 1384 partem
583 1343 629 1374 64
661 1339 780 1375 affert.
832 1337 922 1380 Αἶας
947 1340 985 1374 et
1010 1337 1178 1384 Μέμνων
1209 1338 1342 1397 scripsi
1374 1350 1457 1374 cum
1483 1338 1684 1382 Meinekio‚

145 1387 342 1443 praeterea
378 1385 487 1433 αίχμ
495 1385 606 1428 ατοὶς
643 1387 810 1432 restitui,
849 1387 914 1422 ubi
952 1387 1167 1422 Hermanno
1199 1383 1358 1435 αἴματᾷ,
1399 1385 1682 1423 Schneidewino

145 1430 287 1480 αἵματα
313 1434 470 1480 placuit:
501 1435 566 1479 sed
592 1433 758 1481 μέμηνεν
779 1446 928 1494 quoque
948 1435 994 1470 de
1013 1433 1106 1470 vitio
1127 1422 1361 1478 suspectum,
1386 1433 1516 1469 malim
1541 1447 1591 1480 με
1602 1448 1683 1480 μη

145 1494 244 1517 νειν
269 1481 318 1517 ad
343 1482 498 1518 Homeri
522 1475 686 1526 modum,
713 1482 778 1528 qui
804 1479 991 1527 εἱστήκειν
1017 1493 1085 1527 pro
1111 1479 1276 1526 εἱστήκει
1300 1481 1426 1517 dicere
1452 1482 1566 1526 solet,
1592 1482 1682 1518 item

145 1525 325 1574 ἠνώγειν
362 1528 606 1576 δεδειπήκειν
644 1510 728 1566 asia.
769 1550 814 1556 --
852 1530 977 1566 Aiacis
1015 1531 1056 1565 et
1085 1527 1294 1564 Memnonis
1333 1529 1523 1565 certamen
1568 1530 1683 1566 etiam

146 1576 278 1622 Dictys
305 1575 491 1613 Cretensis
516 1578 684 1622 enarrat,
717 1578 783 1613 sed
807 1589 883 1613 non
907 1577 1044 1622 liquet,
1077 1578 1203 1612 utrum
1229 1575 1391 1613 alienam
1417 1577 1683 1613 auctoritatem

147 1624 199 1660 sit
222 1625 391 1670 secutus,
414 1637 464 1661 an
489 1636 555 1662 suo
580 1625 747 1671 periculo
773 1624 977 1661 novaverit.

241 1672 299 1709 Fr.
327 1676 382 1709 69
434 1673 559 1709 Schol.
585 1673 627 1708 Il.
653 1686 678 1708 α
703 1668 960 1714 2222013'1023
985 1673 1214 1718 δαίμονας
1239 1675 1353 1708 καλει
1370 1669 1493 1713 θεοὺς
1516 1670 1600 1718 ἤτοι
1625 1669 1684 1709 ὅτι

141 1716 370 1778 δαήμονες.
435 1716 492 1766 ,ἢ
519 1733 576 1756 οτι
608 1722 809 1777 διαιτηταί
829 1719 902 1756 εἰσι
933 1720 998 1755 καὶ
1033 1718 1221 1765 διοικηταὶ
1252 1719 1327 1755 τῶν
1342 1716 1595 1778 ἀνθρώπων,
1634 1717 1685 1761 ὡς

141 1763 325 1825 Ἀλιιμαν
357 1765 378 1803 ὁ
413 1765 600 1825 λυρικός
631 1780 765 1826 φησιν·
791 1764 862 1809 “09
886 1767 968 1813 (AD
994 1766 1044 1812 οἳ)
1073 1767 1183 1803 εθεν
1212 1795 1219 1802 .
1247 1796 1254 1803 .
1283 1795 1290 1802 .
1318 1764 1352 1802 τ’
1383 1749 1610 1804 ἐδάσσατο
1637 1769 1683 1810 (Α

145 1812 390 1859 τεδάσσαντο)
415 1813 505 1857 τούς
530 1813 749 1874 μερισμούς,
782 1813 849 1857 τὰς
874 1814 1077 1861 διαιρέσεις
1103 1812 1239 1851 αὐτῶν.
1292 1815 1413 1851 Cram.
1442 1816 1511 1850 An.
1540 1816 1606 1852 Ox.
1633 1816 1683 1851 lv

145 1866 318 1920 409,16:
357 1861 415 1899 Οἷ
449 1862 561 1900 ἕθεν
598 1862 789 1905 πάλλοις
821 1862 987 1900 ἔπαλλε
1022 1864 1266 1909 δαίμονας,
1302 1860 1466 1899 ε’δασατο
1498 1860 1586 1904 τοὺς
1619 1877 1683 1908 με-

145 1922 302 2003 Ξζῖἔιῖἲῗ
330 1908 1683 2017 ’ἑῖἷηῇἶὶαἷιῗὲδῖἱαῒέτῖζυςἺιῖζῖἰίἷῖςΑῗαέἒῗαηῗῗξῗῖαῗῗέῗ

146 2005 270 2043 Sohol.
297 2006 378 2043 cod.
405 2007 515 2043 vind.
535 2010 598 2043 49:
629 2003 786 2063 Ἀλκμὰν
813 2004 834 2043 ὁ
859 2005 1066 2064 λυκόφρων
1089 2007 1222 2052 φησίν·
1249 2003 1371 2052 ἠέθεν
1398 2004 1504 2042 παλ
1475 2025 1508 2051 Α
1535 2004 1683 2050 ἔπαλλε,

146 2051 332 2111 δαίμονας
355 2051 393 2090 τ’
421 2052 624 2091 ἐδασσατο·
661 2068 749 2096 τους
774 2051 993 2101 μερισμούς,
1025 2051 1093 2095 τὰς
1119 2051 1334 2111 διαιτήσεις.
1374 2054 1453 2091 cod.
1481 2053 1590 2090 Vind.
1619 2059 1681 2090 61:

111 2102 116 2106 ⁴
145 2097 190 2143 ὃς
221 2099 314 2138 ἕθεν
347 2099 502 2144 παλλοις
533 2100 693 2139 ἔπαλλεν
725 2104 926 2148 δαίμονας·
967 2099 1152 2138 ἐδάσσατο
1189 2115 1278 2143 τους
1310 2116 1350 2159 μ.
1377 2099 1444 2142 τὰς
1478 2099 1685 2158 διαιτήσεις

147 2145 283 2186 αὐτῶν.
310 2170 357 2176 —-
380 2148 507 2186 ,Ιῖέθεν
533 2150 676 2208 scripsi,
701 2151 816 2205 vulgo
844 2149 958 2195 ἕθεν,
985 2150 1182 2186 Blomfield
1209 2149 1303 2186 coni.
1331 2147 1372 2190 ὁς
1396 2150 1503 2185 θεῶν
1527 2146 1683 2194 καλούς,

147 2197 247 2242 quod
272 2197 435 2234 debebat
459 2199 560 2234 certe
584 2196 712 2239 παλως
737 2197 866 2244 scribi;
895 2209 968 2253 ego
992 2197 1161 2234 dativum
1187 2198 1315 2243 teneo,
1343 2197 1388 2232 cf.
1410 2197 1522 2243 Soph.
1544 2197 1681 2233 Electr.

149 2248 217 2281 709
249 2256 404 2286 σταντες
434 2242 472 2281 δ’
500 2241 568 2282 ὅθ’
604 2242 744 2287 αὖτοὺς
778 2227 908 2292 (poe’ta.
931 2245 1079 2282 videtur
1111 2245 1305 2291 scripsisse
1337 2241 1452 2280 ὅθεν
1483 2246 1614 2289 σφας)
1647 2242 1686 2280 οἷ

148 2290 369 2338 τεταγμένοι
396 2292 538 2347 βραβῆς
562 2291 714 2339 κλήροις
736 2291 879 2339 ἔπηλαν
898 2293 963 2330 καὶ
982 2291 1216 2339 κατέστησαν
1235 2294 1404 2338 δίφρους.
1427 2312 1470 2318 ——
1497 2293 1684 2349 δαίμονας

146 2339 248 2376 haud
286 2339 398 2375 dubie
433 2339 642 2387 antiquitus
674 2341 751 2377 iam
783 2343 1015 2387 corruptum;
1054 2344 1169 2398 poeta
1205 2340 1407 2397 scripserat
1442 2337 1681 2386 διανομάς.

148 2387 193 2424 cf.
221 2386 440 2424 Callimaoh.
467 2399 527 2445 ap.
555 2387 679 2424 Schol.
707 2388 834 2435 Eurip
859 2389 948 2426 Hec.
977 2393 1065 2425 467.
1095 2382 1194 2434 ‘Haza
1225 2385 1367 2428 παλους
1399 2384 1416 2423 ἐ
1443 2384 1581 2423 ἅλοντο
1607 2389 1682 2423 διε-

146 2448 192 2481 κρ
194 2432 325 2471 ίναντὸ
350 2448 389 2471 τε
415 2448 528 2482 τιμας
545 2435 675 2481 πρῶτα
698 2438 921 2482 Γιγαντείου
941 2438 1121 2492 δαίμονες
1141 2434 1183 2472 ἐκ
1203 2434 1380 2492 πολέμου.
1453 2435 1562 2471 odem
1588 2434 1681 2470 vitio

146 2482 297 2520 laborat
321 2482 501 2529 Aeschyli
525 2494 654 2519 versus
679 2483 835 2520 Eumen.
862 2487 948 2521 685:
987 2481 1045 2520 Σύ
1071 2497 1129 2519 τοι
1160 2480 1326 2524 παλαιὰς
1357 2484 1542 2528 δαίμονας
1565 2496 1681 2517 κατα-

149 2529 294 2576 φθίσας
319 2531 409 2580 οἴνῳ
435 2528 720 2588 παρηπάτησας
734 2527 895 2577 ἀρχαίας
913 2530 1024 2575 θεάς,
1049 2530 1114 2568 ubi
1140 2531 1255 2567 schol.
1278 2530 1401 2576 Eurip.
1422 2529 1560 2566 Alcest.
1581 2542 1614 2565 v.
1639 2534 1680 2565 12

147 2588 275 2615 veram
307 2568 529 2625 scripturam
561 2575 747 2625 διανομὰς
778 2579 952 2616 servavit.
1004 2579 1136 2615 Nauck
1163 2578 1203 2614 in
1229 2543 1420 2614 Alcmanis
1444 2589 1555 2613 versu
1582 2578 1681 2613 δαι-

148 2623 290 2672 μονὰς
314 2626 496 2672 praefert,
522 2626 623 2672 quod
648 2626 815 2662 doricum
840 2638 919 2664 esse
943 2628 1054 2673 putat
1077 2637 1145 2682 pro
1170 2623 1366 2683 διανομάς.

242 2674 302 2709 Fr.
331 2677 386 2711 70.
436 2674 571 2710 Athen.
599 2673 650 2709 IV
679 2674 805 2710 1400:
836 2671 918 2710 Ἔτι
949 2673 1065 2720 φησὶν
1097 2670 1118 2709 ὁ
1144 2672 1327 2719 Πολέμων
1359 2672 1424 2708 καὶ
1455 2670 1496 2707 τὸ
1524 2674 1681 2708 δεῖπνον

149 2717 227 2757 ὑπὸ
254 2721 329 2757 τῶν
355 2722 669 2780 Λακεδαιμονίων
700 2718 834 2757 ἅϊκλον
850 2718 1235 2781 προσαγορεύεσθαι,
1266 2721 1534 2778 παραπλησίως
1557 2717 1680 2756 ἁπαν

149 2781 222 2804 των
255 2768 434 2826 Δωριέων
467 2782 583 2810 ουτως
615 2765 709 2804 αὐτὸ
741 2766 970 2805 καλούντων.
1017 2764 1203 2825 Ἅλ,κμὰν
1234 2766 1304 2823 μὲν
1335 2765 1407 2813 γὰρ
1437 2780 1536 2803 ουτω
1568 2769 1680 2814 φησί·

149 2812 270 2862 Κήπὶ
288 2819 363 2853 κτλ.
384 2830 482 2853 ουτω
501 2814 549 2853 τὰ
569 2818 792 2853 συνδείπνια
811 2816 947 2852 καλῶν.
968 2836 1011 2842 -
1039 2812 1132 2861 κη’πὶ
1151 2816 1197 2865 τᾷ
1218 2812 1315 2870 μύλᾳ
1335 2815 1679 2871 Schweighaeuser,

149 2862 238 2899 libri
262 2862 542 2919 κηπιταιμύλαι.
577 2885 621 2891 --
656 2864 864 2910 δρυφῆται,
898 2863 988 2900 olim
1020 2851 1188 2920 ἆυφῆται
1212 2862 1363 2918 scripsi,
1395 2863 1419 2900 i.
1446 2875 1477 2899 e.
1503 2861 1681 2909 ᾆοφῆται,

0 2889 13 2966 ἱ
150 2910 215 2946 sed
244 2911 371 2948 nescio
402 2922 450 2948 an
475 2911 631 2949 Alcman
663 2911 890 2959 δρυφᾶσθαι
913 2923 982 2958 pro
1007 2908 1226 2958 δρύφεσθαι
1258 2910 1413 2957 dixerit,
1447 2911 1491 2948 cf.
1518 2910 1679 2957 Hesych.

0 2864 8 2881 v
0 2836 5 2842 r
0 2808 5 2822 -
0 2710 10 2795 -ν-τν
0 2404 14 2696 -τ-υγιιμ-η-Ψ-ν--π-
0 2375 4 2391 —
