1864 3126
583 83 890 123 FRAGMENTA
915 81 1186 121 ADESPOTA.
1565 78 1652 122 735

207 192 368 253 Χόπερ
400 193 544 254 μόνον
577 192 744 253 ὀφρύσι
774 191 929 252 νεύσῃ,

207 263 399 326 καρτερὰ
431 265 574 327 τούτῳ
605 262 814 310 κέκλωστ’
850 261 1036 320 ἀνάγκα.

232 487 367 527 Pauca
409 500 458 528 ex
497 486 636 526 multis
677 484 719 524 in
759 484 865 524 hunc
904 484 1222 535 fragmentorum
1266 482 1551 532 adespotorum
1592 493 1653 519 or-

113 551 245 592 dinem
278 553 421 604 recepi,
453 554 495 592 et
525 552 590 592 vel
620 552 662 590 in
693 551 758 590 his
796 551 934 590 insunt
971 549 1182 602 quaedam,
1225 561 1327 599 quae
1365 547 1538 587 fortasse
1574 559 1655 586 non

115 619 223 658 recte
254 619 332 658 huc
369 619 556 660 revocata
593 619 698 657 sunt.
759 615 919 656 Heroici
956 629 1096 656 versus
1135 616 1352 666 supersunt
1389 613 1487 653 satis
1525 611 1656 660 multi,

115 684 185 736 qui
213 685 364 737 passim
397 684 483 724 sine
513 685 656 735 poetae
687 682 846 721 nomine
877 682 1087 734 leguntur,
1126 681 1196 721 sed
1233 678 1414 731 plerique
1452 690 1500 717 ex
1532 677 1656 727 epicis

117 748 251 800 potius
283 762 403 801 quam
433 762 483 789 ex
514 747 702 800 elegiacis
733 747 863 798 poetis
894 735 1082 788 videntur
1112 746 1231 798 petiti
1262 758 1361 796 esse,
1394 744 1464 784 alii
1497 756 1545 783 ex
1577 742 1656 793 epi-

115 815 352 866 grammatic*
390 815 635 866 deprompti,
673 814 786 854 velut
822 826 981 863 versus,
1021 826 1099 864 quo
1139 813 1256 852 Teles
1287 810 1418 850 utitur
1449 821 1514 860 ap.
1545 808 1654 848 Stob.

116 880 224 920 Flor.
259 882 326 932 98,
362 882 438 921 82:

322 972 519 1029 ’Ἁρμενον
550 973 594 1015 ἐν
624 978 795 1028 μικροῖσι
825 973 892 1015 καὶ
923 970 1092 1027 ὄρμενος
1123 970 1168 1012 ἕν
1197 967 1434 1025 μεγάλοισιν.

117 1071 306 1112 Fortasse
337 1072 473 1111 tamen
497 1071 677 1121 Eleyiaci
708 1070 877 1110 alicuius
909 1071 1064 1121 poetae,
1090 1069 1160 1108 sed
1186 1070 1293 1107 certe
1318 1080 1399 1107 non
1426 1065 1659 1114 Tlaeoyniclis

118 1148 258 1177 versus
295 1138 374 1186 est,
415 1148 534 1187 quem
573 1137 838 1176 servaverunt
873 1135 989 1174 Plato
1022 1134 1233 1184 Protagor.
1266 1134 1352 1172 344
1373 1132 1409 1171 D
1452 1133 1493 1170 et
1530 1130 1658 1169 Xeno-

77 1227 81 1230 ·
117 1202 225 1254 phon
259 1202 423 1242 Memor.
454 1202 475 1241 I
507 1204 546 1255 2,
578 1203 654 1242 20:
1241 1208 1251 1218 ·

256 1290 394 1349 Αὐτὰρ
425 1292 528 1349 ἀνὴρ
559 1291 714 1351 ἀγαθὸς
744 1293 828 1336 τοτὲ
860 1292 932 1348 μὲν
961 1291 1096 1345 κακός,
1128 1288 1262 1335 ἄλλοτέ
1294 1289 1331 1334 δ’
1366 1289 1519 1341 ἐσθλός.

120 1392 282 1433 Veteris
324 1392 603 1444 elegiographi
642 1404 782 1432 versus
818 1392 981 1432 videtur
1017 1403 1122 1443 esse,
1162 1390 1231 1442 qui
1272 1391 1383 1429 extat
1420 1388 1526 1440 apud
1565 1387 1660 1425 Plu-

123 1459 307 1498 tarchum
338 1458 410 1499 vit.
442 1458 699 1499 Themistocl.
730 1470 763 1498 o.
799 1459 871 1498 18:

253 1549 350 1606 Ὀψὲ
381 1551 467 1606 μέν,
498 1549 713 1607 ἀμφότεροι
746 1549 783 1593 δ’
818 1549 899 1605 ἅμα
930 1555 1031 1593 νοῦν
1062 1548 1279 1606 ἐσχήκαμεν
1311 1546 1445 1606 (ἤδη).

122 1650 226 1690 Item
251 1650 421 1701 elegiaci
445 1651 589 1700 poetae
613 1649 805 1700 reliquiae
832 1649 972 1699 opinor
997 1649 1238 1689 delitescunt
1269 1647 1376 1699 apud
1400 1645 1661 1686 Plutarchum

123 1715 172 1755 de
203 1710 240 1754 εἴ
268 1715 375 1765 apud
405 1715 583 1766 Delphos
615 1728 648 1756 c.
681 1717 754 1754 21:
792 1708 914 1763 αὐλὸς
945 1709 1023 1766 ὀψὲ
1053 1713 1119 1754 καὶ
1150 1710 1291 1767 πρώην
1323 1708 1532 1765 ἐτόλμησεν
1564 1725 1658 1762 φω-

121 1777 216 1834 νὴν
247 1777 320 1832 ἐφ’
369 1781 633 1834 ἱμερτοῖσιν
670 1776 879 1832 ἆφεῖναι.
927 1781 1189 1821 'Pentametri
1219 1780 1488 1831 fragmentum
1522 1777 1661 1828 depre-

128 1848 301 1887 hendere
332 1848 443 1887 visus
476 1860 565 1887 sum
596 1859 659 1898 ap.
691 1847 821 1887 Schol.
852 1846 1042 1898 AeschyL
1075 1845 1251 1897 Choeph.
1284 1846 1388 1885 344:

626 1939 639 1954 Ι
762 1938 773 1955 Ί

409 1975 419 1984 .
451 1974 461 1982 .
493 1957 709 1997 νεοκρητου
739 1958 760 1982 τ
808 1940 1173 1995 εἰσεπιλειβομένας.

125 2038 195 2079 ubi
225 2034 436 2091 νεόκρητός
465 2035 503 2078 τ’
539 2036 874 2092 ἐξεπιλειβομένης
905 2038 1162 2078 scribendum
1195 2036 1365 2086 videtur,
1397 2035 1474 2075 nisi
1505 2030 1665 2086 νεόκρη-

126 2119 195 2153 τας
225 2100 304 2152 δέξ’
346 2102 638 2157 ἕπιλειβομένας
676 2105 811 2155 malis;
852 2104 978 2143 verba
1015 2104 1187 2144 fortasse
1226 2116 1274 2142 ex
1311 2101 1493 2150 Aeschyli
1538 2101 1667 2149 eleyiis

129 2171 379 2221 deprompta,
410 2170 459 2209 of.
492 2171 556 2210 Et.
588 2171 640 2210 M.
674 2171 773 2221 537,
805 2171 881 2213 462
912 2167 979 2208 καὶ
1010 2165 1223 2220 νεοκρᾶτας
1260 2163 1438 2214 σπονδὰς
1470 2161 1668 2218 Αἰσχύλος

126 2229 196 2282 τὰς
235 2231 372 2274 νεωστὶ
413 2231 667 2285 ἐκχυθείσας,
711 2235 813 2274 adde
857 2234 910 2274 ib.
949 2235 1054 2283 541,
1095 2235 1170 2284 31,
1212 2234 1280 2273 ubi
1321 2233 1432 2272 codd.
1471 2232 1588 2271 Voss.
1627 2233 1669 2270 et

129 2298 259 2338 Havn.
306 2298 404 2336 haec
446 2298 614 2338 addunt:
659 2296 726 2338 καὶ
768 2294 876 2352 παρὰ
920 2296 1103 2354 Αἰσχύλῳ
1147 2294 1285 2353 (Voss.
1326 2297 1391 2338 καὶ
1435 2292 1667 2350 Σοφοκλῆς)

129 2360 290 2415 νεοκραὶ
321 2357 457 2416 (VOSS.
488 2358 674 2418 νεόκρας)
707 2363 753 2404 αἱ
779 2362 951 2404 σπονδαὶ
981 2362 1178 2418 λέγονται,
1214 2362 1409 2405 τουτέστιν
1449 2363 1494 2403 αἱ
1530 2360 1668 2402 νεωστὶ

224 2519 283 2556 Fr.
313 2522 391 2555 143.
442 2517 666 2556 Plutarchus
691 2519 877 2578 ap.Stob.
898 2519 976 2556 Ecl.
998 2519 1111 2566 Phys.
1131 2519 1148 2554 1
1167 2517 1364 2578 5,19;τὸ
1389 2515 1462 2565 γὰρ
1488 2515 1663 2577 εΐμαςμέ-

128 2580 196 2604 νον
222 2564 410 2623 ἄτρεπτον
430 2566 494 2602 nul
514 2532 776 2616 ἀπαράβατον,
803 2563 922 2624 χὸπε
937 2580 958 2612 ρ
973 2532 1183 2626 (Meineke,
1209 2562 1334 2626 χῶπερ
1354 2565 1540 2611 Gaisford‚
1566 2577 1667 2610 ωπερ

128 2615 216 2660 VA,
241 2626 366 2671 ωσπερ
391 2613 439 2658 Ε,
465 2610 582 2671 ὅσπερ
613 2614 762 2660 Cancer)
789 2612 932 2661 μόνον
965 2611 1135 2661 ὀφρύσι
1165 2604 1310 2662 νευσῃ
1343 2613 1541 2659 (Mainake,
1568 2613 1667 2659 lege-

130 2662 242 2699 batur
266 2659 410 2707 νεύσει)
435 2675 469 2697 κ.
495 2659 640 2709 τούτῳ
667 2661 715 2708 (V
739 2662 863 2707 τοῦτο,
889 2661 921 2697 Α
945 2662 1088 2707 τοῦτοι,
1116 2662 1254 2719 Caqter
1277 2660 1410 2707 τούτω,
1424 2660 1536 2719 quod
1552 2671 1667 2717 prae-

131 2709 205 2745 fert
229 2709 415 2767 Meineke)
436 2698 654 2745 us'uzmcv'
677 2709 875 2767 (Meineke,
901 2710 1015 2768 vulgo
1041 2690 1209 2754 κέκλωτζ
1231 2711 1263 2744 A
1282 2689 1434 2745 κέκλϋτ’
1439 2711 1451 2753 >
1477 2704 1668 2753 ἀνάγκα.

136 2760 202 2792 καὶ
226 2769 304 2793 asu
307 2768 474 2803 ρωμενη’
500 2753 565 2791 διὰ
592 2757 703 2792 τοῦτο
727 2755 796 2802 τὴν
823 2738 1055 2804 εἷμαρμενην
1080 2756 1146 2792 καὶ
1165 2739 1395 2813 ἀδράστειαν
1414 2755 1574 2791 καλοῦσι
1593 2758 1667 2792 κτλ.

138 2803 419 2887 Posstssetverba
443 2803 602 2850 agnovit
626 2804 808 2849 Meineke,
835 2805 900 2850 qui
924 2816 957 2840 v.
989 2809 1006 2839 1
1034 2806 1147 2840 autea
1170 2809 1322 2850 poetam
1348 2798 1451 2852 ᾧπερ
1477 2802 1669 2848 scripsisse

133 2863 183 2896 pu
254 2863 276 2886 a.

1689 1300 1779 1332 1355
