1864 3126
179 146 182 147 ⁷
227 137 316 180 484
547 128 549 133 “
790 136 983 173 ΡΟΕΤΑΕ
1010 136 1185 174 MELICI.

858 246 954 288 140.
988 246 1122 299 [199.]
1253 218 1261 226 ⁸
1658 257 1750 291 1166

329 313 469 358 Τόνδε
501 312 608 357 ποθ’
648 319 845 370 Ελληνες
875 318 1002 371 νίκης
1031 315 1181 372 κράτει
1213 318 1326 374 ἔργῳ
1348 314 1526 372 ’Ἀρηοςὴ

228 441 392 488 δεκάτην
426 441 640 503 ἐξελόμενοι
674 442 957 480 κατεσκεύασαν
991 445 1153 502 χρυσοῦν
1184 446 1343 490 τρίποδα
1373 445 1437 480 καὶ
1472 441 1671 491 ἀνέθηκαν
1697 445 1752 487 εἰς

232 489 405 536 Δελφοὺς
431 489 709 536 ἐπιγράψαντες
729 488 894 537 ἐλεγεῖον
919 490 1026 527 τόδε·
1048 489 1259 533 Ελλάδος
1284 495 1358 528 κτλ.
1401 493 1506 528 Adde
1525 494 1655 528 Arsen.
1671 497 1750 529 118.

228 539 412 574 Simonidi
448 538 581 574 tribuit
619 539 892 583 Schneidewin,
938 539 1027 574 satis
1064 539 1209 575 infirmo
1245 552 1332 575 usus
1370 541 1607 586 argumento,
1650 540 1750 585 quod

227 586 314 620 huic
352 586 613 631 epigrammati
648 597 743 630 quae
778 586 938 622 subiecit
969 585 1155 622 Diodorus
1192 586 1384 632 epitaphia
1419 587 1751 633 Thermopylensia

229 633 428 668 Simonidis
467 633 542 668 sint
584 636 655 687 (ep.
689 637 743 669 91.
782 636 860 679 92),
904 632 1096 669 abiudicat
1139 634 1351 692 Goettling
1375 633 1445 690 (111
1471 645 1604 670 comm.
1646 635 1749 670 acad.

229 684 317 716 1861
363 680 504 725 Ienae)‚
554 680 612 715 cui
659 680 828 725 inprimis
878 680 1055 739 displicet
1091 678 1268 721 Ελλάδος
1310 679 1535 739 ευρυχόρου,
1584 681 1751 735 quando-

227 728 379 772 quidem
403 727 640 763 Homericum
677 727 718 762 Il.
751 728 802 763 IX
834 732 902 763 478
940 725 994 763 δι’
1022 725 1199 769 Ελλάδος
1236 725 1454 774 εὐρυχόροιο
1493 729 1539 763 de
1575 728 1668 765 urbe
1701 727 1752 764 sit

226 775 386 819 dictum;
423 776 463 810 at
497 775 546 810 ad
577 775 735 810 eundem
765 775 918 810 modum
949 775 989 810 in
1020 776 1136 821 epigr.
1169 787 1227 830 ap.
1258 774 1391 812 Athen
1418 775 1487 810 XII
1513 775 1626 830 53⁹,ssss
1659 775 1751 830 legi-

229 825 305 858 tur:
333 820 459 868 ἅρχων
480 819 657 876 Ελλάδος
682 818 902 867 εὐρυχόρου,
929 823 974 858 (10
995 834 1068 867 quo
1094 823 1172 858 dixi
1197 823 1235 858 in
1261 823 1466 869 appendice
1487 822 1604 881 epigr.
1631 822 1750 866 Simo-

226 869 341 904 nidis:
375 870 495 904 multo
533 869 653 915 magis
692 868 862 914 offendit,
901 869 1001 914 quod
1040 869 1172 905 Graeci
1203 870 1341 906 milites
1379 871 1540 915 σωτῆρες
1571 867 1752 911 Ἑλλάδος

226 916 412 960 dicuntur,
437 929 524 952 nam
550 917 677 962 dispar
700 916 798 952 ratio
830 921 981 962 ep.129
1009 911 1117 958 οὗτος
1143 915 1162 952 ὁ
1184 918 1250 952 τοῦ
1275 919 1405 953 Κείοιο
1431 919 1646 962 Σιμωνίδου
1673 914 1750 953 ἐστὶ

226 962 391 1018 σαῴτηρ,
430 965 542 1008 atque
574 964 669 999 illud.
699 964 821 1010 ipsum
852 975 875 1000 a
907 964 1097 1000 Simonide
1127 964 1290 1000 alienum
1321 976 1469 1000 carmen
1478 964 1523 1010 *).
1572 965 1748 1011 Diodoro,

227 1011 291 1055 qui
317 1012 415 1047 solus
439 1012 511 1047 hoc
537 1011 768 1056 epigramma
795 1011 966 1055 servavit,
992 1011 1096 1046 nihil·
1111 1023 1259 1057 prorsus
1286 1012 1332 1047 de
1357 1012 1563 1048 Pausaniae
1588 1012 1748 1048 disticho

225 1059 427 1094 memoriae
453 1058 619 1103 prodidit
644 1058 732 1102 (vid.
760 1057 848 1104 epig
850 1071 877 1093 r.
907 1061 1001 1105 138),
1027 1059 1142 1094 etiam
1174 1060 1389 1105 Nipperdey
1416 1061 1454 1095 et
1478 1058 1588 1095 Frick
1613 1058 1750 1114 (Iahnii

228 1105 321 1140 Ann.
351 1106 478 1151 Suppl.
506 1104 556 1140 III
577 1106 659 1151 503)
686 1106 798 1141 fidem
824 1106 1018 1151 abrogant,
1043 1117 1112 1142 nec
1137 1106 1340 1150 immerit03
1366 1117 1451 1141 nam
1471 1106 1677 1142 Diodorum
1695 1106 1750 1142 ita

227 1153 376 1188 demum
401 1152 520 1206 possis
546 1152 742 1188 conciliare
769 1164 853 1188 cum
879 1153 1035 1188 aliorum
1061 1153 1300 1198 testimoniis,
1334 1154 1365 1189 si
1397 1154 1537 1189 statuas
1562 1153 1601 1189 in
1625 1154 1748 1207 locum

153 1197 158 1199 ’
228 1199 361 1244 prioris
388 1199 561 1235 carminis
587 1201 686 1246 (138)
672 1203 703 1246 ),
736 1201 835 1244 quod
861 1201 1095 1246 exsculptum
1121 1202 1193 1245 est,
1225 1201 1326 1236 aliud
1352 1200 1564 1236 offensionis
1590 1202 1628 1236 et
1645 1200 1750 1236 invi·

226 1247 310 1282 diae
336 1247 500 1282 immune
527 1247 770 1282 substitutum
796 1259 886 1283 esse.
936 1247 989 1283 At
1013 1247 1249 1293 Thucydides
1282 1250 1320 1283 et
1345 1248 1471 1292 ceteri,
1504 1248 1568 1292 qui
1593 1248 1749 1284 eandem

223 1306 302 1330 rem
328 1295 513 1338 enarrant,
539 1294 682 1330 nullam
707 1294 861 1330 alterius
887 1295 1180 1340 epigrammatis,
1193 1295 1420 1330 mentionem
1444 1295 1597 1338 faciunt,
1622 1297 1749 1341 aperte

226 1341 445 1377 adversatur
470 1341 556 1376 huic
582 1341 815 1377 coniecturae
835 1342 961 1387 Nepos
981 1342 1089 1377 Paus.
1110 1353 1142 1379 c.
1164 1346 1201 1377 1:
1228 1342 1320 1386 „hos
1347 1353 1473 1377 versus
1498 1341 1746 1378 Lacedaemo-

224 1389 279 1424 nii
312 1389 609 1434 exsculpserunt,
641 1401 753 1434 ‘neque
787 1390 892 1425 aliud
922 1390 1145 1434 scripserunt
1176 1401 1288 1434 quam
1319 1389 1472 1425 nomina
1503 1400 1629 1424 earum
1662 1389 1749 1425 civi-

222 1438 357 1482 tatum,
390 1447 547 1481 quarum
581 1436 721 1472 auxilio
753 1437 887 1472 Persae
918 1439 1026 1472 erant
1056 1436 1183 1472 victi.“
1233 1436 1361 1472 Nihilo
1388 1437 1506 1472 secius
1537 1436 1628 1472 olim
1652 1437 1748 1472 hanc

224 1484 475 1519 coniecturam
500 1483 616 1519 tuitus
642 1495 741 1528 sum,
767 1485 867 1519 ratus
892 1483 1125 1530 epigramma
1150 1484 1355 1519 Pausaniae
1385 1484 1426 1519 in
1449 1483 1597 1529 tripode
1622 1495 1748 1528 aureo,

225 1542 299 1567 non
324 1531 363 1566 in
389 1531 562 1566 columna
581 1531 714 1567 striata
732 1531 910 1577 scriptum
928 1532 1052 1567 fuisse.
1090 1530 1142 1566 At
1161 1532 1358 1576 postquam
1378 1531 1534 1566 Dethier
1551 1533 1589 1566 et
1607 1531 1746 1566 Mordt—

222 1590 336 1614 mann
356 1578 475 1614 denuo
495 1580 776 1614 monumentum
796 1578 1104 1614 examinaverunt
1128 1580 1167 1614 et
1189 1579 1228 1614 in
1253 1579 1336 1624 ipsa
1354 1579 1425 1613 hac
1445 1578 1617 1614 columna
1634 1578 1747 1614 vesti-

223 1626 288 1671 gia
313 1626 411 1661 erasi
436 1626 715 1672 epigrammatis
741 1626 1064 1671 deprehenderunt
1096 1625 1184 1671 (vid.
1211 1626 1309 1661 Acta
1334 1626 1447 1661 Acad.
1473 1625 1633 1662 Vindob.
1659 1625 1747 1660 XIII

225 1686 260 1719 p.
288 1677 308 1708 3
330 1672 488 1719 seq.),**)
513 1673 626 1718 plane
653 1673 774 1709 abieci
798 1684 889 1709 eam·
907 1673 1130 1719 opinionem,
1164 1684 1283 1718 neque
1309 1673 1479 1709 dubitavi
1505 1673 1747 1719 epigramma,

227 1721 326 1765 quod
353 1721 553 1756 Simonidis
578 1731 652 1755 non
678 1732 758 1756 esse
785 1724 925 1756 certum
946 1722 1012 1765 est,
1039 1721 1263 1766 adpungere.
1301 1720 1476 1766 Diodoro,
1503 1721 1535 1755 si
1559 1731 1632 1765 qua
1655 1719 1748 1755 fides

223 1770 278 1803 est
309 1768 483 1813 Delphici
514 1769 744 1803 monumenti
774 1768 927 1803 titulum
965 1779 1043 1804 esse
1080 1768 1261 1812 tradenti,
1299 1767 1474 1803 coniicias
1511 1768 1629 1803 multo
1659 1769 1748 1813 post

225 1826 338 1850 aureo
363 1815 511 1860 tripode
538 1815 684 1851 sublato
710 1816 782 1850 hoc
807 1815 1038 1860 epigramma
1062 1815 1221 1850 incisum
1253 1826 1333 1851 esse
1358 1815 1397 1850 in
1421 1815 1615 1859 columnae
1640 1814 1747 1850 stria-

222 1863 283 1897 tae
310 1861 509 1915 crepidine,
536 1873 619 1897 cum
643 1861 745 1897 bello
769 1862 953 1898 Phocensi
982 1863 1135 1898 tandem
1168 1862 1373 1908 composito
1405 1861 1628 1907 Delphicum
1651 1863 1744 1898 tem·

221 1909 326 1954 plum
351 1908 631 1944 instauraretur.
671 1909 778 1952 Quod
802 1909 1008 1945 Pausanias
1028 1909 1062 1943 X
1083 1913 1138 1954 13,
1158 1913 1179 1944 9
1204 1909 1276 1945 hoc
1302 1910 1534 1955 epigramma
1550 1921 1626 1945 non
1645 1920 1744 1945 com·

221 1958 414 2001 memorat,
439 1956 577 1991 nullius
602 1957 659 1992 est
682 1957 874 2001 momenti,
906 1968 993 1992 nam
1024 1957 1088 1991 ille
1114 1955 1229 1991 etiam
1254 1956 1449 1992 columnae
1475 1956 1630 1992 striatae
1655 1957 1744 1992 titu-

221 2003 300 2038 lum
326 2004 431 2038 nulla
455 2003 643 2038 mentione
671 2003 846 2048 dignatus
880 2006 946 2039 est.
980 2024 1022 2030 —-
1055 2003 1099 2039 V.
1128 2008 1159 2039 1.
1186 2000 1408 2049 εὐρυχόρου,
1433 2002 1491 2037 FL
1518 2000 1743 2049 ευρυχώρου.

222 2070 266 2077 —-
293 2051 336 2087 V.
364 2055 396 2086 2.
423 2048 661 2096 δουλοσύνης,
686 2050 767 2086 Ars.
794 2047 1034 2092 δουλοσύνας.

317 2097 444 2144 Epigr.
475 2101 553 2133 140.
580 2098 677 2133 Plut.
704 2098 750 2134 de
768 2097 904 2135 Herod.
930 2099 1082 2144 malign.
1110 2110 1140 2135 0.
1166 2103 1228 2134 42:
1255 2096 1359 2139 τέλος
1384 2096 1426 2134 δε
1453 2094 1659 2143 (Ἀθηναῖοι
1678 2097 1742 2133 καὶ

316 2218 350 2263 *)
376 2218 428 2253 Ut
445 2218 646 2253 molestum
665 2217 758 2253 illud
783 2217 946 2263 σωτῆρες
965 2228 1205 2262 removerem,
1231 2215 1322 2253 olim
1341 2215 1484 2253 conieci
1503 2214 1665 2263 σωτήρια
1683 2215 1745 2252 vel

222 2264 357 2311 σῶτερ,
391 2265 449 2300 σοὶ
474 2262 579 2300 τόνδ’
607 2262 818 2311 ἀνέθηκαν,
844 2268 887 2301 ut
911 2263 1115 2312 ῥυσάμενοι
1139 2245 1323 2301 ref’eratur
1347 2265 1394 2300 ad
1425 2265 1555 2310 socios,
1588 2275 1745 2309 quorum

220 2313 372 2349 nomina
397 2312 548 2348 exhibet
573 2313 747 2348 columna
771 2313 913 2348 striata.

295 2361 350 2405 **)
377 2360 430 2395 Eo
456 2359 539 2405 ipso
565 2359 660 2405 1000,
685 2360 750 2395 ubi
774 2360 935 2406 vestigia
959 2360 1057 2397 erasi
1082 2360 1256 2397 carminis
1283 2359 1620 2432 deprehenduntur,
1650 2359 1743 2394 haec

222 2410 365 2444 extant·

824 2454 1140 2491 ΑΠΟΛΟΝΙΘΕΟ

825 2504 1140 2538 ΑΝΑΘΕΜΑΠΟΓ

221 2553 302 2586 tum
328 2552 531 2596 sequuntur
554 2550 706 2586 nomina
731 2549 956 2586 Graecarum
981 2551 1160 2596 gentium,
1186 2550 1282 2586 unde
1303 2549 1496 2595 Goettling
1520 2547 1607 2584 huic
1625 2545 1741 2584 indici

223 2610 370 2634 versum
396 2599 652 2634 hexametrum
677 2597 780 2633 tituli
805 2598 887 2634 loco
912 2598 1156 2654 praemissum
1185 2597 1300 2633 fuisse
1325 2597 1530 2655 intellexit,
1555 2606 1671 2652 quem
1701 2597 1740 2631 in

221 2646 320 2681 hunc
340 2646 491 2680 modum
503 2645 741 2680 instauravit·
757 2641 953 2680 Ἀπόλλωνι
970 2646 1051 2692 θεῷ
1072 2641 1262 2691 (πείσαντ’
1266 2647 1279 2690 )
1298 2640 1473 2698 ἀνάθημ’
1492 2639 1568 2678 ἀπὸ
1583 2640 1739 2687 Μήδων.

223 2693 324 2728 Haec
350 2692 534 2728 sociorum
559 2693 711 2728 nomina
745 2692 858 2728 etiam
885 2682 1082 2738 Olympiae
1106 2692 1143 2727 in
1169 2692 1275 2745 signo
1300 2691 1397 2727 Iovis
1422 2691 1461 2726 in
1485 2691 1615 2726 dextra
1639 2690 1740 2725 basis

222 2741 326 2783 parte
358 2740 479 2775 incisa
509 2741 625 2784 erant,
657 2739 730 2775 vid.
761 2739 917 2776 Pausan.
950 2740 984 2775 V
1009 2744 1064 2775 23.
1121 2739 1287 2774 Tertlum
1320 2738 1530 2783 catalogum
1558 2738 1742 2773 memorat

222 2786 478 2822 Aristodemus
505 2798 535 2822 0.
563 2791 600 2831 9,
633 2786 785 2822 nomina
819 2788 858 2823 in
891 2787 993 2823 disco
1025 2786 1261 2823 orbiculatim
1294 2785 1432 2831 scripta
1465 2795 1546 2820 esse
1570 2786 1740 2830 testatus,

221 2844 267 2867 ne
300 2845 394 2877 quae
428 2845 518 2879 gens
549 2834 755 2880 principem
787 2835 907 2885 locum
941 2834 1144 2880 obtineret;
1182 2834 1247 2870 sed
1276 2832 1386 2869 huius
1416 2832 1618 2868 memoriae
1648 2831 1740 2869 fides

222 2879 271 2917 sit
296 2881 395 2927 apud
420 2883 619 2918 auctorem.
