1864 3126
228 133 314 175 696
543 131 545 135 ¹
688 134 991 172 FRAGMENTA
1015 135 1283 174 ADESPOTA.

953 244 1021 286 28.

322 321 540 377 Κέρδαιν’
575 323 719 381 ἑταῖρε
749 323 823 368 καὶ
855 325 1020 381 θέρους
1050 326 1124 395 καὶ
1155 329 1381 384 χειμῶνος.

959 445 1028 488 29.
1596 464 1600 469 ’
1655 461 1746 494 1328

324 523 583 576 Μέλλοντας
614 522 700 581 ἤδη
732 525 975 582 παρθένοις
1007 523 1300 572 ἀλινδεῖσθαι.

842 685 915 731 ΙΠ.
951 686 1135 731 ΜΕΛΗ.

925 787 983 829 30
1002 787 1053 829 A.
1086 819 1088 821 ·

323 862 476 906 Μοῖσά
510 879 600 919 μοι,
632 862 747 921 ἀμφὶ
779 866 1095 925 Σκάμανδρον
1114 867 1289 925 ἐΰρροον
1320 866 1479 926 ἄρχομ’
1514 867 1673 916 ἀείδεν.

925 987 982 1029 30
1000 986 1050 1029 B.

321 1066 494 1120 Χειρῶν
527 1062 608 1121 ἠδὲ
638 1069 792 1111 ποδῶν
824 1066 1111 1125 ἀκινάγματα.

955 1187 1023 1230 31.

319 1262 555 1321 Ὀψόμενος
583 1266 770 1312 ,Ρελέναν
802 1267 1053 1314 ἑλικώπιδα.

323 1418 379 1475 Fr.
406 1422 461 1456 28.
514 1419 612 1455 Sext.
646 1417 786 1478 Empir.
820 1423 901 1458 adv.
935 1422 1051 1459 Math.
1084 1424 1135 1460 XI
1160 1437 1194 1470 p.
1220 1428 1308 1460 270:
1341 1423 1416 1459 Καὶ
1447 1420 1624 1460 §aaaron
1659 1422 1753 1470 πρὸς

228 1463 365 1503 ἑαυτὸν
380 1464 421 1501 τὸ
443 1464 646 1512 κωμικὸν
667 1465 902 1525 αναμελετᾶν
918 1469 1178 1518 παράγγελμα·
1199 1467 1416 1516 Κέρδαιν’
1438 1474 1512 1507 κτλ.
1535 1492 1578 1497 -
1600 1469 1752 1518 θέρους,

229 1514 362 1549 Brinck
387 1514 536 1558 θέρευς.
577 1513 752 1560 Κωμικόν
778 1517 926 1552 videtur
951 1517 1082 1554 Sextus
1104 1520 1215 1564 paulo
1234 1518 1388 1554 liberius
1408 1519 1637 1563 adhibuisse,
1662 1519 1754 1555 Mei-

225 1562 321 1596 neke
346 1573 493 1596 versum
519 1562 565 1596 ad
591 1562 785 1608 Eupolidis
811 1565 948 1610 Baptae
974 1567 1112 1612 1etulit,
1139 1578 1222 1602 cum
1249 1566 1338 1601 olim
1372 1568 1548 1612 χείματος
1576 1565 1752 1603 coniecis-

189 1630 196 1634 -
231 1610 298 1654 set,
324 1609 424 1653 quod
445 1608 608 1645 fortasse
635 1622 708 1645 non
732 1611 1030 1656 improbandum.

323 1656 380 1691 Fr.
407 1660 463 1691 29.
516 1656 572 1692 Et.
599 1656 647 1692 M.
675 1661 814 1702 64,13:
840 1657 996 1695 αλινδῶ·
1024 1659 1065 1696 τὸ
1094 1663 1224 1696 κυλίω·
1252 1660 1349 1697 οἷον·
1377 1659 1579 1706 μέλλοντας
1605 1664 1678 1696 κτλ.
1706 1681 1750 1687 —-

227 1702 437 1749 παρθένοις
462 1703 684 1748 Hemsterh„
713 1718 745 1740 v.
771 1707 1000 1752 παρθένους.

321 1751 379 1785 Fr.
406 1752 507 1787 30A.
558 1751 600 1786 In
631 1752 800 1798 vasculo,
832 1755 931 1799 quod
963 1754 1074 1790 Duris
1106 1755 1262 1801 picturis
1295 1755 1495 1799 decoravit,
1529 1767 1622 1801 puer
1654 1767 1752 1791 com-

226 1800 333 1844 paret
357 1799 530 1834 volumen
555 1810 668 1834 manu
693 1801 834 1844 tenens,
860 1802 898 1837 in
925 1814 998 1847 quo
1024 1815 1150 1839 versus
1170 1803 1340 1838 heroicus
1361 1802 1519 1848 scriptus
1539 1801 1668 1838 Μοῖσά
1689 1816 1753 1848 μοι

226 1847 315 1882 ΑΘΙ
344 1844 465 1891 Σκάμ.
500 1847 675 1881 ΕΤΡΩΝ
707 1845 869 1893 ἄρχομαι
906 1852 1162 1893 ΑΕῙΝΔΕΝ,
1198 1850 1269 1886 vid.
1307 1850 1501 1885 Archaeol.
1537 1850 1626 1886 Zeit
1662 1853 1754 1886 1874

226 1906 261 1947 p.
292 1897 399 1937 lseq.
425 1894 514 1928 ΑΘΙ
538 1904 615 1928 esse
642 1890 739 1950 ἀμφὶ
766 1895 901 1930 omissa
925 1897 1054 1933 littera
1081 1899 1121 1932 N
1126 1900 1218 1941 (M)
1249 1908 1344 1955 quae
1376 1899 1515 1932 temere
1541 1897 1670 1933 addita.
1695 1899 1753 1934 est

230 1941 265 1975 in
297 1942 461 1975 extremo
492 1941 676 1976 vocabulo
708 1938 896 1987 αείΝδεν,
923 1945 1018 1980 vidit
1042 1944 1185 1980 Micha
1192 1945 1249 1980 lis.
1306 1941 1471 2001 Ἐΰρρων
1503 1944 1646 2001 scripsi,
1677 1956 1752 1980 non

229 1985 403 2043 ἐΰρροον,
436 1988 473 2022 in
506 1988 657 2023 vasculo
696 2001 796 2024 more
833 1991 979 2027 vetusto
1011 1992 1214 2037 geminatio
1255 1992 1406 2032 omiss,a
1439 1988 1574 2037 ἄρχομ’
1609 1989 1752 2037 αείδεν,

227 2046 298 2070 non
327 2032 489 2080 ἄρχομαι
516 2031 624 2083 ᾄδειν
651 2036 918 2073 enuntiandum
946 2050 1027 2074 esse
1052 2039 1272 2074 testificatur
1290 2037 1573 2073 Homericorum
1598 2039 1734 2084 hymno

228 2095 307 2117 ium
344 2071 582 2118 consuetudo.
632 2082 868 2119 Prooemium
904 2086 1005 2121 haud
1042 2086 1153 2122 dubie
1185 2085 1310 2120 melici
1343 2085 1515 2121 carminis
1554 2086 1754 2140 adscripsit

227 2130 365 2176 pictor:
398 2132 677 2184 argumentum,
709 2134 752 2166 ut
776 2133 934 2176 videtur,
960 2145 1003 2169 ex
1030 2133 1245 2178 Troicarum
1271 2144 1394 2168 rerum
1421 2133 1507 2168 orbe
1533 2132 1750 2178 repetitum,

227 2178 332 2212 velut
356 2180 472 2222 possis
497 2178 535 2212 in
561 2178 656 2212 hunc
681 2179 831 2220 modum
858 2161 1110 2227 redintegrare
1142 2180 1207 2216 καὶ
1241 2179 1372 2221 Θέτιος
1398 2181 1508 2225 φίλον
1533 2179 1617 2226 υἷα,
1658 2193 1752 2226 παρ-

229 2225 368 2261 ίστασο.
419 2224 559 2260 Nomus
586 2227 684 2261 certe
710 2238 783 2262 non
808 2227 890 2262 fuit.

322 2272 380 2307 Fr.
408 2271 506 2307 3013.
557 2272 680 2317 Etym.
705 2273 754 2309 M.
781 2277 844 2316 48,
871 2279 934 2311 39:
965 2272 1220 2321 ἄκιναγματα·
1254 2274 1351 2311 οἷον·
1385 2275 1552 2331 χειρῶν
1580 2278 1654 2310 κτλ.
1704 2272 1751 2312 τὰ

227 2332 446 2374 τιναγματα
461 2320 545 2354 τῶν·
560 2320 688 2355 ποδῶν
715 2319 808 2365 μετὰ
829 2320 979 2368 ῥυθμοῦ
999 2322 1064 2358 καὶ
1083 2324 1156 2358 τῶν
1177 2323 1310 2379 χειρῶν
1331 2319 1536 2379 κινήματα·
1557 2322 1621 2358 καὶ
1640 2325 1751 2359 πλεο-

227 2367 355 2421 νασμῷ
381 2367 448 2401 τοῦ
474 2372 498 2401 ἅ
526 2367 590 2402 καὶ
615 2368 682 2403 τοῦ
707 2381 746 2413 γ,
772 2370 836 2404 καὶ
861 2372 977 2417 τροπῇ
1005 2371 1072 2406 τοῦ
1097 2375 1120 2415 ῆ
1149 2369 1202 2410 εἰς
1232 2372 1256 2405 ᾶ
1281 2366 1538 2414 ἆκιναγματα·
1568 2366 1752 2414 Ηρωδια-

226 2410 299 2454 νός.
351 2413 452 2449 Haec
477 2426 521 2449 ex
547 2396 746 2451 Herodiani
773 2427 883 2471 cpere
908 2407 994 2461 περὶ
1019 2418 1157 2452 παθῶν
1184 2416 1382 2462 descripta,
1407 2416 1446 2451 in
1471 2428 1545 2462 quo
1571 2417 1636 2453 ille
1657 2417 1695 2462 ly
1697 2415 1751 2452 ri-

226 2472 361 2544 cozumh
378 2462 572 2544 ffietarssm
598 2464 762 2499 carmina
781 2464 951 2510 inprimis
971 2465 1143 2510 respexit.
1181 2463 1413 2510 Euphorioni
1434 2463 1492 2498 vel
1519 2463 1751 2500 Callimacho

228 2511 277 2545 tri
304 2521 342 2544 u1
425 2520 507 2545 eme
537 2521 556 2545 e

323 2558 379 2592 Fr.
407 2560 462 2591 31.
515 2556 692 2593 Priscian.
725 2559 742 2593 I
774 2562 837 2594 20:
869 2559 997 2603 „Adeo
1031 2560 1154 2594 autem
1187 2560 1259 2595 hoc
1292 2570 1418 2595 verum
1453 2560 1528 2604 est,
1560 2559 1659 2604 quod
1682 2570 1751 2604 pro
1823 2565 1826 2569 ’

229 2604 381 2640 Aeolico
401 2604 633 2649 digammaf
651 2605 800 2650 ponitur
819 2618 860 2641 u:
885 2606 982 2651 quod
1004 2605 1100 2642 sicut
1118 2606 1175 2642 illi
1195 2606 1364 2642 solebant
1383 2605 1550 2651 accipere
1563 2606 1752 2652 digamma

229 2652 338 2687 modo
363 2663 429 2697 pro
456 2653 682 2687 consona-nte
708 2652 888 2710 simplici,
914 2655 1009 2689 teste
1031 2655 1206 2699 Astyage,
1233 2652 1297 2712 qui
1317 2653 1472 2689 diversis
1496 2653 1568 2689 hoc
1586 2653 1750 2689 ostendit

228 2698 374 2742 usibus,
406 2700 448 2734 ut
478 2699 515 2733 in
548 2699 619 2735 hoc
651 2711 775 2735 versu·
815 2696 1003 2758 ὀψόμενος
1034 2700 1199 2737 ,Ρελὲναν
1226 2697 1468 2737 §inanimem-fl
1509 2699 1543 2735 H
1573 2697 1752 2746 οτόμενος

233 2747 359 2790 (supra
385 2747 590 2803 aspiciens),
616 2747 682 2781 RA
709 2746 900 2805 ουομένος,
926 2760 944 2782 r
964 2761 1163 2793 οφομενος,
1191 2748 1220 2783 G
1241 2760 1463 2793 οφομεννος,
1491 2747 1521 2782 D
1542 2760 1747 2793 οφομηνως

233 2792 391 2828 Putsehe
418 2791 474 2828 οἰό
479 2806 600 2839 μ.ενος
635 2814 675 2818 —
708 2795 779 2830 Pro
807 2792 1011 2830 ἑλικώπιδα
1043 2795 1130 2830 libri
1161 2795 1282 2831 varias
1308 2795 1535 2840 corruptelas
1563 2794 1751 2839 exhibent,

229 2850 346 2883 neque
372 2841 494 2876 tamen
523 2841 633 2876 lectio
658 2841 809 2877 inec-,rta
832 2863 874 2868 -
900 2842 1055 2878 Veteres
1076 2842 1199 2878 Latini
1219 2842 1401 2885 similiter,
1427 2841 1499 2877 vid.
1521 2841 1751 2886 Quintilian„

229 2885 244 2918 I
273 2890 394 2928 4,15;
435 2888 522 2932 „sed
549 2886 579 2922 B
615 2899 760 2933 quoque
793 2890 832 2924 in
863 2890 984 2926 locum
1015 2889 1173 2925 aliarum
1207 2880 1375 2925 dediinus
1407 2888 1624 2934 aliquando,
1654 2889 1752 2925 unde
