1864 3126
203 150 259 190 20
729 136 731 139 ’
765 151 965 190 ΡΟΕΤΑΕ,
982 151 1161 189 MELICI.

200 262 302 300 hanc
331 262 478 300 famam
505 262 626 300 etiam
651 263 852 310 Plutarch.
877 262 949 308 Qu.
969 263 1079 301 Rom.
1102 265 1168 314 90,
1200 264 1268 303 ubi
1294 264 1388 303 dicit
1413 266 1577 314 propter
1596 260 1724 304 Oeoni

201 328 361 365 caedem
398 340 514 366 canes
532 373 534 375 Ι
552 328 715 366 Herculi
751 328 899 367 invisos
938 341 1042 379 esse,
1081 329 1221 367 deinde
1259 330 1369 368 addit
1407 330 1449 367 in
1484 342 1621 380 pugna
1653 331 1724 369 ad—

200 406 337 431 versus
370 393 707 442 Hippocoontidas
746 394 866 432 etiam
898 393 1090 443 Iphiclem
1122 394 1305 432 Herculis
1342 395 1515 433 fratrum
1551 395 1724 434 occisum

200 470 298 497 esse.
335 479 384 484 —
420 457 660 496 Dubitanter
692 459 811 498 schol.
842 458 964 498 Clam.
997 460 1074 498 huc
1104 460 1258 498 rettuli:
1291 472 1383 498 nam
1416 461 1629 499 scholiasta
1657 460 1724 499 hic

202 523 415 561 Herculem
448 524 576 562 solum
609 523 947 574 Hippocoontidas
985 524 1176 563 devicisse
1215 525 1343 563 dicere
1381 525 1555 574 videtur,
1582 537 1723 579 ‘neque

200 589 317 626 aliter
349 589 531 638 Apollod.
565 589 666 628 Bibl.
698 590 761 627 ΙΙΙ
795 592 866 638 10,
899 591 943 628 5:
987 584 1273 637 Ἱπποκόωντος
1315 587 1386 641 μὲν
1429 583 1503 630 οὖν
1545 587 1724 642 ἐγένοντο

199 652 336 700 παῖδες
366 650 622 705 -Δορυκλεύς,
666 656 832 705 Σκαῖος,
871 650 1142 706 Ἐναρσφόρος
1185 652 1266 704 (ita
1307 655 1464 706 Heyne,
1513 656 1723 706 legebatur

194 714 503 771 Ἐμάρσφορος),
524 715 713 771 Εὐτείχης
735 715 811 772 (ita
829 720 935 768 libri,
959 720 1082 769 vulgo
1105 715 1321 773 Εὖτύχης),
1347 717 1559 770 Βουκόλος,
1579 716 1724 759 Λυκοὶν

199 778 275 835 (ita
305 785 399 822 libri
429 787 589 834 praeter
614 785 657 834 P,
689 786 757 835 qui
782 781 993 835 Λύκανον,
1024 785 1147 834 vulgo
1175 780 1365 839 Λύκων),
1400 784 1564 838 Τέβρος,
1589 781 1724 825 Ἱππό-

197 852 316 899 θοος,
350 846 548 900 Εὔρυτος,
581 845 907 902 Ἵπποκορυστής,
935 846 1156 900 Ἀλκίνους,
1183 847 1350 890 ’Ἄλκων
1405 847 1566 899 τούτους
1593 846 1723 890 Ἱππο-

197 911 303 954 κόων
335 913 434 966 ἔχων
464 915 609 962 παῖδας
630 911 835 966 Ἰκαρίωνα
866 914 931 953 καὶ
961 911 1196 966 Τυνδάρεων
1227 914 1380 968 ἐξέβαλε
1405 916 1722 966 Λακεδαίμονος·
1789 964 1792 966 ,

198 980 239 1018 οἵ
261 977 303 1018 δὲ
330 976 522 1032 φεύγουσι
546 977 644 1032 πρὸς
672 979 834 1020 Θέστιον
857 979 923 1019 καὶ
948 982 1218 1032 συμμαχοῦσιν
1246 977 1351 1036 αὐτῷ
1381 977 1478 1032 πρὸς
1508 977 1599 1028 τοὺς
1629 976 1723 1032 ὁμό-

198 1060 293 1096 ρους
318 1042 487 1097 πόλεμον
513 1045 648 1098 ἔχοντι.
687 1045 752 1085 καὶ
777 1049 896 1099 γαμεῖ
912 1042 1145 1097 Τυνδάρεως
1167 1046 1329 1086 Θεστίου
1348 1044 1546 1099 θυγατέρα
1565 1042 1723 1097 Λήδαν.

198 1104 318 1158 αὖθις
350 1109 410 1161 δέ,
448 1108 508 1150 ’ὅτε
537 1107 732 1164 Ἡρακλῆς
756 1107 1025 1151 Ἱπποκόωντα
1061 1109 1127 1150 καὶ
1163 1108 1254 1159 τοὺς
1290 1108 1430 1151 τούτου
1466 1111 1613 1159 παῖδας
1649 1107 1724 1151 ἆπ-

197 1174 357 1227 ἔκτεινε,
400 1175 647 1229 κατέρχονται
689 1176 753 1216 καὶ
797 1172 1094 1228 παραλαμβάνει
1134 1173 1368 1228 Τυνδάρεως
1403 1172 1475 1228 τὴν
1513 1176 1723 1228 βασιλείαιι

198 1244 266 1282 ubi
297 1243 563 1292 Apollodorus
596 1244 726 1294 epicos
761 1245 918 1293 poetas,
950 1245 997 1281 ut
1018 1242 1184 1291 opinor,
1215 1242 1381 1281 Hesiodi
1411 1238 1627 1294 κατάλογον
1656 1257 1724 1295 γυ-

197 1310 365 1358 ναικῶν,
392 1311 550 1348 secutus
577 1311 654 1348 est:
687 1322 733 1347 ac
759 1309 943 1347 similiter
969 1320 1090 1358 supra
1114 1307 1155 1345 II
1178 1310 1215 1355 7,
1237 1309 1272 1356 3,
1304 1310 1518 1358 postquam
1542 1308 1724 1348 narravit

197 1374 381 1412 Herculis
426 1374 667 1423 expeditioni
711 1376 848 1413 contra
891 1373 1229 1423 Hippocoontidas
1273 1373 1394 1411 etiam
1433 1372 1592 1423 Cephea
1633 1386 1722 1412 cum

196 1439 342 1490 viginti
373 1439 464 1478 filiis
495 1440 726 1478 interfuisse
758 1452 902 1489 eosque
928 1452 1064 1478 omnes
1089 1451 1169 1477 una
1193 1447 1292 1477 cum'
1308 1438 1458 1488 Iphicle
1488 1439 1722 1479 interemtos

197 1517 299 1552 esse,
318 1503 430 1543 'dicit
451 1506 705 1554 Tyndareum
730 1505 780 1542 ab
800 1504 973 1542 Hercule
993 1503 1319 1554 Hippocoontidis
1345 1504 1460 1543 victis
1486 1504 1528 1542 in
1552 1517 1723 1555 regnum

196 1572 431 1610 restitutum
470 1584 574 1610 esse:
619 1565 814 1622 Ἡρακλῆς
852 1566 894 1607 δὲ
930 1568 1082 1615 κτείνας
1118 1565 1187 1608 τὸν
1216 1564 1484 1608 Ἱπποκόωντα
1526 1567 1594 1608 καὶ
1630 1565 1724 1616 τοὺς

196 1636 340 1683 παῖδας
372 1632 514 1686 αὐτοῦ,
545 1632 828 1688 χειρωσάμενος
852 1629 923 1684 τὴν
947 1629 1082 1684 πόλιν,
1111 1630 1322 1684 Τυνδάρεω
1349 1629 1442 1686 (scr.
1467 1630 1722 1688 Τυνδάρεων)

195 1698 427 1755 καταγαγὼν
468 1697 540 1753 τὴν
583 1700 782 1752 βασιλείαν
824 1697 1026 1751 παρέδωκε
1068 1695 1206 1753 τούτῳε
1252 1702 1293 1738 et
1331 1700 1382 1745 ‚ad
1430 1699 1599 1738 eundem
1637 1699 1722 1739 fere
1758 1725 1761 1727 -

195 1768 354 1815 modum
381 1767 542 1806 Diodor.
562 1766 620 1804 IV
641 1768 695 1805 33
722 1767 820 1804 haec
845 1767 1017 1804 enarrat.
1067 1765 1217 1803 Verum
1248 1765 1370 1803 etiam
1395 1765 1650 1814 Tyndareum
1681 1767 1723 1805 et
1735 1773 1804 1804 824

195 1834 298 1871 filios
330 1833 420 1871 huic
455 1844 614 1882 pugnae
652 1831 882 1870 interfuisse
920 1830 1135 1869 verisimile
1174 1831 1252 1869 est:
1296 1832 1402 1869 certe
1434 1829 1722 1879 Spartanorum

150 1911 154 1914 ’
195 1899 294 1937 haec
331 1898 523 1936 memoria
559 1897 683 1936 fuisse
720 1897 896 1946 videtur,
936 1895 1028 1934 hinc
1064 1896 1106 1934 in
1142 1895 1339 1945 Apollinis
1377 1895 1585 1945 Amyclaei
1622 1897 1721 1936 solio

197 1965 328 2002 inerat
356 1958 567 2014 Τυνδάρεω
599 1958 697 2015 πρὸς
722 1958 908 2013 Εὔρυτον
933 1957 1035 2013 μάχη
1062 1955 1197 2013 (Paus.
1217 1960 1280 1998 III
1303 1961 1368 2009 18,
1392 1956 1476 2013 11),
1508 1961 1576 2010 qui
1594 1961 1722 2012 Eury-

195 2030 260 2067 tus
292 2028 370 2066 fuit
394 2027 679 2077 Hippocoontis
711 2027 830 2067 filius.
879 2026 1102 2065 Secundum
1129 2025 1367 2064 Pausaniam
1392 2024 1454 2063 HI
1477 2026 1542 2076 15,
1563 2027 1587 2064 5
1619 2025 1719 2064 Her-

196 2094 303 2132 cules
335 2093 397 2132 bis
428 2094 625 2143 pugnavit
655 2106 744 2131 cum
770 2092 1073 2142 Hippocontidis
1099 2090 1221 2130 Oeoni
1246 2091 1408 2130 caedem
1438 2090 1610 2141 ulturus,
1641 2091 1720 2140 pri-

195 2173 305 2197 mum
336 2159 444 2198 solus
476 2160 522 2196 ut
552 2158 731 2206 videtur,
764 2170 809 2196 ac
838 2159 934 2196 tunc
964 2158 1198 2197 vulneratus
1231 2159 1307 2205 est,
1338 2157 1480 2207 postea
1503 2156 1720 2196 maioribus

197 2224 338 2273 opibus
370 2223 530 2262 adiutus
564 2224 730 2262 extinxit
761 2223 1023 2262 adversarios.
1072 2222 1114 2260 Si
1143 2222 1195 2260 ad
1226 2222 1330 2261 hunc
1360 2221 1522 2260 modum
1552 2222 1721 2260 Alcman

195 2301 280 2327 rem
319 2289 516 2339 exposuit,
553 2290 686 2338 potuit
722 2289 764 2326 in
800 2288 947 2337 hymno
985 2288 1028 2326 in
1058 2287 1273 2326 Dioscuros
1305 2287 1489 2326 Herculis
1521 2287 1720 2327 vulnerati

195 2355 437 2393 mentionem
461 2355 603 2394 facere.
653 2354 866 2393 Interitum
892 2352 1300 2403 Hippocoontidarum
1331 2354 1450 2402 poeta
1479 2353 1521 2390 in
1550 2352 1717 2390 Parthe-

195 2420 260 2459 nio
285 2420 335 2458 fr.
359 2422 412 2459 23
440 2420 660 2470 enarravit,
685 2420 776 2458 hinc
803 2419 961 2456 Ahrens
988 2431 1047 2467 ap.
1075 2418 1196 2457 schol.
1222 2416 1344 2456 Clem.
1370 2415 1413 2456 ἐν
1432 2413 1469 2455 α’
1495 2412 1590 2470 (τῶν
1609 2418 1718 2467 Παρ-

194 2482 383 2538 θενείων)
413 2485 663 2524 scribendum
687 2485 820 2534 putat,
852 2483 1185 2534 quemadmodum
1211 2484 1273 2522 est
1302 2483 1351 2523 fr.
1371 2484 1426 2521 24
1459 2480 1501 2521 ἕν
1525 2477 1624 2536 ἀρχῆ
1649 2484 1718 2521 τοῦ

196 2549 379 2603 δευτέρου
411 2553 488 2590 τῶν
519 2548 780 2600 Παρθενείων
811 2544 1010 2603 ᾆσματωντ
1053 2548 1123 2587 sed
1158 2549 1215 2587 ibi
1253 2548 1451 2598 ambigas,
1487 2548 1623 2585 utrum
1655 2559 1716 2586 se-

195 2617 366 2655 cundum
398 2628 558 2655 carmen
590 2628 639 2653 an
671 2615 866 2654 secundus
898 2615 1000 2655 liber
1031 2614 1337 2654 Partheniorum
1368 2613 1534 2652 dicatur.
