1864 3126
0 2663 11 2858 -nv-vr-r
0 2634 3 2652 -
0 2608 2 2611 <

833 170 1034 209 SAPPHO.
1612 168 1628 209 l
1639 166 1696 235 23¹3

821 283 915 325 105.
950 282 1057 336 [494

228 403 238 414 .
269 404 279 413 .
312 403 321 412 .
353 403 363 412 .
396 371 553 424 Χαῖρε,
585 363 762 422 νύμφα,

229 447 375 498 χαῖρε,
406 441 522 495 τίμιε
551 435 743 494 γάμβρε,
774 433 928 486 πόλλα.

823 557 917 599 106.
949 556 1056 609 [65]

231 639 299 686 Οὐ
330 638 415 698 γὰρ
446 634 504 698 ἦν
538 638 671 697 ἀτέρα
703 637 827 694 πάϊς,
859 632 894 682 ὦ
926 636 1118 695 γάμβρε,
1150 635 1344 681 τοιαύτα.

805 762 828 786 *
842 758 936 800 107.
972 758 1065 801 108.

218 839 396 887 ”Εσπετ’
428 839 662 899 ’Τμήναον.

223 907 278 958 Ὠ
307 911 389 959 τὸν
417 911 646 958 Ἀδώνιον.

822 1034 918 1076 109.
952 1033 1059 1087 [51.]
1150 1043 1159 1053 ’
1634 1044 1703 1076 912

230 1121 279 1160 A.
312 1118 571 1172 Παρθενία,
603 1118 849 1173 παρθενία,
881 1123 962 1162 ποῖ
988 1132 1042 1172 με
1074 1112 1238 1159 λίποισ’
1274 1112 1454 1174 ἄποι’χῃ;

231 1192 279 1233 Β.
312 1185 474 1233 Οὐκέτι
505 1185 596 1244 ἥξω
628 1184 740 1244 πρὸς
771 1186 840 1242 σε’,
872 1185 1019 1231 οὐκέτι
1050 1184 1151 1244 ἥξω.

271 1318 330 1354 Fr.
359 1321 436 1354 105.
488 1317 590 1353 Serv.
617 1317 721 1364 virg.
742 1317 877 1363 Georg.
900 1318 917 1352 I
937 1322 1000 1354 31:
1025 1316 1236 1362 „Generum
1260 1328 1343 1353 vero
1367 1329 1436 1362 pro
1460 1319 1593 1354 marito
1609 1319 1706 1363 posi-

173 1369 250 1402 tum
273 1366 381 1402 multi
400 1365 589 1410 accipiunt
607 1366 716 1401 iuxta
736 1365 934 1424 Sappho,
960 1376 1053 1412 quae
1071 1366 1113 1401 in
1134 1366 1240 1410 libro,
1265 1367 1330 1411 qui
1348 1366 1564 1402 inscribitur
1587 1362 1707 1400 Ἐπι-

172 1411 400 1460 θαλάμια,
431 1415 486 1448 ait
546 1417 647 1458 αἶρε
673 1416 748 1449 κτλ.
781 1413 866 1448 αντὶ
897 1414 964 1449 τοῦ
996 1414 1149 1459 νυμφίε.
1195 1413 1327 1449 Pollux
1355 1413 1406 1447 111
1432 1418 1494 1449 32:
1529 1410 1707 1458 Σαπφὼ

173 1460 303 1507 μέντοι
327 1460 392 1496 καὶ
415 1458 482 1496 τὸν
508 1462 631 1506 ανδρα
651 1458 771 1496 αὐτὸν
790 1458 962 1509 γαμβρὸν
981 1463 1100 1496 καλεῖ.
1122 1481 1164 1486 —-
1186 1461 1230 1496 V.
1250 1465 1284 1496 2.
1313 1459 1366 1496 cf.
1387 1460 1520 1497 Iulian.
1544 1461 1610 1506 Ep.
1624 1460 1707 1496 LX:
1736 1489 1743 1496 .

173 1512 279 1555 χαῖρε
318 1507 360 1543 δὲ
399 1507 463 1543 καὶ
500 1504 617 1549 αὐτὸς
647 1505 736 1554 ἡμῖν
774 1506 911 1554 πολλά,
949 1505 1129 1552 καθάπερ
1167 1506 1262 1554 καλὴ
1300 1506 1451 1553 Σαπφώ
1484 1520 1612 1554 φησιν.
1669 1510 1706 1543 lu

174 1556 261 1592 edit.
280 1560 295 1591 l
318 1559 424 1602 χαῖρε
445 1568 475 1590 τ.
496 1568 529 1601 γ.
550 1559 678 1601 χαῖρε
700 1553 818 1592 πόλλα
833 1555 973 1602 scripsi.
1013 1555 1204 1592 Hemann
1217 1556 1410 1592 existimat
1427 1556 1527 1591 idem
1548 1556 1706 1592 metrum

174 1614 267 1648 esse,
292 1602 393 1648 quod
419 1602 464 1638 fr.
490 1606 535 1638 99
561 1606 600 1639 et
625 1602 790 1650 scripsit:

293 1674 453 1719 Χαίρετε
482 1673 558 1720 (vel
582 1676 701 1720 Χαῖρε
728 1673 786 1720 δὲ)
812 1672 962 1721 νύμφα,
989 1679 1115 1720 χαῖρε,
1140 1675 1237 1721 τίμιε
1263 1673 1426 1722 γαμβρέ,
1452 1673 1581 1710 πολλά.

269 1745 327 1781 Fr.
356 1748 434 1781 106.
479 1744 630 1790 Dionys.
651 1745 697 1781 de
717 1756 836 1791 comp.
857 1745 958 1781 verb.
983 1757 1014 1782 c.
1041 1745 1160 1781 XXV:
1186 1743 1228 1782 τὸ
1255 1743 1563 1792 συμπλεκόμενον
1588 1743 1708 1794 τούτῳ

174 1790 288 1829 πάλιν
313 1793 436 1828 κῶλον
462 1789 505 1828 ἐκ
531 1794 639 1830 δυοῖν
664 1791 866 1851 συνέστηκε
893 1791 1055 1839 μέτρων·
1083 1791 1215 1839 ,,Μήτε
1242 1791 1378 1840 μικρὸν
1411 1790 1558 1840 ὁρῶντά
1585 1808 1619 1829 τι
1643 1794 1709 1829 καὶ

176 1840 324 1886 φαῦλον
349 1836 570 1886 ἁμάρτημα,
598 1836 754 1887 ἑτοίμως
779 1853 900 1881 ουτως
924 1838 987 1876 ἐπὶ
1012 1838 1169 1889 101515512.u
1220 1843 1272 1876 Εἴ
1297 1840 1342 1887 γε’
1372 1854 1430 1877 τοι
1455 1839 1709 1887 Σαπφικόν

174 1901 241 1929 τις
268 1884 590 1934 ἐπιθαλάμιον
615 1889 735 1924 τουτί·
764 1884 827 1924 Οὖ
853 1885 937 1934 γὰρ
965 1884 1101 1934 ἕτὲρα
1128 1882 1183 1934 ἦν
1210 1890 1305 1934 (cod.
1332 1890 1424 1935 Reg.
1452 1889 1596 1925 1Colb.
1623 1889 1708 1925 Ald.

176 1936 261 1981 νῦν)
287 1936 413 1980 nats-¹,
439 1929 468 1970 ὦ
493 1948 538 1981 γ.,
566 1948 612 1971 το
623 1933 759 1971 mina
784 1935 936 1971 καὶτοῦ
957 1936 1126 1982 κωμικοῦ
1146 1935 1410 1983 τετραμέτρου,
1434 1935 1640 1982 λεγομένου
1666 1935 1708 1972 δὲ

174 1980 474 2028 Ἀριστοφανείου
500 1983 630 2019 τοῦδε·
659 1979 759 2029 „⁶01⁹
795 1980 868 2029 ἐγὼ
900 1981 946 2019 τὰ
980 1984 1111 2019 δίκαια
1143 1982 1264 2030 λέγων
1295 1981 1446 2029 ἤνθουν
1471 1984 1537 2020 καὶ
1563 1988 1709 2029 σωφρὸ-

176 2029 270 2076 σῦνη
296 2026 536 2076 νενόμιστο·“
568 2027 656 2072 τούς
686 2043 725 2066 τε
752 2032 991 2072 τελευταίους
1022 2029 1144 2072 πόδας
1174 2031 1236 2067 καὶ
1269 2031 1338 2090 1⁷³1?
1363 2029 1568 2090 κατάληξιν
1596 2030 1709 2079 ἐμβα-

175 2076 251 2114 λὼν
277 2075 461 2123 συνάψειε
488 2078 623 2113 τοῦτον
648 2074 714 2113 τὸν
739 2075 901 2122 τρόπον·
952 2075 1035 2123 ,,Οὖ
1062 2075 1134 2124 γὰρ
1161 2075 1272 2125 ἕτέρα
1298 2093 1345 2125 ην
1370 2084 1470 2123 παῖς,
1498 2094 1526 2114 ω
1553 2077 1711 2127 γάμβρε,

178 2122 347 2161 τοιαύτά.
397 2124 462 2160 καὶ
488 2125 712 2171 σωφροσύνη
738 2123 972 2172 νενόμιστο,“
999 2123 1113 2162 οὐδὲν
1139 2127 1274 2163 διοίσει
1299 2127 1384 2163 τοῦ·
1418 2125 1548 2172 ,,.Μήτε
1576 2124 1710 2173 μικρὸν

250 2199 257 2207 .
298 2169 361 2208 ἐπὶ
391 2170 548 2221 τούτῳ.“
605 2174 775 2209 Correxit
806 2173 1021 2219 Blomfield,
1059 2174 1132 2209 nisi
1163 2174 1262 2219 quod
1293 2172 1412 2220 ἀτέρα
1445 2175 1586 2219 scripsi.
1638 2173 1710 2209 Sed

178 2221 372 2266 praeterea
396 2219 525 2255 malim
557 2217 604 2256 οὐ
632 2219 705 2266 γὰρ
730 2214 784 2266 ἦν
810 2218 956 2267 α’τέρα
987 2221 1067 2256 νῦν
1093 2218 1218 2262 πάϊς.
1251 2221 1396 2258 Ahrens
1428 2218 1474 2257 οὐ
1507 2219 1577 2267 γὰρ
1603 2218 1710 2257 ἄλλο·

179 2265 269 2312 τέρα
293 2267 364 2302 νῦν
390 2268 506 2314 Παῖς,
531 2262 561 2302 ὦ
585 2281 662 2314 γαμ
688 2266 742 2314 ρέ,
766 2265 919 2304 τοαύτοι.

273 2314 332 2351 Fr.
360 2317 427 2350 10⁷
454 2315 492 2350 et
519 2317 598 2351 108.
678 2315 792 2351 lotius
818 2320 906 2352 266:
933 2315 1227 2362 „Hymenaicum
1254 2316 1454 2352 dimetrum
1482 2316 1710 2362 dactylicum

181 2361 409 2408 Sapphicnm
442 2361 835 2398 monoschematistum
867 2365 939 2399 est:
972 2375 1119 2409 semper
1144 2364 1242 2399 enim
1269 2364 1413 2399 duobus
1439 2363 1600 2409 dactylis
1626 2375 1712 2398 con-

180 2410 273 2445 stat:
303 2408 1125 2446 ΤΕΟΖΕΡΤΜΗΝΙΟΝΤωΝΑΔωΝΙΟΝ.
1161 2410 1214 2447 ita
1240 2411 1319 2447 cod.
1341 2411 1384 2453 A.
1409 2422 1478 2446 nec
1507 2411 1613 2446 valde
1639 2410 1710 2446 dis-

179 2459 309 2502 crepat
329 2456 357 2491 B
379 2455 1235 2495 ΤΘΟΟΘΡΤΙΑΗΝΙΟΝΟ)ΤΟΝΛΔΟΝΙΟΝ.
1280 2459 1338 2494 Fr.
1361 2462 1428 2494 107
1450 2454 1576 2493 ἕσπετ’
1602 2454 1711 2503 ’Τμή-

180 2517 275 2539 ναον
301 2503 445 2549 scripsi,
470 2503 571 2549 quod
591 2503 743 2550 propius
763 2505 870 2541 abest
887 2504 1063 2541 atmditis
1082 2505 1229 2549 litteris,
1255 2517 1367 2552 quam
1394 2505 1492 2551 quod
1519 2507 1630 2540 antea.
1649 2516 1710 2540 ex-

181 2551 286 2587 hibui
305 2547 437 2597 ’Τμεν’
462 2547 662 2597 ’Τμήναον,
688 2571 732 2577 -
757 2550 818 2587 Fr.
841 2555 919 2597 108,
945 2553 1045 2597 quod
1069 2552 1145 2589 iam
1166 2552 1332 2599 Scaliger
1351 2551 1526 2597 restitnit,
1553 2552 1712 2588 fortasse

181 2598 382 2635 confictum
408 2600 464 2634 est
489 2610 533 2633 ex
554 2598 611 2634 Fr.
633 2602 695 2634 63:
722 2598 782 2635 vel
807 2598 928 2636 forma
950 2596 1120 2640 Ἀδοόνιος
1138 2600 1258 2646 possit
1277 2600 1424 2636 novicia
1443 2599 1572 2645 videri,
1599 2611 1711 2645 quam

180 2645 307 2682 Latini
332 2645 567 2691 potissimum
599 2645 684 2682 inde
709 2657 733 2681 a
758 2645 884 2682 Plauti
915 2647 1065 2683 saeculo
1095 2647 1345 2692 frequentant.
1396 2647 1435 2683 Si
1465 2647 1712 2692 grammatico

182 2693 299 2730 Bekk.
333 2692 403 2730 An.
430 2692 446 2727 Ι
470 2696 541 2730 346
566 2693 677 2737 fides,
708 2693 894 2740 principes
929 2693 1067 2730 veteris
1099 2695 1312 2730 comoediae
1345 2706 1390 2730 ea
1420 2695 1478 2730 usi
1511 2696 1616 2739 sunt,
1647 2695 1713 2730 sed

182 2740 369 2776 Meinekio
395 2740 455 2776 Fr.
482 2738 584 2777 Com.
611 2740 644 2775 11
670 2744 704 2785 2,
731 2744 800 2776 694
826 2741 930 2777 loeus
954 2740 1088 2777 vitium
1115 2742 1343 2778 contraxisse
1368 2742 1469 2777 visus
1496 2742 1569 2787 est,
1601 2752 1711 2788 quem

182 2787 297 2823 etiam
323 2785 442 2823 Cobet
464 2787 643 2824 ssentavit:
670 2798 689 2823 e
719 2798 740 2823 0
767 2798 812 2824 ea
836 2787 883 2823 de
908 2800 948 2823 re
974 2787 1070 2823 nihil
1095 2788 1292 2825 decernere
1318 2789 1450 2833 audeo,
1481 2789 1546 2825 sed
1578 2789 1712 2835 princi-

208 2834 279 2871 alis
304 2834 425 2871 forma
447 2834 550 2871 haud
575 2834 687 2871 dubie
712 2832 889 2879 Αὸώνιος,
914 2835 1013 2871 unde
1033 2833 1251 2882 Cypriorum
1272 2847 1440 2872 sermone
1458 2833 1609 2878 ’Ἄδωνις
1627 2848 1711 2873 eva-

198 2881 255 2918 uit
279 2881 470 2927 latiusque
522 2884 755 2929 ropagatum.
918 2917 921 2920 Α

278 2929 337 2967 Fr.
366 2932 444 2965 109.
494 2894 658 2966 Bemetr.
684 2930 730 2965 dc
757 2925 858 2966 EIoc.
885 2929 1000 2965 CXL:
1033 2928 1080 2965 At
1101 2928 1143 2966 δὲ
1170 2926 1247 2966 ἀπὸ
1279 2931 1354 2967 τῶν
1383 2928 1583 2978 σχημάτων
1607 2929 1711 2979 χάρι-
