1864 3126
211 153 296 195 174
528 179 530 182 <
769 152 961 190 POETAE
984 154 1161 192 MELICI.

867 263 934 306 65.
969 264 1073 317 [96]

281 343 447 402 Πρώτα
478 343 559 400 μὲν
580 342 854 401 ’Ἄντανδρος
885 346 1089 401 Λελέγων
1121 345 1259 398 πόλις.

868 477 1074 529 66.[82]

275 551 335 599 ῗΗ
359 572 446 600 που
477 555 1029 613 συναγανδρωνδοὲσμενον

282 624 471 684 στρατὸν
502 628 761 684 νομισμένοι
792 628 988 672 πνέοισα.

939 760 1005 802 67.
1663 772 1730 803 951

286 837 376 883 Τὸν
407 838 592 896 χάλινον
623 837 759 894 ἄρκος
789 843 878 898 ἔσῃ.

869 961 1076 1013 68.[84]

281 1039 478 1097 Πάμπαν
510 1039 553 1084 δ’
590 1039 800 1098 ἐτύφωσ’,
827 1042 874 1085 ἐκ
907 1039 947 1085 δ’
982 1045 1100 1086 ἕλετο
1132 1042 1309 1099 φρένας.

209 1193 303 1228 locis
328 1193 458 1229 littera
482 1195 634 1230 Aeolica
653 1196 805 1230 evanuit
828 1195 867 1230 in
887 1196 1018 1231 honum
1043 1197 1252 1241 poetarum
1259 1195 1498 1231 carminibus·
1524 1195 1610 1231 inde
1634 1195 1734 1241 apud

210 1241 398 1276 Hermann
423 1238 576 1286 ἤνασσε,
602 1242 666 1277 ubi
692 1243 881 1278 Bekkerus
906 1240 1075 1287 ,Ρήνασσε
1103 1242 1265 1288 scripsit,
1291 1243 1390 1287 quod
1414 1242 1526 1288 plane
1546 1242 1732 1278 vitiosum.

304 1312 360 1346 Fr.
389 1315 444 1347 65.
496 1312 629 1348 Strabo
654 1312 739 1348 XIV
765 1317 850 1348 606:
886 1311 965 1358 Τὴν
998 1312 1040 1349 δὲ
1065 1310 1288 1359 ’Ἄντανδρον
1310 1310 1508 1354 Ἀλκαῖος
1534 1314 1603 1358 μὲν
1627 1316 1741 1349 καλεῖ

210 1358 383 1418 Λελέγων
414 1356 539 1394 πόλιν·
573 1357 735 1419 Πρώτα
761 1363 834 1396 κτλ.
868 1381 911 1386 -
944 1358 1072 1406 πρώτα
1097 1361 1353 1405 Fricdemann‚
1383 1361 1497 1406 vulgo
1522 1361 1660 1406 πρῶτα.
1689 1381 1731 1386 -—-

210 1404 279 1451 μὲν
304 1406 424 1449 codd„
450 1407 563 1452 vulgo
589 1420 658 1452 μεν
684 1407 759 1443 καὶ.

218 1519 232 1526 μ
304 1477 362 1513 Fr.
384 1481 440 1512 66.
485 1477 662 1521 Hesychs
686 1463 987 1514 Ἐπιπνεύων·
1015 1476 1226 1534 ἐπιβλέπων
1245 1477 1432 1519 Αἰολικῶς.
1459 1478 1521 1514 καὶ
1538 1475 1735 1519 Ἀλκαῖος
1781 1483 1785 1491 “

208 1525 231 1569 ἠ
271 1537 359 1559 που
398 1523 967 1571 συναγανδρωνδασμένον
993 1524 1191 1572 στρατὸν
1222 1525 1500 1571 νομισμένοι
1529 1525 1734 1570 πνέοισα,

210 1572 384 1607 Fortasse
410 1573 632 1608 Antandrus
656 1573 744 1608 urbs
770 1575 854 1608 erat
878 1576 1178 1618 commemorQata
1204 1573 1249 1609 cf.
1276 1574 1319 1608 fr.
1340 1577 1397 1615 65,
1422 1573 1734 1630 quemadmodum

210 1619 325 1654 etiam
357 1619 406 1654 M.
440 1618 610 1655 Schmidt
640 1619 837 1676 legendum
866 1621 1024 1656 coniecit
1055 1622 1143 1656 ἴπου
1176 1618 1261 1666 σύγ’
1290 1617 1494 1666 Ἀντάνδρω
1527 1649 1535 1656 .
1557 1649 1565 1658 .
1587 1649 1595 1656 .
1628 1618 1733 1665 στρό-

209 1679 285 1702 τον.
336 1665 510 1702 Heinsius
525 1663 672 1724 ‚avwo'ly'
706 1664 858 1712 ἀνδρῶν
890 1667 1135 1725 δεδασμένον
1155 1680 1208 1703 στ.
1239 1665 1281 1703 τὸ
1316 1667 1541 1726 νομισμένον
1566 1666 1735 1712 πνέοισα,

210 1713 270 1749 vel
285 1711 483 1769 συνάγαγ’
510 1711 662 1757 ἀνδρῶν
689 1713 917 1760 δυσμενέων,
943 1715 1087 1750 Ahrens
1111 1712 1135 1760 ἥ
1161 1729 1227 1750 ποι
1245 1712 1313 1759 σύγ
1350 1716 1500 1771 ανδρῶν
1520 1714 1735 1760 δυσμενέων

209 1757 363 1805 στρότον
400 1758 584 1818 πόλισμ’
595 1759 842 1797 ἐπιπνεύοισα
882 1763 1002 1819 φίλων
1032 1761 1145 1818 τέων,
1181 1763 1327 1797 Hecker
1363 1759 1531 1818 ἀνδρῶν
1544 1761 1734 1821 δαιμένων

209 1808 336 1867 suasit,
361 1809 536 1853 Hartung
561 1801 584 1853 ἦ
611 1822 683 1844 που
708 1806 874 1845 Ῐάνασὸ
902 1807 1052 1855 ἀνδρῶν
1079 1807 1124 1845 σὺ
1136 1791 1385 1855 δεδασμὲνων
1405 1806 1560 1854 στρατὸν
1580 1806 1730 1855 νόμισμ’

209 1852 445 1892 ἐπιπνέοισα.

304 1925 363 1963 Fr.
391 1929 446 1961 67.
499 1925 617 1962 Cram.
638 1927 707 1962 An.
728 1927 810 1962 Par.
838 1927 887 1962 IV
910 1931 1051 1970 61,13:
1075 1924 1202 1972 ’Ἀρκος
1233 1923 1450 1973 ουδέτερον,
1478 1921 1523 1962 οὗ
1551 1925 1733 1974 μέμνηται

206 1969 384 2012 Ἀλκαῖος·
411 1970 478 2007 τὸν
498 1971 651 2017 χαλινὸν
672 1970 787 2018 ἄρκος
808 1973 872 2019 ἔση
912 1955 1168 2009 Schneidewin
1188 1975 1261 2009 τῶν
1281 1976 1465 2020 χαλίννων
1484 1971 1600 2019 ἄρκος
1620 1973 1735 2020 ἔσται,

210 2020 249 2054 et
285 2021 470 2065 χαλίννων
509 2021 744 2056 commendat
774 2021 832 2056 Et.
850 1988 960 2056 ⁷²Grud.
993 2025 1079 2065 561,
1113 2025 1146 2056 4.
1204 2022 1283 2067 Ego
1321 2022 1432 2056 antea
1467 2022 1540 2056 τῶν
1572 2022 1735 2078 χαλίνων

208 2064 325 2112 ἄρκος
351 2065 435 2113 ἔσῃ,
468 2067 533 2102 sed
558 2067 652 2103 latet
676 2067 791 2112 aliud,
816 2068 975 2104 fortasse
994 2071 1106 2113 poeta
1131 2068 1327 2113 scripserat
1352 2069 1438 2104 τῶν
1464 2066 1595 2114 χάλιν
1620 2065 1736 2114 ἄρκος

212 2113 366 2160 ἔθηκε.

304 2185 362 2220 Fr.
391 2188 445 2221 68.
496 2184 672 2243 Harpocr.
701 2188 780 2229 175,
804 2189 863 2220 15:
893 2183 1192 2242 Τετύφωμαι·
1218 2182 1302 2221 ἀντὶ
1328 2185 1395 2221 τοῦ
1420 2183 1734 2242 ἔμβεβρόντημαι,

211 2231 281 2275 ἔξω
312 2232 386 2267 τῶν
418 2233 568 2288 φρενῶν
600 2230 751 2277 γέγονα.
794 2230 879 2278 ἤτοι
909 2229 988 2269 ἀπὸ
1017 2234 1083 2290 τῆς
1115 2234 1272 2287 βροντῆς
1301 2229 1324 2278 ἢ
1357 2229 1434 2268 ἀπὸ
1469 2234 1542 2268 τῶν
1574 2231 1637 2272 ἐπὶ
1667 2231 1734 2269 τὸν

213 2280 381 2336 Τυφῶνα
406 2276 704 2337 αναφερομένων
731 2281 921 2339 σκηπτῶν·
953 2277 976 2326 ἢ
1004 2276 1081 2315 ἀπὸ
1115 2293 1189 2315 των
1223 2281 1459 2325 Τυφωνικῶν
1494 2278 1734 2336 καλουμένων

206 2340 453 2384 πνευματων,
485 2340 509 2361 α
541 2325 588 2372 δὴ
621 2326 686 2362 καὶ
721 2340 819 2362 αυτα
852 2324 1035 2384 ἐξίστησιν
1060 2324 1214 2373 αθρόως
1238 2326 1538 2373 καταρραγέντα·
1571 2325 1734 2373 καὶγὰρ

206 2372 403 2414 Ἀλκαῖος
428 2375 536 2419 φησί·
563 2371 760 2419 Παμπαν
785 2373 833 2410 δὲ
859 2372 1011 2419 τυφὼς
1036 2377 1110 2410 κτλ.
1155 2374 1298 2410 Eadem
1323 2375 1430 2411 Phot.
1451 2379 1532 2419 582,
1551 2378 1583 2410 7.
1610 2373 1733 2410 Schol-

210 2421 402 2457 Demosth.
429 2421 606 2457 Aristocr.
631 2424 661 2464 ἓ.
691 2425 757 2457 158
784 2423 823 2457 ct-
847 2422 979 2458 Suidas
1004 2434 1036 2457 v.
1063 2434 1134 2458 τετ.
1163 2443 1206 2448 -
1232 2422 1436 2458 Porsonum
1461 2433 1559 2457 nuno
1585 2423 1733 2457 secutus

211 2469 342 2515 scripsi
367 2465 525 2521 πάμπαν
551 2464 592 2503 δ’
621 2466 830 2514 ἑτύφωσᾎ
857 2466 905 2505 ἐκ
931 2465 968 2504 δ’
997 2467 1123 2505 ἕλετο
1149 2468 1303 2514 φρένας,
1330 2469 1444 2505 ceteri
1470 2468 1592 2505 critici
1617 2469 1732 2504 trala-

209 2517 338 2552 ticiam
363 2514 564 2551 lectionem
589 2513 632 2551 δὲ
648 2515 786 2569 ,τυφὼς
809 2517 898 2552 tuiti
922 2516 1091 2562 proxima
1117 2515 1183 2552 alii
1215 2516 1325 2552 aliter
1349 2517 1599 2559 tentaverunt,
1631 2515 1735 2551 velut

211 2562 254 2598 ἔκ
280 2560 316 2599 σ’
346 2562 448 2599 ἕλετο
473 2562 620 2598 Bekker
645 2562 685 2598 in
709 2563 1002 2620 Harpocratione
1028 2563 1162 2608 edidit,
1195 2563 1260 2599 ubi
1285 2563 1318 2597 A
1343 2560 1428 2598 ἐκδε
1454 2565 1601 2619 λεγετο,
1632 2562 1665 2597 D
1692 2559 1735 2598 ἐκ

211 2609 253 2646 δὲ
286 2608 445 2655 ἐλέγετο,
477 2608 536 2645 BC
569 2607 611 2645 ἐκ
642 2608 685 2645 δὲ
716 2607 860 2655 λέγει-ο,
891 2612 935 2646 ut
957 2611 1082 2654 Phot.‚
1115 2622 1138 2646 a
1209 2609 1309 2646 Suid.
1334 2610 1403 2645 AV
1430 2607 1472 2646 ἐκ
1503 2605 1544 2644 δ’
1573 2590 1735 2654 ἐλέγετο,

210 2658 323 2704 vulgo
347 2624 404 2693 γέκ
436 2656 544 2702 δελέγ
547 2669 645 2701 εται,
686 2656 807 2694 Schol.
842 2658 944 2693 Dem.
986 2654 1028 2693 ἐκ
1060 2638 1098 2694 δ’
1153 2656 1302 2703 λέγετο,
1341 2656 1541 2693 Schneider
1578 2622 1735 2700 ἐξέλετο,

210 2704 407 2751 Blomfield
434 2670 627 2747 ἒκᾶῑέλετος
661 2704 761 2749 quod
786 2703 947 2740 coniecit
971 2704 1231 2740 Schneidewin
1257 2703 1300 2739 ἔκ
1323 2701 1372 2740 .Ῑ-“’
1402 2703 1522 2745 ἕλετο,
1555 2703 1741 2749 interpre-³

209 2751 340 2787 tatus
336 2750 352 2787 ὲ
381 2750 543 2795 ἐξέλετο,
577 2752 637 2787 vel
661 2752 814 2797 propter
833 2751 1129 2804 ambiguitatem,
1156 2762 1267 2810 quam
1287 2750 1416 2791 sedulo
1435 2730 1584 2795 fugiunt
1603 2750 1735 2786 Graeci

210 2801 356 2844 poetae,
375 2798 661 2844 repudiandum.
686 2809 795 2834 nemo
815 2797 914 2834 cuim
933 2800 1083 2844 poterat
1104 2798 1152 2834 ἔκ
1171 2795 1219 2835 f’
1242 2797 1344 2834 ἕλετο
1365 2799 1403 2833 ct
1423 2794 1601 2834 ἒκέέλετο
1621 2797 1735 2832 inter·

212 2857 379 2881 noscere.
405 2857 491 2882 nam
516 2845 677 2891 primam
702 2845 810 2881 huius
836 2845 963 2891 stirpis
988 2845 1153 2882 litteram
1178 2846 1257 2881 Βαῦ
1285 2845 1398 2880 fuisse
1417 2847 1638 2890 argumento
1657 2845 1735 2880 est:

212 2893 324 2936 atquc
340 2893 469 2929 cadem
483 2892 731 2937 ambiguitate
745 2893 891 2929 laborat
903 2892 1065 2928 Bckkeri
1077 2893 1268 2938 correctio,
1292 2903 1403 2936 quam
1425 2892 1525 2938 prius
1545 2890 1735 2937 adoptavi.
