1864 3126
0 2215 8 2290 ἰ

811 123 1046 163 ALCAEUS.
1610 124 1689 167 161

696 246 773 290 III.
824 245 1156 290 ΣΚΟΛῙΑ.

819 342 890 387 34.
923 343 1029 396 [27]

242 421 335 468 “Yet
367 422 450 481 μὲν
481 420 506 467 ό
539 422 671 479 Ζεύς,
705 423 752 467 ἐκ
784 421 826 468 δ’
862 422 1014 482 ὀράνω
1046 422 1181 480 μέγας

252 498 439 552 χείμων,
469 493 720 551 πεπάγασιν
752 492 794 539 δ’
829 493 1010 540 ὑδάτων
1042 493 1157 551 ῥόαι.

320 662 644 671 -------

251 707 475 766 κάββαλλε
503 708 585 754 τὸν
616 707 815 767 χείμων’,
847 708 917 754 ἐπὶ
949 708 1032 767 μὲν
1062 711 1206 761 vastas

252 781 364 839 πῦρ,
395 781 444 826 ἐν
476 780 527 826 δὲ
556 783 731 839 κίρναις
763 778 892 825 οἶνον
924 778 1144 838 ἀφειδέως

204 864 226 896 5
310 852 542 910 με’λιχρον,
573 850 715 910 αὐτὰρ
747 849 864 909 ἀμφὶ
894 850 1038 912 κόρσᾳ

311 922 549 981 μάλθακον
580 922 696 982 ἀμφι
727 958 737 968 .
769 958 779 969 .
810 923 1085 982 γνόφαλλον.

817 1032 887 1076 35.
921 1033 1026 1086 [29.]

253 1112 322 1158 Οὐ
352 1111 436 1173 χρὴ
467 1113 643 1159 κᾶκοισι
674 1115 828 1171 θῦμον
859 1114 1114 1172 ἐπιτρέπην·

249 1184 538 1244 προκόψομεν
568 1183 654 1243 γὰρ
687 1183 824 1237 οὐδὲν
855 1183 1094 1243 ἀσάμενοι,

183 1251 187 1255 ’
313 1250 348 1302 ὦ
380 1255 543 1315 Βύκχι,
575 1255 815 1314 φάρμακον
847 1255 889 1301 δ’
924 1255 1112 1316 ἄρισθον

311 1326 440 1373 οἶνον
472 1328 772 1386 ἐνεικαμένοις
802 1327 1059 1386 μεθύσθην.

154 1459 255 1504 quod
285 1470 320 1495 v.
347 1456 374 1494 ’ὅ
413 1456 607 1507 βασιλήιον
644 1459 809 1506 scripsit,
848 1451 918 1512 esgo
952 1459 1171 1505 praeoptavi
1210 1459 1423 1508 βασιληΐων.
1476 1461 1692 1507 (Superavit

154 1506 272 1552 igitur
295 1508 475 1552 quattuor
499 1506 629 1553 digitis
654 1507 717 1542 vel
736 1507 908 1543 Herculis
934 1508 1131 1552 staturam,
1157 1507 1190 1543 si
1214 1507 1306 1543 fides
1334 1510 1392 1544 est
1409 1507 1604 1545 Herodoro
1628 1520 1688 1554 ap.

155 1553 280 1590 Schol.
300 1553 406 1589 Pind.
427 1554 555 1590 Isthm.
576 1554 627 1589 111
648 1558 705 1598 87,
731 1555 796 1590 sed
815 1565 966 1600 prorsus
985 1555 1164 1600 aequavit
1182 1555 1368 1600 Perseum,
1395 1556 1441 1591 de
1461 1567 1533 1601 quo
1553 1556 1689 1593 Herod.

154 1601 223 1637 V11
251 1605 335 1637 117:
373 1599 541 1648 μεγάθεϊ
575 1600 749 1648 μέγιστον
788 1599 902 1638 ἐόντα
939 1601 1136 1648 Περσέων·
1179 1598 1256 1638 ἀπὸ
1290 1600 1361 1648 γὰρ
1393 1602 1505 1639 πέντε
1538 1603 1691 1650 πηχέων

154 1649 359 1731 ἴασιληίων
383 1645 565 1685 ἀπέλειπε
591 1648 768 1693 τέσσερας
793 1646 1010 1691 δακτύλους.
1046 1650 1110 1695 qui
1143 1650 1296 1696 quidem
1321 1650 1480 1696 scriptor
1504 1651 1580 1687 alio
1604 1651 1689 1687 loco

191 1699 258 1732 178
286 1695 451 1755 exponit,
476 1697 602 1743 regius
629 1697 776 1733 cubitus
795 1698 979 1743 quantum
998 1699 1196 1745 exsuperet
1215 1698 1440 1734 Graecorum
1458 1710 1688 1735 mensuram:

153 1740 173 1780 ὁ
209 1745 400 1791 βασιληϊος
422 1745 544 1790 πῆχυς
578 1745 646 1780 τοῦ
680 1745 830 1791 μετρίου
860 1737 942 1781 ἔστὶ
975 1743 1027 1791 πή
1053 1758 1116 1786 εος
1152 1745 1274 1791 μέζων
1310 1746 1406 1791 τρισὶ
1444 1745 1688 1792 δακτύλοισι.)

155 1791 295 1828 Contra
313 1791 477 1828 Abrens:
502 1793 757 1838 Βαβυλωνίοις
782 1790 989 1852 συμμάχεις
1035 1790 1210 1834 τέλεσσάς
1234 1789 1269 1828 τ’
1295 1790 1439 1829 ἄεθλον
1465 1792 1586 1840 μέγαν
1606 1791 1689 1839 Κήκ

153 1837 284 1875 πόνων
309 1835 456 1876 πόλεων
482 1836 580 1885 ἄσφ’
603 1836 815 1886 ὖπερύσαο,
842 1843 1027 1882 Κτενναις
1051 1838 1175 1886 ἄνδρα
1201 1854 1237 1887 μ.
1260 1842 1292 1889 β.
1312 1839 1508 1877 παλάσταν
1535 1838 1689 1877 ἀπολεί-

153 1899 275 1922 ποντα
300 1883 422 1933 μόναν
448 1887 512 1923 ἴαν
539 1884 700 1934 Πάχεων
726 1884 806 1923 ἀπὺ
833 1886 1002 1935 πέμπων.
1053 1887 1225 1925 Meineke
1250 1888 1387 1925 maluit
1416 1887 1569 1930 τέλεσας
1593 1887 1690 1936 μέγα

154 1928 297 1979 ἆθλον,
328 1932 370 1970 ἔκ
395 1947 434 1971 τε
461 1931 590 1974 πόνων
616 1940 753 1981 σφεῖας
778 1932 927 1982 ἔρύσαο.
1250 1935 1254 1943 “

248 1981 308 2018 Fr.
334 1986 391 2018 34.
440 1982 578 2019 Athen.
604 1982 638 2018 X
662 1986 732 2019 430
746 1983 794 2019 A:
832 1981 941 2019 Κατὰ
972 1980 1045 2029 γὰρ
1075 1984 1203 2020 πᾶσαν
1236 1980 1338 2030 ὥραν
1374 1983 1439 2020 καὶ
1470 1985 1688 2029 περίστασιν

154 2029 274 2065 πίνων
305 2025 327 2065 ὁ
354 2027 512 2076 ποιητὴς
543 2024 653 2072 οὗτος
678 2027 902 2077 (Ἀλκαῖος)
934 2028 1159 2077 εὑρίσκεται.
1210 2032 1392 2078 χειμῶνος
1428 2030 1498 2078 μὲν
1532 2029 1573 2067 ἐν
1604 2030 1689 2068 τού-

152 2088 246 2118 τοις·
262 2072 359 2113 “Tea
377 2080 452 2113 κτλ.
474 2098 517 2104 --
538 2077 582 2114 V.
605 2082 636 2114 1.
656 2074 728 2125 ὕει,
754 2078 901 2115 Hecker
919 2080 1048 2124 νίφει
1073 2079 1240 2126 requirit.
1262 2100 1306 2106 —
1328 2077 1370 2115 ἐκ
1390 2076 1428 2114 δ’
1450 2079 1556 2122 ΑΒΡ,
1585 2076 1626 2115 ἐν
1647 2076 1686 2114 δ’

154 2123 229 2161 VL.
251 2145 295 2151 —
321 2121 458 2171 όράνω,
485 2121 610 2170 ὀρανῶ
637 2126 718 2162 cod.
739 2125 886 2162 Fames.
908 2138 967 2172 ap.
989 2126 1175 2172 Ursinum,
1201 2122 1336 2172 ὥρανιό
1357 2126 1464 2172 ΑΒΡ,
1489 2123 1619 2171 ἁρανῶ
1642 2126 1689 2171 V,

154 2168 307 2220 ου’ρανῷ
333 2172 374 2208 L.
426 2171 479 2208 cf.
505 2172 707 2211 Herodian.
732 2172 820 2220 περὶ
844 2187 926 2220 μον.
952 2172 1026 2218 λέξ.
1053 2178 1086 2219 ’1,
1113 2178 1176 2211 272
1212 2171 1373 2215 Ἀλκαῖος
1405 2172 1447 2210 δὲ
1480 2174 1546 2209 καὶ
1578 2172 1632 2215 εἰς
1658 2179 1687 2209 ὦ

154 2215 413 2265 ἀποφαίνεται
436 2217 478 2256 τὸ
506 2217 628 2279 ὄνομα
652 2220 719 2257 καὶ
743 2216 889 2267 ὥρανὸς
913 2219 1033 2267 λέγων
1058 2219 1156 2257 κατὰ
1183 2218 1325 2268 τροπὴν
1355 2218 1423 2267 τὴν
1450 2226 1495 2256 ού
1522 2218 1687 2266 διφθόγ-

179 2279 223 2303 ου
250 2265 305 2307 εἰς
327 2264 398 2312 τὴν
423 2271 451 2302 ὦ
478 2266 544 2303 καὶ
567 2280 663 2304 ανευ
687 2268 754 2304 τοῦ
781 2273 804 2304 ῢ
832 2265 980 2314 ὅρανός.
1016 2290 1058 2295 -
1095 2269 1139 2305 V.
1166 2273 1200 2306 2.
1232 2266 1465 2314 πεπάγασιν,
1496 2265 1688 2313 πεπάγασι

153 2280 260 2359 {Vh
285 2312 475 2359 πεπήγασι
501 2315 548 2359 Β,
572 2316 770 2361 utrumque
794 2316 838 2353 A.
881 2315 1026 2352 Ahrens
1050 2313 1282 2362 πεπάγαισιν
1307 2316 1476 2362 requirit.
1504 2312 1546 2342 '‘—
1584 2316 1627 2353 V.
1653 2321 1686 2351 3.

153 2358 338 2408 κάββαλλε
366 2360 442 2407 VL,
473 2358 663 2444 migssoelh
689 2362 761 2399 ΒΡ.
796 2384 840 2389 —--
872 2363 917 2401 V.
943 2367 977 2400 4.
1003 2364 1151 2409 κίρναις
1175 2365 1217 2409 L,
1249 2363 1395 2409 κιρναίς
1420 2363 1465 2407 V,
1491 2360 1622 2407 κιρνὰς
1648 2363 1687 2407 C,

154 2413 300 2454 κιρναῖς
323 2408 397 2445 ΑΡ.
435 2430 483 2436 -
554 2437 563 2445 .
589 2413 623 2445 5.
649 2414 670 2445 6
702 2421 774 2446 om.
801 2410 841 2447 C.
879 2431 926 2438 —
963 2411 1006 2448 V.
1034 2415 1067 2448 5.
1099 2407 1222 2456 αὐτάρ
1248 2412 1287 2446 et
1311 2407 1407 2455 ἀτάρ
1439 2410 1555 2446 etiam
1586 2411 1687 2456 apud

154 2455 356 2493 Aeolenses
376 2456 603 2492 tralaticium
624 2458 819 2493 accentum
838 2457 998 2494 retinere
1017 2458 1155 2495 docent
1178 2458 1427 2505 grammatici,
1453 2457 1527 2494 vid.
1543 2458 1687 2494 Ahrens

153 2503 198 2541 D.
224 2504 328 2540 Aeol.
356 2507 418 2549 10,
450 2504 517 2540 sed
548 2504 593 2540 de
624 2505 760 2541 vocula
784 2501 904 2551 αὖτάρ
930 2506 1095 2551 haesito,
1132 2505 1436 2560 quandoquidem
1469 2505 1508 2540 in
1533 2504 1688 2541 Homeri

154 2550 383 2587 carminibus
408 2552 560 2588 omnino
586 2551 642 2587 ita
666 2551 889 2598 collocatur,
921 2553 965 2589 ut
994 2553 1098 2600 prior
1122 2552 1269 2598 syllaba
1293 2553 1371 2589 ictu
1396 2551 1569 2598 feriatur,
1600 2551 1687 2588 inde

155 2598 347 2643 conficias,
386 2598 501 2636 etiam
534 2598 678 2635 Ionicos
709 2600 841 2645 poetas
873 2601 1048 2655 antiquos
1078 2595 1200 2646 αὖταρ
1231 2599 1540 2658 pronuntiavisse.
1592 2599 1685 2636 Item

156 2647 334 2682 accentus
359 2645 462 2682 vocis
482 2642 595 2683 οὐδέν
620 2646 663 2682 fr.
685 2651 742 2690 35,
756 2650 777 2682 2
804 2648 842 2683 et
860 2646 952 2684 alibi
970 2648 1144 2684 mcertus.
1158 2668 1203 2674 -
1223 2646 1323 2693 αμφὶ
1342 2644 1473 2696 κόρσᾳ,
1498 2644 1686 2693 α’μφικόρ-

154 2704 219 2729 σαι
242 2692 284 2738 P,
315 2689 340 2729 ἆ
402 2691 548 2739 ικέρσαι
573 2693 612 2730 Β.
641 2715 683 2720 ——
721 2694 765 2731 V.
792 2699 824 2731 6.
850 2690 950 2752 ἄμφι
975 2724 983 2732 .
1012 2723 1019 2731 .
1045 2692 1278 2740 γνόφαλλον,
1304 2694 1333 2730 Β
1359 2690 1687 2740 ἄμφιγνόφαλλον,

155 2739 219 2776 PV
253 2737 336 2787 ἀμφ
386 2738 618 2787 γνόφαλλον,
658 2741 686 2777 L
718 2737 818 2787 ἀμφὶ
848 2744 1079 2787 γναφαλλον.
1131 2741 1316 2798 Supplent
1350 2737 1687 2789 ἄμφιτίθηῂίθει),

154 2783 396 2834 ἀμφιτίθεις,
419 2785 657 2837 ἀμφιβαλών.
707 2789 879 2835 Hartung
904 2785 1105 2834 μάλθακον
1132 2785 1338 2834 ἕσσαμενος
1361 2801 1417 2834 γν.

250 2835 307 2872 Fr.
334 2839 391 2872 35.
441 2835 579 2872 Athen.
604 2835 637 2871 X
662 2839 733 2872 430
746 2836 792 2871 B:
822 2832 885 2872 Ἐν
918 2834 961 2872 δὲ
993 2839 1071 2877 τοῖς
1096 2832 1594 2883 συμπτώμασιν,(Ἀλιιαῖος)·
1622 2833 1685 2873 Οό

155 2879 236 2928 χρὴ
256 2885 331 2920 κτλ.
352 2903 397 2909 --
422 2882 466 2920 V.
489 2887 520 2919 1.
546 2884 688 2930 θῦμον,
712 2882 842 2931 θυμὸν
869 2881 1091 2930 Stephanus,
1117 2883 1231 2931 vulgo
1249 2884 1388 2931 μῦθον.
1411 2905 1454 2910 -
1481 2881 1686 2931 ἐπιτρέπην

226 2947 356 2974 Porus
375 2948 454 2975 Lu.
487 2949 545 2975 111.
1359 2948 1399 2979 11
