1864 3126
189 143 275 184 216
514 182 516 186 ,
756 140 948 177 ΡΟΕΤΑΕ
973 140 1148 177 MELICI.

249 249 496 307 Κύπριδος·
528 252 652 292 κείνα
685 247 734 292 δὲ
770 247 1027 306 Τυνδαρέου
1058 246 1210 305 κόραις

249 320 536 379 χολωσαμένη
571 318 788 376 διγάμους
817 335 863 363 τε
893 318 967 362 καὶ
998 317 1241 375 τριγοὲμους
1271 321 1451 374 τίθησιν

216 392 323 437 5καὶ
355 390 660 448 λιπεσάνορας.

836 487 1075 539 *27.[21]

311 587 484 625 Pausan.
514 585 556 623 II
590 586 656 634 22,
684 587 726 623 6:
759 584 939 635 Πλησίον
971 581 1013 622 δὲ
1044 586 1121 623 τῶν
1147 579 1325 622 Ἀνάκων
1351 582 1584 631 Εἰλειθυίας
1615 581 1717 622 ἐστὶν

192 648 314 704 ἱερὸν,
346 646 538 701 ἀνάθημα
564 645 742 700 Ἑλένης,
782 643 844 688 ὅτε
881 644 955 687 σὺν
992 647 1170 702 Πειρίθῳ
1207 645 1367 699 Θησέως
1398 643 1640 695 ἀπελθόντος
1664 647 1718 695 εἰς

197 712 454 768 Θεσπρωτοὺς
475 710 652 765 ’Ἄφιδνά
675 728 713 753 τε
743 709 822 753 ὑπὸ
854 710 1110 765 Διοσκούρων
1141 709 1240 752 έάλω
1271 711 1337 752 καὶ
1361 709 1473 765 ἤγετο
1505 713 1559 761 εἰς
1590 715 1718 752 Λακε-

195 782 364 834 δαίμονα
388 776 546 831 Ἑλένη·
579 778 678 831 ἔχειν
709 777 779 830 μὲν
810 775 883 831 γὰρ
916 773 1039 828 αὐτὴν
1070 775 1249 830 λέγουσιν
1280 776 1323 817 ἐν
1353 778 1500 830 γαστρί,
1529 779 1719 818 τεκοῦσαν

195 845 237 887 δὲ
277 846 319 886 έν
347 843 481 898 ’Ἀργει
517 843 584 883 καὶ
625 846 693 896 τῆς
736 844 968 891 Εἰλειθυίας
1011 840 1276 894 ἱδρυσαμένην
1314 839 1356 882 τὸ
1393 839 1499 895 ἱερὸν
1540 838 1612 894 τὴν
1650 839 1721 894 μὲν

195 911 332 961 παῖδα,
362 905 415 961 ἣν
446 908 566 960 ἔτεκε,
599 904 923 962 Κλυταιμνήστρᾳ
962 908 1122 958 δοῦναι,
1160 911 1357 948 συνοικεῖν
1394 904 1467 961 γὰρ
1503 904 1582 959 ἤδη
1613 909 1720 947 Κλυ-
1752 957 1755 959 ‚

195 972 457 1028 ταιμνήστραν
482 971 757 1028 Ἀγαμέμνονι·
791 969 915 1024 αὐτὴν
946 971 988 1012 δὲ
1018 970 1180 1025 ὕστερον
1203 969 1351 1013 τούτων
1376 969 1570 1028 Μενελάῳ
1596 968 1720 1026 γήμα-

197 1045 302 1081 σθαι.
366 1038 446 1079 Καὶ
483 1038 546 1078 ἐπὶ
583 1037 682 1094 τῷδε
720 1034 942 1089 Εὐφορίων
980 1035 1199 1086 Χαλκιδεὺς
1235 1037 1300 1077 καὶ
1337 1034 1589 1090 Πλευρώνιος
1623 1034 1722 1076 Ἀλέ-

197 1106 374 1157 ξανδρος
405 1101 593 1156 πρότερον
626 1101 668 1143 δὲ
699 1103 753 1143 ἔτι
783 1103 1024 1155 Στησίχορος
1056 1100 1077 1144 ὃ
1102 1099 1294 1157 Ἱμεραῖος
1324 1099 1421 1142 κατὰ
1452 1099 1573 1142 ταῦτά
1598 1113 1722 1153 φασιν

192 1168 379 1224 Ἀργείοις
414 1167 573 1221 Θησέως
605 1164 705 1208 εἶναι
735 1166 933 1220 θυγατέρα
962 1164 1205 1222 Ἰφιγένειαν.
1269 1167 1327 1207 Cf.
1359 1181 1461 1217 quae
1499 1168 1598 1206 dixit
1629 1167 1725 1205 Mei-

198 1237 300 1276 neke
332 1237 382 1275 ad
406 1236 583 1285 Euphor.
602 1236 650 1275 fr.
672 1236 744 1273 61:
776 1227 921 1273 οὕνεκα
954 1230 1004 1285 δή
1036 1249 1102 1285 μιν
1127 1231 1208 1284 Ἰφι
1239 1231 1456 1286 βιησαμένῃ
1481 1229 1620 1285 Ἑλένῃ
1651 1227 1723 1272 ὓπ-

200 1302 370 1354 εγείνατο
406 1300 664 1352 Θησεῖ.Αᾶ
695 1300 885 1339 Helenam
914 1299 1012 1339 haec
1042 1299 1236 1348 ievocavi,
1263 1311 1361 1349 quae
1393 1299 1457 1338 vel
1481 1299 1555 1337 Ilii
1579 1299 1724 1338 excidio

199 1368 264 1407 vel
297 1366 467 1405 Orestiae
497 1365 785 1405 attribuuntur.
894 1363 897 1365 ’

781 1463 783 1465 ·
846 1457 1086 1510 *28.[20]

320 1544 447 1584 Schol.
479 1544 595 1583 Hom.
627 1543 673 1581 Il.
703 1545 736 1581 B
769 1544 872 1582 339:
919 1544 1009 1582 Τῶν
1053 1541 1094 1581 ἐκ
1136 1544 1204 1594 τῆς
1234 1538 1422 1590 Ἑλλάδος
1457 1538 1624 1593 ἀρίστων
1664 1540 1727 1581 ἐπὶ

202 1609 411 1661 μνηστείαν
441 1610 509 1659 τῆς
534 1603 694 1659 Ἑλένης
725 1604 932 1685 παρόντων
969 1604 1035 1647 διὰ
1066 1604 1107 1647 τὸ
1139 1606 1251 1660 γένος
1281 1606 1347 1646 καὶ
1371 1604 1413 1647 τὸ
1439 1604 1727 1656 κάλλος,·Τυν-

202 1669 352 1726 δάρεως
384 1669 404 1713 ὃ
435 1669 577 1725 πατὴρ
593 1688 733 1749 αυτης,
765 1669 818 1720 ὥς
847 1670 949 1720 τινές
980 1685 1095 1724 φασι,
1127 1669 1426 1724 φυλασσόμενος
1457 1668 1512 1724 μή
1541 1687 1633 1712 ποτε
1658 1687 1727 1711 ενα

205 1735 336 1778 αυτῶν
375 1738 588 1790 προκρίνας
624 1733 715 1785 τοὺς
759 1734 900 1785 ἄλλους
937 1735 1105 1790 εχθροὺς
1146 1750 1374 1790 ποιησηται,
1417 1734 1554 1778 κοινὸν
1597 1734 1728 1778 αὐτῶν

205 1803 343 1856 ἐλαβεν
379 1800 517 1855 ὁρκον,
558 1802 584 1855 ἣ
621 1798 700 1854 μὴν
735 1805 787 1857 τῷ
826 1802 1038 1859 ληψομένῳ
1076 1801 1147 1856 τὴν
1184 1804 1308 1844 παῖδα
1350 1799 1596 1858 ἀδικουμένῳ
1639 1801 1727 1855 περι

203 1865 327 1920 αὐτὴν
359 1865 514 1920 σφόδρα
549 1864 700 1915 πάντας
736 1866 961 1919 ἐπαμυνεῖν.
1024 1865 1177 1920 Λιόπερ
1221 1865 1418 1922 Μενελαῳ
1469 1864 1594 1919 αὐτὴν
1630 1867 1728 1907 ἐκδί-

203 1934 317 1974 δωσι·
348 1932 414 1972 καὶ
445 1930 522 1985 μετ’
558 1929 606 1972 οὐ
637 1929 737 1972 πολὺ
769 1928 1036 1985 αρπασθείσης
1067 1930 1187 1985 αὐτῆς
1227 1929 1304 1973 ὑπὸ
1337 1928 1595 1984 Ἀλεξάνδρου
1627 1931 1727 1972 ἐκοι-

203 1996 389 2050 νώνησαν
419 2000 464 2052 vg*
496 1998 670 2053 στρατείᾳ
702 1994 766 2037 διὰ
798 1994 889 2045 τούς
907 1996 1155 2051 ’γενομένους
1193 1991 1348 2049 ὅρκους.
1402 1993 1563 2048 Ἱστορεῖ
1589 1996 1726 2048 Στησί-

202 2079 327 2116 χορος.
378 2064 572 2103 Βοΐθιηιηΐ]
603 2064 654 2102 ad
674 2058 791 2102 Ἰλίου
816 2060 966 2114 πέρσιν,
993 2064 1175 2113 equidem
1199 2064 1371 2102 Helenae
1402 2062 1607 2112 adscripsi,
1638 2075 1728 2101 cum

205 2133 324 2169 antea
355 2128 538 2168 Orestiae
569 2128 747 2178 reliquiis
780 2127 1023 2168 adiecissem.

859 2219 927 2262 29.
961 2220 1065 2273 [46.]
1656 2229 1727 2261 982

210 2524 252 2529 -
287 2499 435 2547 λάθετ’,
466 2502 515 2537 BI
545 2500 703 2546 λάθετο,
736 2502 768 2537 Α
798 2498 908 2548 ληθτ’
920 2530 929 2546 ,
960 2502 997 2536 M
1030 2499 1249 2538 ἐπελάθετο.
1289 2522 1334 2527 -
1371 2501 1414 2536 V.
1442 2505 1473 2536 3.
1509 2499 1727 2545 Τυνδαρέου

209 2551 358 2607 scripsi,
384 2550 580 2606 legebabur
608 2530 828 2606 Τυνδάρεω,
853 2549 924 2585 nisi
953 2546 1171 2594 Τυνδάρευς
1196 2549 1320 2592 malis,
1348 2547 1603 2584 Schneidewin
1633 2551 1726 2583 Τυν-

209 2595 340 2644 δάρηο.
361 2618 405 2623 -—
433 2595 562 2656 κόραις
579 2597 623 2641 Α,
649 2595 804 2653 κούραις
822 2596 881 2640 BI,
907 2595 1046 2642 κούρας
1064 2597 1112 2632 Μ.
1134 2617 1177 2622 -
1203 2596 1246 2631 V.
1267 2600 1299 2631 4.
1326 2593 1566 2652 χολωσαμένα
1585 2595 1728 2640 Kleine,

207 2658 243 2680 v,
248 2643 522 2702 χολωσαμένη.
557 2666 598 2670 —-
634 2641 816 2701 διγάμους
845 2657 884 2679 τε
911 2643 976 2679 καὶ
1000 2642 1218 2700 τριγάμους,
1250 2643 1421 2688 Hartung
1451 2640 1632 2698 διγαμους
1655 2656 1727 2687 τρι-

208 2690 353 2747 γάμους
378 2704 428 2727 τε.
456 2713 498 2717 -
526 2692 569 2727 V.
597 2696 629 2727 5.
655 2690 919 2735 λιπεσάνορας,
945 2692 977 2726 Α
1002 2688 1289 2747 λειπεσανορας,
1320 2691 1367 2725 BI
1390 2686 1654 2734 λιπεσήνορας,
1688 2690 1727 2724 Μ

209 2737 440 2793 λιπεσιόρας,
473 2739 570 2775 unde
603 2739 858 2775 Schneidewin
888 2735 1124 2783 λιπεσάορας.
1174 2738 1273 2774 Olim
1305 2735 1551 2781 λιπεσάνορας
1583 2736 1728 2782 ἔμμεν

206 2786 350 2832 scripsi,
368 2789 410 2822 nt
423 2798 570 2822 versum
589 2787 892 2831 redintegrarent),
915 2786 979 2821 sed
998 2787 1112 2831 poeta
1131 2785 1286 2820 fortasse
1306 2783 1524 2841 logaoedico
1541 2784 1623 2819 colo
1641 2796 1727 2819 usus

207 2835 278 2869 est
301 2855 342 2859 —
364 2834 575 2879 Blomfield,
600 2833 785 2877 Welcker‚
811 2833 878 2868 alii
902 2833 970 2868 hos
995 2845 1119 2868 versus
1145 2833 1192 2868 ad
1214 2829 1320 2868 Ἰλίου
1345 2830 1476 2876 πέρσιν
1494 2831 1728 2866 rettulerunt.

211 2880 302 2915 Geel
326 2881 486 2916 Orestiae
503 2880 647 2926 tribuit,
673 2892 782 2926 quem
807 2882 918 2916 antea
944 2882 1091 2916 secutus
1111 2891 1203 2924 sum,
1228 2890 1324 2914 nunc
1349 2879 1509 2914 Helenae
1533 2877 1726 2924 adscripsi.
