1864 3126
766 177 1042 215 SIMONIDES.
1583 177 1669 220 477

636 326 1175 372 ΑΝΑΘΗΜΑΤΙΚΑ.

773 428 866 470 131.
900 428 1035 482 [187.]

223 504 284 555 ‚²11
308 508 407 567 μέγ’
439 508 719 568 Ἀθηναίοισι
752 509 877 566 φόως
907 506 1057 566 γένεθ’
1091 506 1211 565 ἡνίκ’
1243 506 1436 565 Ἀριστο-

290 584 449 638 γείτων
469 579 713 639 Ἵππαρχον
745 589 888 625 κτεῖνε
919 580 992 624 καὶ
1018 578 1265 637 Ἁρμόδιος.

771 702 866 745 132.
901 702 1035 755 [188]

220 782 391 829 ’Ἑθνεα
422 785 634 829 Βοιωτῶν
665 783 738 828 καὶ
772 784 1032 828 Χαλκιδέων
1064 782 1343 840 δαμάσαντες

290 858 447 908 παῖδες
473 854 728 912 Ἀθηναίων
761 858 977 913 ἔργμασιν
1010 856 1057 900 ἐκ
1087 854 1284 912 πολέμου

232 929 379 988 δεσμῷ
413 928 461 971 έν
493 924 728 985 ἀχνυόεντι
761 926 952 987 σιδηρέῳ
986 928 1175 983 ἔσβεσαν
1205 923 1359 983 ὕβριν·

290 1001 382 1044 τῶν
413 1000 576 1051 ἵππους
607 998 799 1055 δεκάτην
831 996 1038 1042 Παλλάδι
1069 995 1198 1041 τάσδ’
1233 995 1415 1042 ἀνέθεν.

135 1132 182 1170 cf.
215 1135 335 1180 Anyte
370 1133 481 1171 Anth.
514 1134 620 1171 Plan.
657 1139 724 1170 291
761 1131 974 1183 φριξοκόμᾳ
1010 1131 1095 1170 τόδε
1133 1133 1235 1169 Πανὶ
1268 1133 1334 1169 καὶ
1368 1131 1542 1170 αὖλιάσιν
1576 1132 1671 1170 θέτο

134 1178 304 1228 νύμφαις
336 1182 459 1227 δῶρον
490 1179 566 1218 ὑπὸ
600 1182 759 1223 σκοπιᾶς
785 1179 976 1223 Θεόδοτος
1007 1178 1204 1227 οἰονόμου,
1236 1181 1292 1218 ita
1322 1181 1421 1218 enim
1448 1181 1609 1228 corrigo,
1636 1194 1670 1217 V.

134 1229 274 1276 legitur
297 1227 481 1276 οἰονόμος.
510 1229 557 1266 ad
585 1230 743 1266 eundem
769 1229 921 1265 modum
947 1229 1077 1266 eadem
1103 1229 1154 1265 ib.
1181 1233 1248 1264 231
1282 1226 1368 1264 κατ’
1402 1227 1580 1276 οἰόβατον
1607 1226 1672 1265 δά-

136 1288 241 1313 σκιον
266 1273 371 1322 ὕλην.
411 1278 540 1324 Neque
567 1277 665 1314 enim
693 1277 740 1313 ad
766 1277 912 1323 antiqui
937 1277 1094 1313 alicuius
1120 1276 1283 1323 exempli
1308 1277 1559 1313 imitationem
1585 1278 1672 1312 sunt

135 1325 357 1371 revocanda,
389 1336 617 1370 quamquam
654 1325 794 1371 passim
827 1326 974 1370 Anytae
1011 1325 1202 1378 poematia
1234 1325 1282 1360 ad
1318 1324 1520 1361 Simonidis
1554 1326 1671 1360 artem

136 1383 253 1418 prope
279 1372 473 1417 accedunt,
486 1373 591 1409 velut
609 1374 648 1408 et
666 1373 747 1419 ipsa
766 1372 1000 1418 epigramma
1017 1384 1056 1407 in
1077 1383 1207 1408 canem
1227 1371 1378 1418 scripsit
1390 1373 1538 1417 (Pollux
1552 1372 1584 1408 V
1599 1373 1671 1418 48).

226 1463 579 1513 Ἆναθηματικᾶ.
630 1467 760 1513 Epigr.
799 1471 877 1502 131.
916 1467 1119 1512 Hephaest.
1145 1471 1208 1503 26:
1241 1467 1327 1502 Πᾶν
1360 1465 1496 1513 μέτρον
1528 1466 1582 1508 εἰς
1613 1479 1671 1502 τε-

135 1515 240 1550 λείαν
273 1515 506 1559 περατοῦται
535 1514 653 1559 λέξιν,
685 1510 781 1550 ὅθεν
815 1512 1000 1560 ἕπίληπτά
1028 1511 1104 1550 ἔστι
1135 1512 1181 1550 τά
1215 1515 1373 1550 τοιαῦτα
1405 1516 1670 1561 Σιμωνίδου

136 1559 179 1598 ἐκ
215 1562 291 1598 τῶν
324 1559 549 1608 Ἐπιγραμ
589 1560 724 1598 άτων·
759 1556 805 1597 Ἦ
837 1564 911 1598 κτλ.
959 1560 1013 1597 Cf.
1048 1562 1150 1598 Eust.
1177 1565 1266 1607 984,
1292 1566 1324 1598 8.
1360 1583 1402 1587 -
1430 1563 1474 1598 V.
1504 1567 1534 1598 1.
1569 1559 1673 1607 φόως

137 1609 242 1654 ESA,
266 1620 337 1647 om.
365 1608 521 1646 FIBHC.
547 1576 690 1646 geinde
718 1610 747 1644 A
774 1606 899 1655 γένετ’
927 1606 1042 1655 ἡνίκ’.

231 1656 358 1715 Epigr.
395 1661 472 1693 132.
523 1656 658 1695 Herod.
692 1657 724 1692 V
758 1661 819 1693 77:
863 1658 948 1693 Τῶν
986 1654 1130 1702 λύτρων
1167 1654 1237 1703 τὴν
1274 1655 1438 1703 δεκάτην
1470 1654 1671 1703 ἀνέθηκαν

135 1702 810 1797 ἷὲἰέἷῗιμὲἔοὲἕἱῖῗὲὦῗιέἷῗὲῗ
820 1701 1673 1798 ’τῆὀᾶἶξοῖἶὲἰῗεἓῖῗγεξὲοῗὶτέῗτέῗοῗῖῗνῗ

132 1796 302 1836 ”Emesa
327 1803 402 1836 κτλ.
453 1799 655 1836 Simonidis
680 1811 759 1836 esse
786 1789 897 1836 docet
920 1800 1073 1837 Aristid.
1100 1800 1133 1835 H
1161 1804 1243 1845 512,
1279 1800 1343 1846 qui
1376 1811 1451 1836 una
1476 1812 1559 1836 cum
1586 1800 1671 1837 aliis

138 1847 338 1884 Simonidis
372 1847 656 1893 epigrammatis
688 1849 887 1894 postquam
922 1851 988 1883 142
1021 1847 1239 1894 adscripsit,
1271 1847 1397 1884 affert:
1429 1847 1493 1883 καὶ
1524 1845 1597 1893 πρό
1629 1861 1670 1893 γε

135 1892 295 1931 τούτων·
325 1892 496 1931 ’Ἐθνεα
522 1922 529 1929 .
551 1924 558 1930 .
581 1924 588 1931 .
614 1896 777 1936 παῖδες
804 1891 1074 1941 Ἀθηναίων,
1107 1894 1214 1941 οἶμαι
1244 1893 1345 1941 λέγει
1375 1892 1417 1931 τὸ
1455 1893 1672 1942 ἐπίγραμμα

138 1942 212 1977 καὶ,
228 1940 346 1979 πολλὰ
374 1941 500 1986 ἕτερα·
526 1940 573 1987 νὴ
602 1939 678 1988 Δί’,
704 1939 797 1978 ἀλλὰ
823 1944 943 1979 ταῦτα
967 1940 1106 1978 Ἀττικὰ
1127 1943 1191 1979 καὶ
1210 1941 1438 1989 θερμότερα.
1478 1943 1670 1990 Integrum

137 1989 369 2036 epigramma
398 1990 508 2026 affert
539 1990 654 2029 etiam
684 1990 834 2026 Diodor.
867 1991 1039 2036 Excerpt.
1067 1991 1186 2027 Vatic.
1220 1991 1262 2026 T.
1290 1990 1340 2026 111
1373 1995 1419 2027 40
1451 2004 1476 2027 s.
1504 2003 1538 2037 p.
1565 2003 1600 2027 n.
1635 1993 1673 2026 et

137 2037 251 2073 Anth.
284 2037 361 2074 Pal.
393 2037 443 2072 VI
477 2041 564 2084 343,
599 2039 664 2074 ubi
698 2037 915 2073 inscribitur
951 2038 984 2072 A
1015 2035 1175 2084 ἄδηλον·
1219 2049 1310 2074 corr.
1348 2035 1566 2083 Ἡροδότου.
1617 2038 1671 2075 Cf.

138 2086 333 2130 praeterea
368 2085 414 2121 de
452 2085 524 2121 hoc
561 2087 802 2122 monumento
838 2084 994 2121 Pausan.
1024 2086 1039 2120 l
1065 2089 1130 2131 28,
1155 2090 1188 2121 2.
1223 2085 1364 2123 Himer.
1396 2086 1457 2122 Or.
1484 2087 1515 2121 lI
1543 2090 1598 2122 12.
1629 2107 1667 2111 ——

138 2131 184 2168 V.
210 2136 244 2168 2.
273 2131 452 2178 ἔργμασιν
485 2131 527 2168 ἐκ
566 2131 730 2187 πολέμου
763 2133 911 2179 scripsi,
945 2135 1057 2178 atque
1089 2134 1144 2169 ita
1174 2145 1232 2180 ap.
1260 2132 1347 2170 Her.
1374 2133 1495 2170 ABCd
1521 2136 1559 2169 et
1590 2133 1670 2169 cod.

139 2179 168 2215 P
199 2179 333 2225 Anth.,
365 2177 406 2216 ἐν
438 2178 588 2229 πολέμῳ
621 2181 746 2224 Diod„
780 2177 822 2216 ἐν
859 2179 1025 2227 πολέμου
1058 2181 1173 2227 vulgo
1205 2192 1263 2226 ap.
1292 2181 1540 2224 Herodotum,
1573 2181 1672 2225 quod

139 2237 221 2262 cum
249 2224 487 2274 δαμάσαντες
510 2227 670 2274 iungunt
694 2239 907 2285 perperam:
934 2228 1006 2264 hoc
1031 2228 1062 2264 si
1088 2228 1210 2264 dicere
1231 2228 1412 2264 voluisset
1430 2231 1552 2274 poeta,
1575 2227 1671 2275 ἔργῳ

130 2271 258 2319 ’Aenos
282 2274 343 2320 (cf.
370 2285 428 2320 ep.
451 2279 529 2320 140,
553 2278 593 2320 1).
611 2276 673 2311 vel
698 2288 827 2319 κρατει
852 2274 1018 2321 πολέμου
1040 2276 1111 2322 (ep.
1136 2280 1214 2320 142,
1235 2277 1270 2320 8)
1291 2276 1515 2322 scripsisset,
1540 2287 1670 2321 quem-

139 2321 341 2357 admodum
366 2332 424 2367 ep.
452 2326 531 2367 135,
556 2327 577 2358 3
603 2324 795 2372 ναυμαχίᾳ
822 2319 1062 2369 δαμάσαντες
1093 2323 1270 2369 legimus3
1302 2334 1422 2368 neque
1455 2334 1543 2358 vero
1577 2334 1671 2369 opus

140 2370 198 2404 est
223 2367 302 2404 eius
333 2368 436 2404 modi
467 2369 734 2407 additamento.
786 2370 927 2406 Rettuli
958 2371 1006 2406 ad
1040 2370 1198 2416 ἔσβεσαν
1230 2366 1358 2417 ὕβριν,
1390 2371 1430 2406 id
1466 2370 1566 2416 quod
1591 2371 1671 2406 Ari-

140 2415 254 2452 stides
280 2416 429 2460 suadet,
461 2428 573 2463 quem
604 2413 646 2453 ἐκ
677 2416 841 2462 πολέμου
873 2418 908 2454 le
937 2418 1008 2455 isse
1040 2421 1182 2454 certum
1215 2419 1288 2462 est,
1321 2420 1360 2453 et
1383 2431 1418 2454 v.
1444 2422 1484 2460 4,
1517 2417 1563 2453 de
1598 2429 1672 2463 quo

141 2463 239 2499 infra
263 2464 405 2504 dicam,
432 2463 543 2509 plane
568 2464 732 2510 flagitat:
765 2463 809 2502 ἐκ
834 2429 999 2522 πολξμου
1025 2466 1084 2501 est
1109 2466 1198 2501 bello
1223 2465 1399 2509 confecto,
1431 2466 1477 2500 cf.
1504 2464 1672 2510 Thucyd.

143 2511 156 2546 1
193 2515 260 2547 120
293 2508 335 2548 ἐκ
367 2510 438 2557 μὲν
470 2509 621 2557 εἰρήνης
656 2515 853 2559 πολεμεῖν,
884 2525 928 2548 ευ
962 2511 1004 2548 δὲ
1040 2509 1236 2558 παρασχὸν
1273 2509 1316 2547 ἐκ
1350 2511 1516 2558 πολέμου
1553 2509 1674 2552 εὐθὺς

141 2558 340 2608 ξυμβῆναι,
365 2570 451 2595 nam
477 2558 553 2595 alia
578 2562 636 2594 est
660 2559 756 2595 ratio
781 2559 815 2594 11
840 2564 886 2596 34
902 2562 950 2606 ¹et
974 2563 1019 2596 35
1044 2558 1238 2596 θάπτουσι
1269 2558 1356 2600 τοὺς
1388 2558 1430 2595 ἐκ
1464 2560 1539 2595 τῶν
1563 2558 1671 2595 πολέ-

141 2619 232 2652 μων.
283 2606 400 2642 Poeta
437 2606 544 2642 dicit:
577 2606 770 2651 fregerunt
809 2607 1020 2653 superbiam
1052 2611 1229 2653 cogentes
1261 2607 1429 2653 captivos
1462 2604 1502 2643 ἐν
1538 2606 1674 2648 πέδαις

143 2650 385 2700 ἐργάζεσθαι.
412 2674 458 2680 -
484 2654 526 2689 V.
555 2658 587 2689 3.
614 2651 814 2699 ἅχνυόεντι
840 2654 999 2691 Heckeri
1025 2655 1324 2690 emendationem
1350 2654 1487 2700 recepi,
1507 2665 1580 2700 quo
1607 2654 1672 2690 du·

143 2704 233 2737 cunt
256 2701 344 2737 libri
370 2701 504 2737 Herod.
527 2701 580 2737 Cd
599 2698 821 2747 οἱχνυθέντι,
841 2702 903 2737 ΑΒ
923 2703 963 2737 et
979 2702 1056 2737 Pal.
1077 2701 1191 2737 Anth.
1212 2699 1457 2746 ἀχνυνθὲντι,
1477 2702 1674 2748 legebatur

144 2745 340 2830 ἐκλυόεντι
378 2749 498 2793 male,
535 2759 620 2784 nam
661 2759 786 2805 carcer
816 2749 966 2794 quidem
1001 2748 1254 2784 tenebricosus
1290 2749 1364 2783 dici
1397 2751 1561 2803 poterat,
1598 2760 1671 2785 non

161 2807 265 2832 errea.
290 2796 451 2832 vincula.
503 2796 648 2832 Nomen
674 2808 793 2841 αχνυς
818 2798 980 2832 testatur
1004 2794 1063 2831 Et.
1095 2795 1143 2831 Μ.
1174 2799 1258 2839 182,
1293 2801 1311 2831 1
1344 2795 1533 2853 adscripto
1565 2808 1673 2832 versu

146 2843 223 2925 3)ὶὲ
246 2840 303 2926 Ost
325 2840 610 2926 ὀλοᾳνίιξρὲιίμε’ἔηις1
639 2840 739 2926 ‘igne'
773 2841 1059 2926 dlv‘wt‘mnqli
1091 2840 1201 2898 αἰων,
1233 2843 1344 2925 updel
1367 2840 1543 2890 ἄχνυοεις
1574 2849 1673 2880 recte

152 2902 461 2985 spaitx‘isszh.
489 2903 663 2986 {0⁶33
679 2903 737 2965 -¹¹
751 2901 981 2982 diffisi?
991 2902 1330 2973 D‘3031‘72527'tuzff
1346 2902 1675 2975 ssossssss‘i'fftmdiufi‘.
