1864 3126
763 105 1038 142 SIMONIDES.
1579 103 1669 145 495

229 212 317 272 ἤδη
349 211 435 271 γὰρ
466 212 627 272 χαλκός
656 231 703 258 τε
733 214 879 272 γέρων
910 211 1023 259 αὐτοὶ
1054 230 1100 257 τε
1131 212 1333 270 τέτρυσαι

290 282 436 330 πυκνὰ
465 285 797 344 κραδαινομένα
829 287 941 345 δαΐῳ
974 285 1023 329 ἐν
1053 285 1243 344 πολέμῳ.

770 405 865 449 145.
898 405 1035 459 [202]

220 484 298 541 ’Ἐξ
329 487 399 532 ἐπὶ
429 486 725 545 πεντήκοντα,
759 489 1018 544 Σιμωνίδη,
1049 485 1163 543 ἤραο
1193 484 1388 543 ταύρους

290 559 363 604 καὶ
394 561 626 616 τρίποδας,
657 558 764 617 πρὶν
795 556 920 603 τόνδ’
956 556 1202 615 ἆνθέμεναι
1234 561 1414 602 πίνακα

230 630 414 676 τοσσάκι
448 629 489 675 δ’
526 628 758 688 ἱμερόεντα
790 628 1084 687 διδαξάμενος
1115 627 1252 687 χορὸν
1284 627 1467 686 ἀνδρῶν

290 701 481 756 εὐδόξου
512 705 657 754 Νίκας
688 699 860 758 ἀγλαὸν
890 698 996 759 ἅρμ’
1032 702 1200 758 ἐπέβης.

137 822 244 859 hibet
261 818 338 859 ἆνά
358 822 406 869 (A
425 818 648 867 ἄντικίονα).
667 841 712 847 -
730 819 776 858 V.
795 824 829 858 3.
855 816 953 856 αὐτα
974 820 1246 866 Schneidewin,
1266 820 1379 867 vulgo
1399 816 1508 866 αὐτή.
1549 819 1671 856 Affert

137 870 236 907 hunc
261 881 409 907 versum
435 869 568 905 Suidas
592 881 627 904 v.
649 865 868 924 τετρῦσθαι.
896 889 934 895 -
966 867 1010 903 V.
1031 872 1064 903 4.
1091 867 1187 903 δαΐω
1214 868 1294 904 cod.
1320 868 1350 903 P
1375 879 1500 914 supra,
1525 867 1620 915 δηΐῳ
1647 879 1671 904 a

138 930 186 955 m.
212 930 266 964 pr.
292 919 335 953 ut
360 917 483 962 Plan„
516 915 581 952 ubi
607 915 722 952 etiam
748 914 1041 963 κραδαινομένη.
1069 936 1113 942 -
1140 896 1320 952 Versatur
1343 916 1414 952 hoc
1440 915 1671 962 epigramma

137 965 176 1002 in
200 967 433 1012 argumento,
460 946 561 1010 q’uod
578 963 824 1000 Alexandrini
842 964 977 1009 poetae
997 966 1036 998 et
1055 962 1120 1008 qui
1139 965 1226 1019 post
1244 963 1362 999 secuti
1381 965 1477 1008 sunt,
1498 963 1671 998 certatim

137 1014 412 1055 tractaverunt,
443 1012 572 1057 itaque
603 1011 694 1047 olim
725 1011 818 1046 mihi
847 1010 1040 1057 paradosis
1070 1011 1231 1047 nominis
1258 1009 1465 1047 Simonidei
1498 1013 1672 1057 suspecta

139 1060 222 1097 visa
246 1061 319 1105 est,
352 1039 417 1096 sed
441 1059 563 1096 abieci
587 1058 684 1095 hanc
709 1058 1000 1102 dubitationem,
1026 1058 1332 1104 quandoquidem
1356 1058 1583 1102 Mnasalcas,
1609 1058 1673 1104 qui

135 1107 487 1211 ἓὲξξέξὲὧὶἓ
500 1086 1427 1196 §3222003335255130303222⁶122&ssssssss
1435 1105 1674 1200 ὶῖῗὲῒὲωὲἓ

134 1203 198 1239 vel
220 1202 308 1240 inde
334 1201 526 1247 conficias,
558 1201 660 1248 quod
690 1199 870 1238 reticetur
899 1212 1035 1237 nomen
1061 1201 1159 1246 eius,
1194 1201 1259 1247 qui
1285 1202 1472 1246 quondam
1498 1201 1672 1247 clypeum

135 1250 270 1298 gessit.
294 1250 368 1287 fuit
392 1250 492 1287 enim
517 1250 672 1286 donario
691 1249 872 1287 additum.
910 1248 1046 1286 Kaibel
1066 1246 1322 1285 ἐπιδεικτικὸν
1341 1260 1421 1285 esse
1441 1249 1671 1295 poematium

139 1301 302 1392 eemssp
263 1346 360 1392 pigr.
383 1349 462 1382 145.
506 1345 619 1380 Antb.
641 1344 719 1381 Pal.
741 1345 790 1380 Vl
818 1348 905 1380 213:
932 1356 1024 1381 corr.
1048 1340 1243 1390 Ἀναθημα
1268 1345 1335 1380 τοῦ
1361 1341 1482 1380 αὐτοῦ
1509 1346 1672 1391 (Σιμω-

138 1394 297 1439 νίδου).
346 1392 514 1439 Respicit
538 1393 659 1428 Tzetz
687 1391 972 1438 chi1.1V-‚487
1008 1393 1072 1438 qui
1098 1393 1113 1427 I
1140 1396 1209 1428 636
1241 1392 1351 1428 affert
1376 1393 1608 1438 epigramma.
1634 1392 1673 1427 in

138 1440 370 1477 Simonidem
389 1443 589 1484 mortuum,
609 1438 710 1485 quod
724 1440 774 1474 ad
797 1439 906 1475 huius
927 1439 1211 1475 similitudinem
1231 1440 1481 1485 compositum
1501 1442 1567 1476 est.
1577 1439 1612 1485 *)
1627 1460 1671 1465 —

137 1488 182 1524 V.
210 1493 242 1525 1.
275 1489 481 1581 Σιμωνίδη
483 1485 599 1571 αῆραο
625 1487 748 1544 Tzetz.
781 1487 899 1523 altero
931 1487 1032 1531 loco,
1066 1487 1145 1523 cod.
1182 1487 1261 1523 Pal.
1294 1488 1511 1532 Σιμωνίδης
1540 1484 1672 1542 ἤρατρ,

139 1536 206 1572 sed
229 1547 254 1572 a
567 1555 612 1561 —
638 1532 819 1581 ταύρους,
845 1534 967 1571 Tzetz.
994 1535 1120 1580 νίκας,
1146 1535 1247 1579 quod
1271 1535 1408 1581 probat
1432 1534 1644 1571 Welcker'
1632 1547 1673 1570 ιιι

262 1547 395 1619 ‹E'm

138 1595 262 1630 appen
304 1594 345 1620 ee
376 1583 501 1630 trilog.
510 1548 704 1628 ⁰Aeschyl.
735 1594 772 1629 p.
798 1586 885 1627 242,
919 1584 1020 1618 recte
1051 1582 1271 1619 adversante
1304 1581 1600 1619 Schneidewino.
1628 1603 1672 1608 -

139 1667 185 1704 V.
210 1671 244 1704 8.
270 1667 351 1704 cod.
378 1666 456 1704 Pal.
482 1643 667 1713 ἅνθέμεν.
689 1686 733 1692 -
754 1666 799 1702 V
824 1670 857 1702 3.
884 1663 1038 1702 τοσσάκι
1063 1661 1115 1710 δ’,
1140 1665 1288 1702 Hecker
1311 1662 1495 1706 τοσσάκις.
1518 1686 1561 1692 —-
1582 1665 1625 1702 V.
1640 1670 1672 1703 4

140 1714 656 1760 Ncnoee‚fort.1vtng.—
683 1713 778 1749 Mihi
810 1714 1043 1760 epigramma
1073 1725 1147 1750 non
1178 1713 1367 1759 integrum
1398 1724 1479 1749 esse
1511 1712 1673 1758 videtur,

138 1762 297 1799 fortasse
322 1762 370 1798 ad
395 1763 466 1798 hoc
491 1762 614 1815 ipsum
639 1762 870 1808 poematium
894 1760 1129 1797 referendum
1150 1761 1335 1797 distichon
1355 1760 1471 1807 epigr.
1495 1765 1574 1806 146,
1599 1772 1675 1796 non

138 1812 267 1847 tamen
300 1809 478 1847 continuo
513 1808 571 1845 his
603 1810 782 1863 quattuor
818 1808 988 1846 versibus
1026 1808 1343 1855 subiungendum,
1381 1808 1448 1844 sed
1483 1808 1675 1844 intercidit

139 1856 348 1901 distichon,
379 1868 452 1902 quo
479 1856 690 1893 Simomdes
724 1857 801 1893 fere
832 1856 871 1892 id
897 1856 1032 1893 dixisse
1057 1856 1222 1900 videtur,
1255 1856 1355 1902 quod
1387 1856 1548 1902 legimus
1574 1856 1675 1902 apud

139 1904 410 1951 Xenophanem
437 1908 469 1948 ’1,
489 1908 528 1940 4:
555 1905 662 1950 εἴπερ
688 1901 761 1950 ἐγὼ
786 1903 873 1950 περὶ
897 1900 1012 1940 τῶνδ’
1042 1902 1130 1940 οἶδα
1153 1902 1278 1949 λέγειν
1303 1901 1457 1950 ἐτυμως.
1507 1904 1677 1940 Pertinet

140 1955 268 1989 autem
299 1952 432 1999 opinor
462 1952 696 2007 epigramma
725 1952 795 1988 hoc
827 1952 877 1987 ad
914 1952 1072 1988 eandem
1110 1951 1325 1997 victoriam,
1363 1963 1477 1997 quam
1515 1963 1572 1998 ep.
1607 1955 1673 1987 147

139 2000 339 2083 {iffmtt
357 1999 468 2035 huius
498 1999 677 2036 victoriae
705 2011 793 2046 ergo
820 1999 1027 2035 Simonides
1058 1999 1242 2045 tabulam,
1276 1999 1461 2045 choregus
1488 1999 1674 2045 tripodem

214 2058 312 2084 lcavi

235 2095 367 2152 Epigr.
395 2099 475 2131 146.
517 2093 629 2132 Arist.
661 2094 697 2130 II
728 2099 813 2131 510·
849 2091 1062 2152 Ἐτόλμησε
1077 2095 1180 2141 γοῦν
1213 2095 1505 2150 (Σιμωνίδης)
1536 2093 1675 2130 εἰπεῖν·

141 2139 398 2189 Μνήμην..
421 2140 620 2201 λιιοφαρ
630 2142 765 2198 ίζειν
791 2142 895 2178 τουτὶ
919 2141 992 2188 γὰρ
1019 2139 1087 2188 οὐχ
1114 2142 1241 2187 ἕτερος
1266 2137 1390 2188 δήπου
1411 2141 1497 2187 περὶ
1517 2143 1583 2177 τοῦ
1603 2143 1674 2176 Σι-

142 2190 346 2248 μωνίδοὺ
374 2189 494 2235 λέγει,
525 2186 608 2227 uu’
643 2186 759 2231 αὐτὸς
789 2189 844 2231 εἰς
877 2187 1014 2226 ἑαυτὸν
1051 2191 1277 2236 πεποίηκεν·
1315 2191 1380 2225 ἵνα
1417 2189 1460 2226 δὲ
1499 2186 1549 2235 μὴ
1583 2187 1675 2235 δόξῃ

143 2235 230 2278 νέος
254 2250 308 2273 ων
333 2235 390 2273 ἔτι
414 2236 480 2272 καὶ
511 2234 764 2292 ὦραϊζόμενος
794 2237 936 2283 λέγειν,
973 2237 1094 2274 ταῦτα
1128 2238 1393 2283 προστύθησιν·
1428 2233 1675 2282 Ὀγδωκον-

142 2282 250 2321 ταέτ
264 2296 304 2320 ει
336 2287 414 2321 κτλ.
462 2283 616 2331 Elegiae
646 2284 898 2331 fragmentum
926 2266 1191 2322 Schneidewin
1223 2296 1304 2320 esse
1330 2286 1465 2320 censet.
1518 2283 1601 2319 Vid.
1628 2283 1676 2319 ad

142 2343 200 2378 ep.
225 2334 304 2367 146.
323 2296 587 2368 Adulterinum
607 2334 734 2368 censet
751 2331 897 2377 Kaibel,
923 2332 1051 2368 fictum
1070 2333 1118 2369 ab
1143 2333 1288 2368 incerto
1313 2332 1478 2376 homine,
1502 2331 1567 2377 qui
1592 2342 1677 2367 cum

145 2379 185 2415 in
209 2378 478 2416 commentario
504 2379 818 2425 epigrammatum
837 2379 1038 2416 Simonidis
1057 2380 1106 2416 ad
1125 2392 1182 2427 ep.
1199 2383 1265 2415 147
1287 2379 1561 2425 chronographi
1574 2378 1676 2414 Parii

239 2487 275 2534 ⁸)
300 2486 497 2524 Novieium
523 2485 595 2522 hoo
620 2487 659 2522 et
683 2486 926 2541 proletarium
952 2497 1117 2531 carmen,
1142 2487 1174 2523 si
1194 2486 1370 2523 Dflbnero
1395 2485 1497 2528 fides,
1524 2484 1676 2521 Schnei-

145 2533 268 2572 dewin
293 2535 439 2589 Bacchy
442 2533 511 2570 lidi
541 2533 734 2579 attribuit,
767 2534 832 2570 sed
862 2545 983 2580 neque
1013 2534 1053 2570 ιιι
1092 2535 1148 2571 ed.
1183 2534 1270 2570 Sim.
1305 2545 1424 2579 neque
1456 2534 1495 2569 ιιι
1527 2533 1677 2570 delectu

147 2582 274 2628 (utroq
275 2593 322 2618 ue
354 2582 453 2619 enim
484 2582 567 2618 loco
599 2581 799 2627 repetitum
833 2582 892 2618 est
921 2581 1167 2628 epigramma)
1200 2582 1292 2617 haec
1324 2593 1345 2616 o
1373 2580 1450 2617 inio
1481 2580 1519 2616 ιιι
1551 2580 1677 2617 medio

144 2629 371 2713 grogosita
400 2628 602 2666 Simonidis
624 2637 853 2686 germanum
883 2629 1116 2686 epitaphium
1147 2629 1311 2684 respexit
1341 2594 1592 2721 {animaohus
1626 2629 1676 2673 (v.

274 2690 297 2714 v
334 2677 564 2732 Σιμωνίδης)
590 2673 681 2712 ουδὲ
707 2673 751 2711 τὸ
776 2673 930 2730 γράμμα
953 2673 1107 2731 ᾐδέσθη
1134 2674 1176 2712 τὸ
1209 2675 1318 2721 λέγον
1374 2672 1477 2711 ὐἷα
1501 2674 1677 2721 Λεωπρέ-

147 2736 239 2766 neoc
262 2726 419 2760 κεισθαι
442 2721 564 2770 Κήὶον
589 2720 731 2769 ἄνδρα,
762 2722 828 2768 qui
863 2722 1009 2759 videtur
1038 2723 1155 2807 ipsius
1190 2722 1294 2759 tituli
1325 2723 1440 2759 verba
1470 2722 1676 2768 iteravisse,

147 2772 191 2807 ut
219 2771 296 2808 iam
320 2774 502 2818 appareat
526 2771 715 2807 diversum
749 2771 820 2806 hoc
853 2781 932 2807 esse
960 2771 1008 2806 ab
1033 2782 1054 2806 e
1071 2782 1176 2816 ogio,
1207 2770 1305 2815 quod
1331 2770 1484 2807 Tzetzes
1515 2770 1676 2807 exhibet.

146 2818 197 2855 Et
219 2829 443 2903 {ignauum
473 2819 624 2865 quidem
656 2817 890 2865 epitaphium
922 2818 1186 2864 Bacchylidem
1218 2818 1471 2863 composuisse
1507 2818 1586 2855 veri
1620 2820 1677 2855 est

146 2865 179 2902 si
313 2879 377 2903 um
