<?xml version="1.0" encoding="UTF-8"?>
<!DOCTYPE html PUBLIC "-//W3C//DTD XHTML 1.0 Transitional//EN"
    "http://www.w3.org/TR/xhtml1/DTD/xhtml1-transitional.dtd">
<html xmlns="http://www.w3.org/1999/xhtml" xml:lang="en" lang="en">
 <head>
  <title>
</title>
<meta http-equiv="Content-Type" content="text/html;charset=utf-8" />
  <meta name='ocr-system' content='tesseract 3.04.00' />
  <meta name='ocr-capabilities' content='ocr_page ocr_carea ocr_par ocr_line ocrx_word'/>
</head>
<body>
  <div class='ocr_page' id='page_1' title='image "./poetaelyricigrae03berguoft_0092.png"; bbox 0 0 1864 3126; ppageno 0'>
   <div class='ocr_carea' id='block_1_1' title="bbox 810 751 1765 906">
    <p class='ocr_par' dir='ltr' id='par_1_1' title="bbox 810 751 1765 906">
     <span class='ocr_line' id='line_1_1' title="bbox 970 751 1765 796; baseline 0.001 -2"><span class='ocrx_word' id='word_1_1' title='bbox 970 751 1045 795; x_wconf 91' lang='lat' dir='ltr'>VI.</span> <span class='ocrx_word' id='word_1_2' title='bbox 1694 763 1765 796; x_wconf 75' lang='lat'>874</span> 
     </span>
     <span class='ocr_line' id='line_1_2' title="bbox 810 856 1196 906; baseline -0.003 0"><span class='ocrx_word' id='word_1_3' title='bbox 810 856 844 906; x_wconf 84' lang='lat' dir='ltr'>S</span> <span class='ocrx_word' id='word_1_4' title='bbox 870 857 916 905; x_wconf 94' lang='lat' dir='ltr'>A</span> <span class='ocrx_word' id='word_1_5' title='bbox 939 857 981 906; x_wconf 91' lang='lat' dir='ltr'>P</span> <span class='ocrx_word' id='word_1_6' title='bbox 1004 858 1045 905; x_wconf 90' lang='lat' dir='ltr'>P</span> <span class='ocrx_word' id='word_1_7' title='bbox 1068 857 1119 905; x_wconf 92' lang='lat' dir='ltr'>H</span> <span class='ocrx_word' id='word_1_8' title='bbox 1143 857 1196 906; x_wconf 93' lang='grc' dir='ltr'>Ο.</span> 
     </span>
    </p>
   </div>
   <div class='ocr_carea' id='block_1_2' title="bbox 242 993 1765 1134">
    <p class='ocr_par' dir='ltr' id='par_1_2' title="bbox 242 993 1765 1134">
     <span class='ocr_line' id='line_1_3' title="bbox 337 993 1765 1040; baseline 0.001 -12"><span class='ocrx_word' id='word_1_9' title='bbox 337 994 392 1029; x_wconf 90' lang='lat' dir='ltr'>De</span> <span class='ocrx_word' id='word_1_10' title='bbox 407 994 578 1040; x_wconf 76' lang='lat' dir='ltr'>Sapphus</span> <span class='ocrx_word' id='word_1_11' title='bbox 598 996 636 1029; x_wconf 86' lang='lat' dir='ltr'>et</span> <span class='ocrx_word' id='word_1_12' title='bbox 657 995 787 1030; x_wconf 80' lang='lat' dir='ltr'><em>Alcaei</em></span> <span class='ocrx_word' id='word_1_13' title='bbox 805 994 972 1039; x_wconf 87' lang='lat' dir='ltr'>reliquiis</span> <span class='ocrx_word' id='word_1_14' title='bbox 992 994 1218 1039; x_wconf 87' lang='lat' dir='ltr'>seripserunt</span> <span class='ocrx_word' id='word_1_15' title='bbox 1235 994 1406 1039; x_wconf 85' lang='lat' dir='ltr'>inprimis</span> <span class='ocrx_word' id='word_1_16' title='bbox 1425 993 1563 1030; x_wconf 80' lang='lat' dir='ltr'>Seidler</span> <span class='ocrx_word' id='word_1_17' title='bbox 1581 994 1619 1030; x_wconf 91' lang='lat' dir='ltr'>in</span> <span class='ocrx_word' id='word_1_18' title='bbox 1635 993 1765 1030; x_wconf 84' lang='lat' dir='ltr'>Museo</span> 
     </span>
     <span class='ocr_line' id='line_1_4' title="bbox 242 1041 1765 1087; baseline 0.001 -11"><span class='ocrx_word' id='word_1_19' title='bbox 242 1042 422 1077; x_wconf 85' lang='lat' dir='ltr'>Rhenano</span> <span class='ocrx_word' id='word_1_20' title='bbox 450 1045 540 1077; x_wconf 84' lang='lat'>1829</span> <span class='ocrx_word' id='word_1_21' title='bbox 566 1054 601 1087; x_wconf 92' lang='lat' dir='ltr'>p.</span> <span class='ocrx_word' id='word_1_22' title='bbox 630 1045 696 1076; x_wconf 79' lang='lat'>156</span> <span class='ocrx_word' id='word_1_23' title='bbox 712 1053 787 1087; x_wconf 90' lang='lat' dir='ltr'>seq.</span> <span class='ocrx_word' id='word_1_24' title='bbox 821 1053 882 1087; x_wconf 73' lang='lat' dir='ltr'>eqo</span> <span class='ocrx_word' id='word_1_25' title='bbox 906 1041 995 1076; x_wconf 88' lang='lat' dir='ltr'>ibid.</span> <span class='ocrx_word' id='word_1_26' title='bbox 1026 1045 1116 1077; x_wconf 84' lang='lat'>1835</span> <span class='ocrx_word' id='word_1_27' title='bbox 1142 1054 1177 1087; x_wconf 90' lang='lat' dir='ltr'>p.</span> <span class='ocrx_word' id='word_1_28' title='bbox 1204 1045 1272 1077; x_wconf 82' lang='lat'>209</span> <span class='ocrx_word' id='word_1_29' title='bbox 1294 1052 1395 1087; x_wconf 82' lang='lat' dir='ltr'>seqq.</span> <span class='ocrx_word' id='word_1_30' title='bbox 1433 1042 1577 1077; x_wconf 74' lang='lat' dir='ltr'>Ahrens</span> <span class='ocrx_word' id='word_1_31' title='bbox 1606 1042 1696 1077; x_wconf 90' lang='lat' dir='ltr'>ibid.</span> <span class='ocrx_word' id='word_1_32' title='bbox 1723 1042 1765 1077; x_wconf 86' lang='grc' dir='ltr'>Τ.</span> 
     </span>
     <span class='ocr_line' id='line_1_5' title="bbox 242 1088 1765 1134; baseline 0.001 -11"><span class='ocrx_word' id='word_1_33' title='bbox 242 1089 294 1123; x_wconf 89' lang='lat' dir='ltr'>VI</span> <span class='ocrx_word' id='word_1_34' title='bbox 320 1093 388 1124; x_wconf 79' lang='grc'>216</span> <span class='ocrx_word' id='word_1_35' title='bbox 410 1100 483 1134; x_wconf 84' lang='lat' dir='ltr'>seq.</span> <span class='ocrx_word' id='word_1_36' title='bbox 511 1089 549 1124; x_wconf 91' lang='lat' dir='ltr'>et</span> <span class='ocrx_word' id='word_1_37' title='bbox 574 1092 641 1123; x_wconf 88' lang='lat'>351</span> <span class='ocrx_word' id='word_1_38' title='bbox 664 1101 766 1134; x_wconf 83' lang='lat' dir='ltr'><strong>seqq.</strong></span> <span class='ocrx_word' id='word_1_39' title='bbox 794 1091 832 1125; x_wconf 85' lang='lat' dir='ltr'>et</span> <span class='ocrx_word' id='word_1_40' title='bbox 855 1090 894 1124; x_wconf 92' lang='lat' dir='ltr'>in</span> <span class='ocrx_word' id='word_1_41' title='bbox 913 1089 1005 1123; x_wconf 91' lang='lat' dir='ltr'>Mus.</span> <span class='ocrx_word' id='word_1_42' title='bbox 1026 1089 1142 1124; x_wconf 85' lang='lat' dir='ltr'>Rhen.</span> <span class='ocrx_word' id='word_1_43' title='bbox 1163 1088 1269 1124; x_wconf 90' lang='lat' dir='ltr'>Novo</span> <span class='ocrx_word' id='word_1_44' title='bbox 1290 1089 1332 1124; x_wconf 88' lang='lat' dir='ltr'>T.</span> <span class='ocrx_word' id='word_1_45' title='bbox 1351 1090 1365 1123; x_wconf 97' lang='lat' dir='ltr'>I</span> <span class='ocrx_word' id='word_1_46' title='bbox 1386 1101 1423 1134; x_wconf 91' lang='lat' dir='ltr'>p.</span> <span class='ocrx_word' id='word_1_47' title='bbox 1444 1092 1512 1124; x_wconf 81' lang='lat'>382</span> <span class='ocrx_word' id='word_1_48' title='bbox 1527 1100 1627 1134; x_wconf 86' lang='lat' dir='ltr'>seqq.</span> <span class='ocrx_word' id='word_1_49' title='bbox 1659 1088 1765 1124; x_wconf 84' lang='lat' dir='ltr'><strong>Adde</strong></span> 
     </span>
    </p>
   </div>
   <div class='ocr_carea' id='block_1_3' title="bbox 243 1135 1818 1182">
    <p class='ocr_par' dir='ltr' id='par_1_3' title="bbox 243 1135 1818 1182">
     <span class='ocr_line' id='line_1_6' title="bbox 243 1135 1818 1182; baseline 0 -11"><span class='ocrx_word' id='word_1_50' title='bbox 243 1136 288 1171; x_wconf 89' lang='lat' dir='ltr'>de</span> <span class='ocrx_word' id='word_1_51' title='bbox 314 1136 401 1171; x_wconf 90' lang='lat' dir='ltr'>dial.</span> <span class='ocrx_word' id='word_1_52' title='bbox 427 1135 530 1172; x_wconf 92' lang='lat' dir='ltr'>Aeol.</span> <span class='ocrx_word' id='word_1_53' title='bbox 557 1140 624 1171; x_wconf 79' lang='lat'>241</span> <span class='ocrx_word' id='word_1_54' title='bbox 646 1147 746 1181; x_wconf 88' lang='lat' dir='ltr'>seqq.</span> <span class='ocrx_word' id='word_1_55' title='bbox 774 1138 812 1172; x_wconf 89' lang='lat' dir='ltr'>et</span> <span class='ocrx_word' id='word_1_56' title='bbox 837 1137 882 1172; x_wconf 90' lang='lat' dir='ltr'>de</span> <span class='ocrx_word' id='word_1_57' title='bbox 908 1135 1004 1171; x_wconf 88' lang='lat' dir='ltr'>Dial.</span> <span class='ocrx_word' id='word_1_58' title='bbox 1031 1135 1115 1171; x_wconf 88' lang='lat' dir='ltr'>Dor.</span> <span class='ocrx_word' id='word_1_59' title='bbox 1137 1140 1205 1171; x_wconf 83' lang='lat'>536</span> <span class='ocrx_word' id='word_1_60' title='bbox 1226 1147 1327 1181; x_wconf 83' lang='lat' dir='ltr'><strong>seqq.</strong></span> <span class='ocrx_word' id='word_1_61' title='bbox 1365 1136 1559 1172; x_wconf 72' lang='lat' dir='ltr'>Hermann</span> <span class='ocrx_word' id='word_1_62' title='bbox 1582 1136 1622 1171; x_wconf 85' lang='lat' dir='ltr'>in</span> <span class='ocrx_word' id='word_1_63' title='bbox 1648 1136 1766 1182; x_wconf 84' lang='lat' dir='ltr'>Opus·</span> <span class='ocrx_word' id='word_1_64' title='bbox 1812 1160 1818 1162; x_wconf 56' lang='lat'>&lt;</span> 
     </span>
    </p>
   </div>
   <div class='ocr_carea' id='block_1_4' title="bbox 239 1182 1794 2409">
    <p class='ocr_par' dir='ltr' id='par_1_4' title="bbox 241 1182 1794 2409">
     <span class='ocr_line' id='line_1_7' title="bbox 243 1182 1767 1229; baseline 0 -10"><span class='ocrx_word' id='word_1_65' title='bbox 243 1183 336 1219; x_wconf 85' lang='lat' dir='ltr'>culis</span> <span class='ocrx_word' id='word_1_66' title='bbox 362 1183 413 1219; x_wconf 91' lang='lat' dir='ltr'>VI</span> <span class='ocrx_word' id='word_1_67' title='bbox 441 1188 506 1220; x_wconf 83' lang='lat'>102</span> <span class='ocrx_word' id='word_1_68' title='bbox 534 1182 635 1228; x_wconf 76' lang='lat' dir='ltr'>seqq.</span> <span class='ocrx_word' id='word_1_69' title='bbox 675 1204 719 1209; x_wconf 88' lang='lat'>—</span> <span class='ocrx_word' id='word_1_70' title='bbox 757 1183 928 1228; x_wconf 77' lang='lat' dir='ltr'><strong><em>Sapphus</em></strong></span> <span class='ocrx_word' id='word_1_71' title='bbox 959 1183 1123 1218; x_wconf 88' lang='lat' dir='ltr'>earmina</span> <span class='ocrx_word' id='word_1_72' title='bbox 1153 1195 1176 1219; x_wconf 86' lang='lat' dir='ltr'>a</span> <span class='ocrx_word' id='word_1_73' title='bbox 1206 1183 1460 1228; x_wconf 74' lang='lat' dir='ltr'>grammaticis</span> <span class='ocrx_word' id='word_1_74' title='bbox 1498 1182 1554 1219; x_wconf 84' lang='lat' dir='ltr'>ita</span> <span class='ocrx_word' id='word_1_75' title='bbox 1584 1182 1767 1229; x_wconf 85' lang='lat' dir='ltr'>disposita.</span> 
     </span>
     <span class='ocr_line' id='line_1_8' title="bbox 241 1230 1766 1276; baseline 0 -10"><span class='ocrx_word' id='word_1_76' title='bbox 241 1231 401 1275; x_wconf 86' lang='lat' dir='ltr'>fuerunt,</span> <span class='ocrx_word' id='word_1_77' title='bbox 427 1232 470 1266; x_wconf 86' lang='lat' dir='ltr'>ut</span> <span class='ocrx_word' id='word_1_78' title='bbox 493 1241 627 1266; x_wconf 88' lang='lat' dir='ltr'>novem</span> <span class='ocrx_word' id='word_1_79' title='bbox 651 1231 755 1266; x_wconf 84' lang='lat' dir='ltr'>libris</span> <span class='ocrx_word' id='word_1_80' title='bbox 775 1231 1041 1276; x_wconf 84' lang='lat' dir='ltr'>comprehensa</span> <span class='ocrx_word' id='word_1_81' title='bbox 1059 1232 1190 1274; x_wconf 77' lang='lat' dir='ltr'><strong>essent,</strong></span> <span class='ocrx_word' id='word_1_82' title='bbox 1217 1242 1260 1266; x_wconf 83' lang='lat' dir='ltr'>ao</span> <span class='ocrx_word' id='word_1_83' title='bbox 1280 1231 1435 1266; x_wconf 84' lang='lat' dir='ltr'>subinde</span> <span class='ocrx_word' id='word_1_84' title='bbox 1453 1231 1643 1275; x_wconf 86' lang='lat' dir='ltr'>librorum,</span> <span class='ocrx_word' id='word_1_85' title='bbox 1669 1230 1766 1266; x_wconf 91' lang='lat' dir='ltr'>unde</span> 
     </span>
     <span class='ocr_line' id='line_1_9' title="bbox 242 1277 1766 1324; baseline -0.001 -11"><span class='ocrx_word' id='word_1_86' title='bbox 242 1278 362 1322; x_wconf 88' lang='lat' dir='ltr'>petita</span> <span class='ocrx_word' id='word_1_87' title='bbox 387 1279 474 1313; x_wconf 83' lang='lat' dir='ltr'>sunt</span> <span class='ocrx_word' id='word_1_88' title='bbox 498 1278 718 1323; x_wconf 72' lang='lat' dir='ltr'>fragmenta,</span> <span class='ocrx_word' id='word_1_89' title='bbox 743 1289 918 1314; x_wconf 86' lang='lat' dir='ltr'>numerus</span> <span class='ocrx_word' id='word_1_90' title='bbox 935 1277 1131 1313; x_wconf 84' lang='lat' dir='ltr'>indicatur.</span> <span class='ocrx_word' id='word_1_91' title='bbox 1169 1279 1247 1313; x_wconf 84' lang='lat' dir='ltr'>Iam</span> <span class='ocrx_word' id='word_1_92' title='bbox 1275 1277 1478 1313; x_wconf 82' lang='lat' dir='ltr'>seeundum</span> <span class='ocrx_word' id='word_1_93' title='bbox 1502 1277 1766 1324; x_wconf 78' lang='lat' dir='ltr'>grammaticos</span> 
     </span>
     <span class='ocr_line' id='line_1_10' title="bbox 242 1324 1768 1372; baseline 0.001 -13"><span class='ocrx_word' id='word_1_94' title='bbox 242 1325 338 1360; x_wconf 87' lang='lat' dir='ltr'>liber</span> <span class='ocrx_word' id='word_1_95' title='bbox 369 1326 385 1360; x_wconf 97' lang='lat' dir='ltr'>I</span> <span class='ocrx_word' id='word_1_96' title='bbox 417 1325 758 1371; x_wconf 84' lang='lat' dir='ltr'>comprehendebat</span> <span class='ocrx_word' id='word_1_97' title='bbox 795 1336 840 1360; x_wconf 85' lang='lat' dir='ltr'>ea</span> <span class='ocrx_word' id='word_1_98' title='bbox 869 1324 1052 1369; x_wconf 81' lang='lat' dir='ltr'>earmina,</span> <span class='ocrx_word' id='word_1_99' title='bbox 1084 1335 1179 1370; x_wconf 87' lang='lat' dir='ltr'>quae</span> <span class='ocrx_word' id='word_1_100' title='bbox 1212 1325 1406 1372; x_wconf 81' lang='lat' dir='ltr'>Sapphieis</span> <span class='ocrx_word' id='word_1_101' title='bbox 1441 1325 1602 1370; x_wconf 87' lang='lat' dir='ltr'>strophis</span> <span class='ocrx_word' id='word_1_102' title='bbox 1640 1325 1768 1360; x_wconf 78' lang='lat' dir='ltr'>vineta</span> 
     </span>
     <span class='ocr_line' id='line_1_11' title="bbox 241 1371 1766 1417; baseline 0.001 -11"><span class='ocrx_word' id='word_1_103' title='bbox 241 1372 392 1407; x_wconf 86' lang='lat' dir='ltr'>fuerunt</span> <span class='ocrx_word' id='word_1_104' title='bbox 416 1372 502 1417; x_wconf 88' lang='lat' dir='ltr'>(vid.</span> <span class='ocrx_word' id='word_1_105' title='bbox 530 1371 669 1407; x_wconf 85' lang='lat' dir='ltr'>Marius</span> <span class='ocrx_word' id='word_1_106' title='bbox 688 1372 783 1409; x_wconf 90' lang='lat' dir='ltr'>Plot.</span> <span class='ocrx_word' id='word_1_107' title='bbox 804 1377 884 1408; x_wconf 80' lang='lat'>299.</span> <span class='ocrx_word' id='word_1_108' title='bbox 923 1372 1045 1407; x_wconf 85' lang='lat' dir='ltr'>Schol.</span> <span class='ocrx_word' id='word_1_109' title='bbox 1066 1374 1172 1407; x_wconf 86' lang='lat' dir='ltr'>metr.</span> <span class='ocrx_word' id='word_1_110' title='bbox 1193 1372 1297 1408; x_wconf 88' lang='lat' dir='ltr'>Pind.</span> <span class='ocrx_word' id='word_1_111' title='bbox 1317 1373 1371 1417; x_wconf 85' lang='lat' dir='ltr'>Py</span> <span class='ocrx_word' id='word_1_112' title='bbox 1373 1373 1426 1407; x_wconf 85' lang='lat' dir='ltr'>th.</span> <span class='ocrx_word' id='word_1_113' title='bbox 1447 1373 1474 1408; x_wconf 97' lang='lat' dir='ltr'>I</span> <span class='ocrx_word' id='word_1_114' title='bbox 1494 1371 1630 1407; x_wconf 82' lang='lat' dir='ltr'>Tricha</span> <span class='ocrx_word' id='word_1_115' title='bbox 1650 1372 1766 1416; x_wconf 64' lang='lat'>69³⁸»,</span> 
     </span>
     <span class='ocr_line' id='line_1_12' title="bbox 241 1419 1766 1523; baseline 0 -22"><span class='ocrx_word' id='word_1_116' title='bbox 241 1420 605 1502; x_wconf 57' lang='lat' dir='ltr'>ff‘sssse1f21‘123ffl21</span> <span class='ocrx_word' id='word_1_117' title='bbox 617 1419 1589 1523; x_wconf 51' lang='lat' dir='ltr'>{3⁷³}ssssassssssdcgfflssffihffldlsussffdlsst’ss&#39;ssmflssfffiffeffii</span> <span class='ocrx_word' id='word_1_118' title='bbox 1615 1478 1651 1522; x_wconf 73' lang='lat' dir='ltr'>p</span> <span class='ocrx_word' id='word_1_119' title='bbox 1681 1419 1766 1502; x_wconf 75' lang='grc' dir='ltr'>ΓΓΓ</span> 
     </span>
     <span class='ocr_line' id='line_1_13' title="bbox 242 1510 1767 1574; baseline -0.001 -25"><span class='ocrx_word' id='word_1_120' title='bbox 242 1511 352 1549; x_wconf 79' lang='grc' dir='ltr'><strong><em>κοινὰ</em></strong></span> <span class='ocrx_word' id='word_1_121' title='bbox 380 1512 434 1559; x_wconf 86' lang='grc' dir='ltr'><strong><em>δέ,</em></strong></span> <span class='ocrx_word' id='word_1_122' title='bbox 460 1511 532 1549; x_wconf 78' lang='grc' dir='ltr'><strong><em>ὅσα</em></strong></span> <span class='ocrx_word' id='word_1_123' title='bbox 557 1510 631 1548; x_wconf 84' lang='grc' dir='ltr'><strong><em>υπὸ</em></strong></span> <span class='ocrx_word' id='word_1_124' title='bbox 657 1511 888 1574; x_wconf 64' lang='grc' dir='ltr'><strong><em>συστήματος</em></strong></span> <span class='ocrx_word' id='word_1_125' title='bbox 901 1514 982 1571; x_wconf 78' lang='grc' dir='ltr'><strong><em>μὲν</em></strong></span> <span class='ocrx_word' id='word_1_126' title='bbox 1008 1518 1314 1558; x_wconf 77' lang='grc' dir='ltr'><strong><em>καταμετρεῖται,</em></strong></span> <span class='ocrx_word' id='word_1_127' title='bbox 1341 1510 1433 1548; x_wconf 78' lang='grc' dir='ltr'><strong><em>αὐτὸ</em></strong></span> <span class='ocrx_word' id='word_1_128' title='bbox 1461 1512 1503 1549; x_wconf 75' lang='grc' dir='ltr'>δὲ</span> <span class='ocrx_word' id='word_1_129' title='bbox 1529 1511 1571 1549; x_wconf 88' lang='grc' dir='ltr'><strong><em>τὸ</em></strong></span> <span class='ocrx_word' id='word_1_130' title='bbox 1599 1511 1767 1559; x_wconf 80' lang='grc' dir='ltr'><strong><em>σύστημα</em></strong></span> 
     </span>
     <span class='ocr_line' id='line_1_14' title="bbox 246 1543 1767 1620; baseline -0.001 -24"><span class='ocrx_word' id='word_1_131' title='bbox 246 1560 324 1620; x_wconf 75' lang='grc' dir='ltr'><strong><em>ἔχει</em></strong></span> <span class='ocrx_word' id='word_1_132' title='bbox 336 1543 625 1613; x_wconf 76' lang='grc' dir='ltr'><strong><em>πληρούμενον·</em></strong></span> <span class='ocrx_word' id='word_1_133' title='bbox 652 1560 715 1596; x_wconf 85' lang='grc' dir='ltr'>οἱά</span> <span class='ocrx_word' id='word_1_134' title='bbox 744 1559 838 1596; x_wconf 80' lang='grc' dir='ltr'><strong><em>ἐστι</em></strong></span> <span class='ocrx_word' id='word_1_135' title='bbox 862 1559 914 1597; x_wconf 76' lang='grc' dir='ltr'><strong><em>τὰ</em></strong></span> <span class='ocrx_word' id='word_1_136' title='bbox 943 1558 989 1596; x_wconf 79' lang='grc' dir='ltr'><strong><em>ἑν</em></strong></span> <span class='ocrx_word' id='word_1_137' title='bbox 1014 1561 1070 1608; x_wconf 83' lang='grc' dir='ltr'><strong><em>τῷ</em></strong></span> <span class='ocrx_word' id='word_1_138' title='bbox 1098 1559 1294 1618; x_wconf 79' lang='grc' dir='ltr'><strong><em>δευτέρῳ</em></strong></span> <span class='ocrx_word' id='word_1_139' title='bbox 1320 1562 1384 1596; x_wconf 80' lang='grc' dir='ltr'><strong><em>καὶ</em></strong></span> <span class='ocrx_word' id='word_1_140' title='bbox 1409 1562 1542 1608; x_wconf 80' lang='grc' dir='ltr'><strong><em>τρίτῳ</em></strong></span> <span class='ocrx_word' id='word_1_141' title='bbox 1554 1560 1767 1618; x_wconf 77' lang='grc' dir='ltr'><strong><em>Σαπφοῦς,</em></strong></span> 
     </span>
     <span class='ocr_line' id='line_1_15' title="bbox 243 1597 1766 1665; baseline -0.001 -21"><span class='ocrx_word' id='word_1_142' title='bbox 243 1606 285 1644; x_wconf 79' lang='grc' dir='ltr'><strong><em>ἐν</em></strong></span> <span class='ocrx_word' id='word_1_143' title='bbox 311 1607 367 1649; x_wconf 79' lang='grc' dir='ltr'>οἷς</span> <span class='ocrx_word' id='word_1_144' title='bbox 391 1613 683 1655; x_wconf 79' lang='grc' dir='ltr'><strong><em>καταμετρεῖται</em></strong></span> <span class='ocrx_word' id='word_1_145' title='bbox 708 1607 776 1665; x_wconf 74' lang='grc' dir='ltr'><strong><em>μὲν</em></strong></span> <span class='ocrx_word' id='word_1_146' title='bbox 803 1606 877 1644; x_wconf 77' lang='grc' dir='ltr'><strong><em>ὑπὸ</em></strong></span> <span class='ocrx_word' id='word_1_147' title='bbox 905 1610 1102 1653; x_wconf 85' lang='grc' dir='ltr'><strong><em>διστιχίας,</em></strong></span> <span class='ocrx_word' id='word_1_148' title='bbox 1129 1605 1223 1653; x_wconf 84' lang='grc' dir='ltr'><strong><em>αὖτὴ</em></strong></span> <span class='ocrx_word' id='word_1_149' title='bbox 1251 1607 1292 1644; x_wconf 76' lang='grc' dir='ltr'>δὲ</span> <span class='ocrx_word' id='word_1_150' title='bbox 1319 1605 1341 1653; x_wconf 85' lang='grc' dir='ltr'>ὴ</span> <span class='ocrx_word' id='word_1_151' title='bbox 1368 1597 1528 1652; x_wconf 80' lang='grc' dir='ltr'><strong><em>διστιχίά</em></strong></span> <span class='ocrx_word' id='word_1_152' title='bbox 1532 1604 1659 1665; x_wconf 84' lang='grc' dir='ltr'><strong><em>ὁμοία</em></strong></span> <span class='ocrx_word' id='word_1_153' title='bbox 1679 1605 1766 1644; x_wconf 79' lang='grc' dir='ltr'><strong><em>ἐστι’.</em></strong></span> 
     </span>
     <span class='ocr_line' id='line_1_16' title="bbox 242 1651 1766 1714; baseline -0.001 -23"><span class='ocrx_word' id='word_1_154' title='bbox 242 1656 368 1691; x_wconf 82' lang='lat' dir='ltr'>confer</span> <span class='ocrx_word' id='word_1_155' title='bbox 399 1656 489 1691; x_wconf 85' lang='lat' dir='ltr'>ibid.</span> <span class='ocrx_word' id='word_1_156' title='bbox 521 1669 556 1713; x_wconf 89' lang='lat' dir='ltr'>p.</span> <span class='ocrx_word' id='word_1_157' title='bbox 593 1660 676 1692; x_wconf 85' lang='lat'>116:</span> <span class='ocrx_word' id='word_1_158' title='bbox 708 1654 891 1714; x_wconf 85' lang='grc' dir='ltr'><strong><em>Σύστημα</em></strong></span> <span class='ocrx_word' id='word_1_159' title='bbox 922 1654 964 1690; x_wconf 86' lang='grc' dir='ltr'>δέ</span> <span class='ocrx_word' id='word_1_160' title='bbox 996 1654 1073 1691; x_wconf 81' lang='grc' dir='ltr'><strong><em>ἐστι</em></strong></span> <span class='ocrx_word' id='word_1_161' title='bbox 1104 1654 1262 1714; x_wconf 87' lang='grc' dir='ltr'><strong><em>μέτρων</em></strong></span> <span class='ocrx_word' id='word_1_162' title='bbox 1279 1654 1493 1712; x_wconf 87' lang='grc' dir='ltr'><strong><em>συναγωγή,</em></strong></span> <span class='ocrx_word' id='word_1_163' title='bbox 1527 1652 1609 1700; x_wconf 84' lang='grc' dir='ltr'><strong><em>ἦτοι</em></strong></span> <span class='ocrx_word' id='word_1_164' title='bbox 1641 1652 1711 1690; x_wconf 89' lang='grc' dir='ltr'>δύο</span> <span class='ocrx_word' id='word_1_165' title='bbox 1741 1651 1766 1700; x_wconf 84' lang='grc' dir='ltr'><em>ἢ</em></span> 
     </span>
     <span class='ocr_line' id='line_1_17' title="bbox 242 1699 1767 1763; baseline -0.001 -25"><span class='ocrx_word' id='word_1_166' title='bbox 242 1701 443 1748; x_wconf 89' lang='grc' dir='ltr'><strong><em>πλειόνων,</em></strong></span> <span class='ocrx_word' id='word_1_167' title='bbox 475 1700 519 1763; x_wconf 80' lang='grc' dir='ltr'><em>ἢ</em></span> <span class='ocrx_word' id='word_1_168' title='bbox 532 1701 673 1759; x_wconf 87' lang='grc' dir='ltr'><strong><em>ὁμοίων</em></strong></span> <span class='ocrx_word' id='word_1_169' title='bbox 704 1700 727 1748; x_wconf 80' lang='grc' dir='ltr'>ἢ</span> <span class='ocrx_word' id='word_1_170' title='bbox 761 1702 967 1760; x_wconf 20' lang='grc' dir='ltr'><strong><em>ἄνομοιυων</em></strong></span> <span class='ocrx_word' id='word_1_171' title='bbox 1000 1700 1191 1748; x_wconf 72' lang='grc' dir='ltr'><strong><em>ἀνομοίων</em></strong></span> <span class='ocrx_word' id='word_1_172' title='bbox 1222 1701 1292 1748; x_wconf 76' lang='grc' dir='ltr'><strong><em>μὲν</em></strong></span> <span class='ocrx_word' id='word_1_173' title='bbox 1324 1699 1373 1743; x_wconf 79' lang='grc' dir='ltr'>ὡς</span> <span class='ocrx_word' id='word_1_174' title='bbox 1403 1702 1449 1738; x_wconf 83' lang='grc' dir='ltr'><strong><em>τὰ</em></strong></span> <span class='ocrx_word' id='word_1_175' title='bbox 1482 1699 1647 1760; x_wconf 77' lang='grc' dir='ltr'><strong><em>ἐλεγεῖα,</em></strong></span> <span class='ocrx_word' id='word_1_176' title='bbox 1685 1699 1767 1745; x_wconf 77' lang='grc' dir='ltr'><strong><em>ἑξα-</em></strong></span> 
     </span>
     <span class='ocr_line' id='line_1_18' title="bbox 242 1730 1765 1808; baseline -0.001 -23"><span class='ocrx_word' id='word_1_177' title='bbox 242 1749 376 1807; x_wconf 84' lang='grc' dir='ltr'><strong><em>μέτρου</em></strong></span> <span class='ocrx_word' id='word_1_178' title='bbox 403 1749 474 1808; x_wconf 81' lang='grc' dir='ltr'><strong><em>γάρ</em></strong></span> <span class='ocrx_word' id='word_1_179' title='bbox 502 1747 579 1786; x_wconf 89' lang='grc' dir='ltr'><strong><em>ε’στι</em></strong></span> <span class='ocrx_word' id='word_1_180' title='bbox 604 1747 698 1794; x_wconf 86' lang='grc' dir='ltr'><strong><em>πρὸς</em></strong></span> <span class='ocrx_word' id='word_1_181' title='bbox 722 1763 978 1796; x_wconf 82' lang='grc' dir='ltr'><strong><em>πενταμετρον</em></strong></span> <span class='ocrx_word' id='word_1_182' title='bbox 1005 1751 1200 1793; x_wconf 79' lang='grc' dir='ltr'><strong><em>κοινωνία,</em></strong></span> <span class='ocrx_word' id='word_1_183' title='bbox 1233 1749 1298 1785; x_wconf 76' lang='grc' dir='ltr'><strong><em>καὶ</em></strong></span> <span class='ocrx_word' id='word_1_184' title='bbox 1324 1748 1363 1784; x_wconf 84' lang='grc' dir='ltr'>οἷ</span> <span class='ocrx_word' id='word_1_185' title='bbox 1386 1747 1543 1797; x_wconf 79' lang='grc' dir='ltr'><strong><em>ἐπῳδοί·</em></strong></span> <span class='ocrx_word' id='word_1_186' title='bbox 1574 1747 1616 1785; x_wconf 86' lang='grc' dir='ltr'><strong><em>τὸ</em></strong></span> <span class='ocrx_word' id='word_1_187' title='bbox 1637 1730 1692 1784; x_wconf 76' lang='grc' dir='ltr'>δὲ</span> <span class='ocrx_word' id='word_1_188' title='bbox 1725 1746 1765 1792; x_wconf 77' lang='grc' dir='ltr'>ἐξ</span> 
     </span>
     <span class='ocr_line' id='line_1_19' title="bbox 243 1794 1766 1854; baseline -0.001 -22"><span class='ocrx_word' id='word_1_189' title='bbox 243 1795 396 1843; x_wconf 84' lang='grc' dir='ltr'><strong><em>ὁμοίων,</em></strong></span> <span class='ocrx_word' id='word_1_190' title='bbox 424 1795 473 1838; x_wconf 83' lang='grc' dir='ltr'>ὡς</span> <span class='ocrx_word' id='word_1_191' title='bbox 498 1795 546 1832; x_wconf 86' lang='grc' dir='ltr'><strong><em>τὸ</em></strong></span> <span class='ocrx_word' id='word_1_192' title='bbox 574 1795 800 1840; x_wconf 86' lang='grc' dir='ltr'><strong><em>δεύτερον</em></strong></span> <span class='ocrx_word' id='word_1_193' title='bbox 825 1798 1030 1854; x_wconf 80' lang='grc' dir='ltr'><strong><em>Σαπφοῦς,</em></strong></span> <span class='ocrx_word' id='word_1_194' title='bbox 1056 1794 1105 1837; x_wconf 83' lang='grc' dir='ltr'>ὡς</span> <span class='ocrx_word' id='word_1_195' title='bbox 1129 1794 1326 1854; x_wconf 82' lang='grc' dir='ltr'><strong><em>προϊόντες</em></strong></span> <span class='ocrx_word' id='word_1_196' title='bbox 1345 1798 1535 1853; x_wconf 78' lang='grc' dir='ltr'><strong><em>δείξομεν.</em></strong></span> <span class='ocrx_word' id='word_1_197' title='bbox 1571 1798 1609 1832; x_wconf 83' lang='lat' dir='ltr'>et</span> <span class='ocrx_word' id='word_1_198' title='bbox 1633 1796 1766 1831; x_wconf 88' lang='lat' dir='ltr'>deinde</span> 
     </span>
     <span class='ocr_line' id='line_1_20' title="bbox 241 1841 1767 1903; baseline 0 -24"><span class='ocrx_word' id='word_1_199' title='bbox 241 1857 276 1889; x_wconf 90' lang='lat' dir='ltr'>p.</span> <span class='ocrx_word' id='word_1_200' title='bbox 306 1849 389 1880; x_wconf 81' lang='lat'>117.</span> <span class='ocrx_word' id='word_1_201' title='bbox 429 1843 550 1880; x_wconf 80' lang='grc' dir='ltr'><strong><em>Κοινὰ</em></strong></span> <span class='ocrx_word' id='word_1_202' title='bbox 586 1843 628 1880; x_wconf 76' lang='grc' dir='ltr'>δὲ</span> <span class='ocrx_word' id='word_1_203' title='bbox 661 1842 938 1903; x_wconf 78' lang='grc' dir='ltr'><strong><em>συστηματικά,</em></strong></span> <span class='ocrx_word' id='word_1_204' title='bbox 970 1841 1069 1901; x_wconf 73' lang='grc' dir='ltr'><strong><em>ἅπερ</em></strong></span> <span class='ocrx_word' id='word_1_205' title='bbox 1101 1843 1165 1879; x_wconf 77' lang='grc' dir='ltr'><strong><em>καὶ</em></strong></span> <span class='ocrx_word' id='word_1_206' title='bbox 1202 1841 1222 1879; x_wconf 89' lang='grc' dir='ltr'><strong>ὁ</strong></span> <span class='ocrx_word' id='word_1_207' title='bbox 1261 1842 1357 1879; x_wconf 77' lang='grc' dir='ltr'><strong><em>κατὰ</em></strong></span> <span class='ocrx_word' id='word_1_208' title='bbox 1390 1845 1515 1899; x_wconf 83' lang='grc' dir='ltr'><strong><em>στίχον</em></strong></span> <span class='ocrx_word' id='word_1_209' title='bbox 1546 1841 1767 1889; x_wconf 71' lang='grc' dir='ltr'><strong><em>γεγράφθαι</em></strong></span> 
     </span>
     <span class='ocr_line' id='line_1_21' title="bbox 244 1887 1766 1948; baseline -0.001 -21"><span class='ocrx_word' id='word_1_210' title='bbox 244 1889 418 1937; x_wconf 79' lang='grc' dir='ltr'><strong><em>φάσκων,</em></strong></span> <span class='ocrx_word' id='word_1_211' title='bbox 449 1889 565 1937; x_wconf 80' lang='grc' dir='ltr'>ὑγιῶς</span> <span class='ocrx_word' id='word_1_212' title='bbox 595 1887 644 1926; x_wconf 76' lang='grc' dir='ltr'><strong><em>ὃὶν</em></strong></span> <span class='ocrx_word' id='word_1_213' title='bbox 675 1890 795 1948; x_wconf 80' lang='grc' dir='ltr'><strong><em>λέγοι,</em></strong></span> <span class='ocrx_word' id='word_1_214' title='bbox 827 1891 892 1927; x_wconf 80' lang='grc' dir='ltr'><strong><em>καὶ</em></strong></span> <span class='ocrx_word' id='word_1_215' title='bbox 923 1889 943 1926; x_wconf 90' lang='grc' dir='ltr'><strong>ὁ</strong></span> <span class='ocrx_word' id='word_1_216' title='bbox 969 1889 1065 1927; x_wconf 75' lang='grc' dir='ltr'><strong><em>κατὰ</em></strong></span> <span class='ocrx_word' id='word_1_217' title='bbox 1093 1889 1275 1937; x_wconf 82' lang='grc' dir='ltr'><strong><em>σύστημα·</em></strong></span> <span class='ocrx_word' id='word_1_218' title='bbox 1308 1888 1357 1932; x_wconf 82' lang='grc' dir='ltr'>ὡς</span> <span class='ocrx_word' id='word_1_219' title='bbox 1387 1889 1428 1926; x_wconf 88' lang='grc' dir='ltr'><strong><em>τὸ</em></strong></span> <span class='ocrx_word' id='word_1_220' title='bbox 1458 1889 1677 1947; x_wconf 88' lang='grc' dir='ltr'><strong><em>δεύτερον</em></strong></span> <span class='ocrx_word' id='word_1_221' title='bbox 1702 1890 1766 1926; x_wconf 75' lang='lat' dir='ltr'>nal</span> 
     </span>
     <span class='ocr_line' id='line_1_22' title="bbox 243 1935 1766 1998; baseline 0 -25"><span class='ocrx_word' id='word_1_222' title='bbox 243 1940 397 1995; x_wconf 89' lang='grc' dir='ltr'><strong><em>τρίτον</em></strong></span> <span class='ocrx_word' id='word_1_223' title='bbox 422 1939 622 1984; x_wconf 83' lang='grc' dir='ltr'><strong><em>Σαπφοῦς.</em></strong></span> <span class='ocrx_word' id='word_1_224' title='bbox 668 1936 742 1974; x_wconf 76' lang='grc' dir='ltr'>Διὰ</span> <span class='ocrx_word' id='word_1_225' title='bbox 769 1937 838 1984; x_wconf 76' lang='grc' dir='ltr'><strong><em>μὲν</em></strong></span> <span class='ocrx_word' id='word_1_226' title='bbox 858 1936 935 1998; x_wconf 80' lang='grc' dir='ltr'><strong><em>γὰρ</em></strong></span> <span class='ocrx_word' id='word_1_227' title='bbox 960 1936 1001 1974; x_wconf 89' lang='grc' dir='ltr'><strong><em>τὸ</em></strong></span> <span class='ocrx_word' id='word_1_228' title='bbox 1031 1937 1072 1974; x_wconf 79' lang='grc' dir='ltr'><strong><em>ἐν</em></strong></span> <span class='ocrx_word' id='word_1_229' title='bbox 1097 1943 1174 1979; x_wconf 81' lang='grc' dir='ltr'><strong><em>τοῖς</em></strong></span> <span class='ocrx_word' id='word_1_230' title='bbox 1198 1941 1372 1978; x_wconf 77' lang='grc' dir='ltr'><strong><em>παλαιοῖς</em></strong></span> <span class='ocrx_word' id='word_1_231' title='bbox 1396 1935 1644 1995; x_wconf 72' lang='grc' dir='ltr'><strong><em>ἀντιγράφοις</em></strong></span> <span class='ocrx_word' id='word_1_232' title='bbox 1668 1935 1766 1973; x_wconf 78' lang='grc' dir='ltr'><strong><em>κατὰ</em></strong></span> 
     </span>
     <span class='ocr_line' id='line_1_23' title="bbox 243 1980 1766 2043; baseline -0.001 -22"><span class='ocrx_word' id='word_1_233' title='bbox 243 1985 311 2021; x_wconf 91' lang='grc' dir='ltr'>δύο</span> <span class='ocrx_word' id='word_1_234' title='bbox 339 1983 434 2031; x_wconf 78' lang='grc' dir='ltr'><strong><em>ὁρᾶν</em></strong></span> <span class='ocrx_word' id='word_1_235' title='bbox 442 1984 824 2043; x_wconf 60' lang='grc' dir='ltr'><strong><em>,παραγεγραμμένον</em></strong></span> <span class='ocrx_word' id='word_1_236' title='bbox 857 1986 1013 2022; x_wconf 82' lang='grc' dir='ltr'><strong><em>ε’καστον</em></strong></span> <span class='ocrx_word' id='word_1_237' title='bbox 1046 1980 1164 2043; x_wconf 77' lang='grc' dir='ltr'><strong><em>ᾆσμα,</em></strong></span> <span class='ocrx_word' id='word_1_238' title='bbox 1192 1985 1255 2021; x_wconf 79' lang='grc' dir='ltr'><strong><em>καὶ</em></strong></span> <span class='ocrx_word' id='word_1_239' title='bbox 1282 1984 1335 2021; x_wconf 79' lang='grc' dir='ltr'>ἔτι</span> <span class='ocrx_word' id='word_1_240' title='bbox 1361 1983 1425 2020; x_wconf 79' lang='grc' dir='ltr'>διὰ</span> <span class='ocrx_word' id='word_1_241' title='bbox 1451 1983 1492 2021; x_wconf 86' lang='grc' dir='ltr'><strong><em>τὸ</em></strong></span> <span class='ocrx_word' id='word_1_242' title='bbox 1521 1984 1643 2043; x_wconf 74' lang='grc' dir='ltr'><strong><em>μηδὲν</em></strong></span> <span class='ocrx_word' id='word_1_243' title='bbox 1666 1983 1766 2031; x_wconf 76' lang='grc' dir='ltr'><strong><em>εὑρί-</em></strong></span> 
     </span>
     <span class='ocr_line' id='line_1_24' title="bbox 243 2029 1766 2091; baseline -0.001 -23"><span class='ocrx_word' id='word_1_244' title='bbox 243 2036 402 2068; x_wconf 77' lang='grc' dir='ltr'><strong><em>σκεσθαι</em></strong></span> <span class='ocrx_word' id='word_1_245' title='bbox 429 2030 596 2090; x_wconf 75' lang='grc' dir='ltr'><strong><em>ἀριθμοῦ</em></strong></span> <span class='ocrx_word' id='word_1_246' title='bbox 623 2034 811 2091; x_wconf 81' lang='grc' dir='ltr'><strong><em>περιττοῦ,</em></strong></span> <span class='ocrx_word' id='word_1_247' title='bbox 837 2030 932 2068; x_wconf 79' lang='grc' dir='ltr'><strong><em>κατὰ</em></strong></span> <span class='ocrx_word' id='word_1_248' title='bbox 942 2031 1173 2084; x_wconf 83' lang='grc' dir='ltr'><strong><em>συστήματα</em></strong></span> <span class='ocrx_word' id='word_1_249' title='bbox 1193 2034 1393 2089; x_wconf 82' lang='grc' dir='ltr'><strong><em>νομίζομεν</em></strong></span> <span class='ocrx_word' id='word_1_250' title='bbox 1411 2029 1509 2068; x_wconf 73' lang='grc' dir='ltr'><strong><em>αὐτὰ</em></strong></span> <span class='ocrx_word' id='word_1_251' title='bbox 1529 2030 1766 2078; x_wconf 79' lang='grc' dir='ltr'><strong><em>γεγράφθαι·</em></strong></span> 
     </span>
     <span class='ocr_line' id='line_1_25' title="bbox 242 2077 1766 2138; baseline -0.001 -23"><span class='ocrx_word' id='word_1_252' title='bbox 242 2078 354 2116; x_wconf 86' lang='grc' dir='ltr'><strong><em>πάλιν</em></strong></span> <span class='ocrx_word' id='word_1_253' title='bbox 387 2079 429 2116; x_wconf 76' lang='grc' dir='ltr'>δὲ</span> <span class='ocrx_word' id='word_1_254' title='bbox 461 2082 511 2137; x_wconf 83' lang='grc' dir='ltr'><strong><em>τῷ</em></strong></span> <span class='ocrx_word' id='word_1_255' title='bbox 543 2078 675 2137; x_wconf 88' lang='grc' dir='ltr'><strong><em>όμοιον</em></strong></span> <span class='ocrx_word' id='word_1_256' title='bbox 708 2077 891 2138; x_wconf 74' lang='grc' dir='ltr'><strong><em>ἑκάτερον</em></strong></span> <span class='ocrx_word' id='word_1_257' title='bbox 920 2085 1020 2116; x_wconf 85' lang='grc' dir='ltr'><strong><em>εἰναι</em></strong></span> <span class='ocrx_word' id='word_1_258' title='bbox 1049 2080 1124 2115; x_wconf 79' lang='grc' dir='ltr'>τῶν</span> <span class='ocrx_word' id='word_1_259' title='bbox 1143 2077 1213 2136; x_wconf 58' lang='grc' dir='ltr'>ἐν,</span> <span class='ocrx_word' id='word_1_260' title='bbox 1229 2080 1271 2127; x_wconf 84' lang='grc' dir='ltr'><strong><em>τῇ</em></strong></span> <span class='ocrx_word' id='word_1_261' title='bbox 1304 2077 1419 2115; x_wconf 81' lang='grc' dir='ltr'><strong><em>δυάδι</em></strong></span> <span class='ocrx_word' id='word_1_262' title='bbox 1450 2081 1594 2136; x_wconf 84' lang='grc' dir='ltr'><strong><em>στίχων,</em></strong></span> <span class='ocrx_word' id='word_1_263' title='bbox 1627 2079 1766 2125; x_wconf 77' lang='grc' dir='ltr'><strong><em>καὶτῷ</em></strong></span> 
     </span>
     <span class='ocr_line' id='line_1_26' title="bbox 244 2123 1766 2186; baseline 0 -24"><span class='ocrx_word' id='word_1_264' title='bbox 244 2123 438 2163; x_wconf 87' lang='grc' dir='ltr'><strong><em>δύνασθαι</em></strong></span> <span class='ocrx_word' id='word_1_265' title='bbox 467 2126 536 2173; x_wconf 86' lang='grc' dir='ltr'>τὴν</span> <span class='ocrx_word' id='word_1_266' title='bbox 568 2125 767 2186; x_wconf 84' lang='grc' dir='ltr'><strong><em>ποιήτριαν</em></strong></span> <span class='ocrx_word' id='word_1_267' title='bbox 798 2125 896 2163; x_wconf 71' lang='grc' dir='ltr'><strong><em>κατὰ</em></strong></span> <span class='ocrx_word' id='word_1_268' title='bbox 928 2126 1050 2185; x_wconf 86' lang='grc' dir='ltr'><strong><em>τύχην</em></strong></span> <span class='ocrx_word' id='word_1_269' title='bbox 1075 2125 1158 2162; x_wconf 82' lang='grc' dir='ltr'><strong><em>τινὰ</em></strong></span> <span class='ocrx_word' id='word_1_270' title='bbox 1190 2123 1319 2184; x_wconf 76' lang='grc' dir='ltr'><strong><em>ἀρτίου</em></strong></span> <span class='ocrx_word' id='word_1_271' title='bbox 1353 2125 1478 2162; x_wconf 89' lang='grc' dir='ltr'><strong><em>πάντα</em></strong></span> <span class='ocrx_word' id='word_1_272' title='bbox 1510 2124 1678 2172; x_wconf 75' lang='grc' dir='ltr'><strong><em>ἀριθμοῦ</em></strong></span> <span class='ocrx_word' id='word_1_273' title='bbox 1702 2138 1766 2162; x_wconf 87' lang='grc' dir='ltr'>πε-</span> 
     </span>
     <span class='ocr_line' id='line_1_27' title="bbox 242 2172 1794 2220; baseline -0.001 -10"><span class='ocrx_word' id='word_1_274' title='bbox 242 2173 453 2220; x_wconf 80' lang='grc' dir='ltr'><strong><em>ποιηκέναι,</em></strong></span> <span class='ocrx_word' id='word_1_275' title='bbox 480 2177 575 2220; x_wconf 87' lang='grc' dir='ltr'><strong><em>φαίη</em></strong></span> <span class='ocrx_word' id='word_1_276' title='bbox 601 2188 655 2215; x_wconf 90' lang='grc' dir='ltr'>τις</span> <span class='ocrx_word' id='word_1_277' title='bbox 673 2172 722 2210; x_wconf 69' lang='lat' dir='ltr'>div</span> <span class='ocrx_word' id='word_1_278' title='bbox 742 2173 838 2210; x_wconf 80' lang='grc' dir='ltr'><strong><em>κατὰ</em></strong></span> <span class='ocrx_word' id='word_1_279' title='bbox 859 2176 983 2220; x_wconf 85' lang='grc' dir='ltr'><strong><em>στίχον</em></strong></span> <span class='ocrx_word' id='word_1_280' title='bbox 1003 2172 1100 2210; x_wconf 76' lang='grc' dir='ltr'><strong><em>αυτοὶ</em></strong></span> <span class='ocrx_word' id='word_1_281' title='bbox 1121 2173 1352 2220; x_wconf 81' lang='grc' dir='ltr'><strong><em>γεγράφθαι.</em></strong></span> <span class='ocrx_word' id='word_1_282' title='bbox 1390 2173 1486 2210; x_wconf 86' lang='lat' dir='ltr'>adde</span> <span class='ocrx_word' id='word_1_283' title='bbox 1506 2174 1626 2209; x_wconf 87' lang='lat' dir='ltr'>Tzetz.</span> <span class='ocrx_word' id='word_1_284' title='bbox 1647 2174 1766 2209; x_wconf 82' lang='lat' dir='ltr'>Cram.</span> <span class='ocrx_word' id='word_1_285' title='bbox 1788 2178 1794 2180; x_wconf 59' lang='grc'><em>“</em></span> 
     </span>
     <span class='ocr_line' id='line_1_28' title="bbox 244 2220 1766 2278; baseline -0.001 -22"><span class='ocrx_word' id='word_1_286' title='bbox 244 2223 312 2258; x_wconf 86' lang='grc' dir='ltr'><strong><em>Αιι.</em></strong></span> <span class='ocrx_word' id='word_1_287' title='bbox 339 2222 422 2258; x_wconf 85' lang='lat' dir='ltr'>Par.</span> <span class='ocrx_word' id='word_1_288' title='bbox 448 2223 500 2257; x_wconf 88' lang='lat'>111</span> <span class='ocrx_word' id='word_1_289' title='bbox 527 2227 582 2258; x_wconf 85' lang='lat'>63.</span> <span class='ocrx_word' id='word_1_290' title='bbox 632 2223 681 2257; x_wconf 88' lang='lat' dir='ltr'>Et</span> <span class='ocrx_word' id='word_1_291' title='bbox 704 2222 798 2258; x_wconf 90' lang='lat' dir='ltr'>liber</span> <span class='ocrx_word' id='word_1_292' title='bbox 823 2223 856 2257; x_wconf 91' lang='lat' dir='ltr'>II</span> <span class='ocrx_word' id='word_1_293' title='bbox 889 2221 1228 2267; x_wconf 77' lang='lat' dir='ltr'>comprehendebat</span> <span class='ocrx_word' id='word_1_294' title='bbox 1258 2221 1423 2257; x_wconf 84' lang='lat' dir='ltr'>earmina</span> <span class='ocrx_word' id='word_1_295' title='bbox 1453 2233 1497 2256; x_wconf 84' lang='lat' dir='ltr'>ex</span> <span class='ocrx_word' id='word_1_296' title='bbox 1521 2220 1766 2278; x_wconf 74' lang='lat' dir='ltr'>pentametris</span> 
     </span>
     <span class='ocr_line' id='line_1_29' title="bbox 244 2265 1765 2326; baseline -0.001 -23"><span class='ocrx_word' id='word_1_297' title='bbox 244 2269 397 2304; x_wconf 83' lang='lat' dir='ltr'>aeolicis</span> <span class='ocrx_word' id='word_1_298' title='bbox 424 2269 642 2315; x_wconf 80' lang='lat' dir='ltr'>composita,</span> <span class='ocrx_word' id='word_1_299' title='bbox 669 2269 741 2304; x_wconf 87' lang='lat' dir='ltr'>vid.</span> <span class='ocrx_word' id='word_1_300' title='bbox 770 2270 971 2325; x_wconf 87' lang='lat' dir='ltr'>Hephaest.</span> <span class='ocrx_word' id='word_1_301' title='bbox 997 2281 1033 2314; x_wconf 91' lang='lat' dir='ltr'>p.</span> <span class='ocrx_word' id='word_1_302' title='bbox 1059 2273 1120 2304; x_wconf 79' lang='lat'>42:</span> <span class='ocrx_word' id='word_1_303' title='bbox 1153 2269 1226 2304; x_wconf 82' lang='grc' dir='ltr'>τῶν</span> <span class='ocrx_word' id='word_1_304' title='bbox 1257 2267 1299 2304; x_wconf 78' lang='grc' dir='ltr'>δὲ</span> <span class='ocrx_word' id='word_1_305' title='bbox 1332 2265 1602 2326; x_wconf 78' lang='grc' dir='ltr'><strong><em>ακαταλήκτων</em></strong></span> <span class='ocrx_word' id='word_1_306' title='bbox 1627 2265 1668 2303; x_wconf 85' lang='grc' dir='ltr'><strong><em>τὸ</em></strong></span> <span class='ocrx_word' id='word_1_307' title='bbox 1696 2267 1765 2323; x_wconf 78' lang='grc' dir='ltr'><strong><em>μὲν</em></strong></span> 
     </span>
     <span class='ocr_line' id='line_1_30' title="bbox 239 2311 1767 2366; baseline -0.001 -14.997"><span class='ocrx_word' id='word_1_308' title='bbox 239 2315 499 2366; x_wconf 80' lang='grc' dir='ltr'><strong><em>’πεντάμετρον</em></strong></span> <span class='ocrx_word' id='word_1_309' title='bbox 531 2319 700 2352; x_wconf 82' lang='grc' dir='ltr'><strong><em>καλεῖται</em></strong></span> <span class='ocrx_word' id='word_1_310' title='bbox 731 2314 937 2361; x_wconf 84' lang='grc' dir='ltr'><strong><em>Σαπφικὸν</em></strong></span> <span class='ocrx_word' id='word_1_311' title='bbox 968 2313 1505 2364; x_wconf 77' lang='grc' dir='ltr'><strong><em>τεσσαρεσκαιδεκασύλλαβον,</em></strong></span> <span class='ocrx_word' id='word_1_312' title='bbox 1537 2329 1565 2351; x_wconf 93' lang='grc' dir='ltr'><strong><em>ω</em></strong></span> <span class='ocrx_word' id='word_1_313' title='bbox 1590 2313 1637 2350; x_wconf 89' lang='grc' dir='ltr'><strong><em>τὸ</em></strong></span> <span class='ocrx_word' id='word_1_314' title='bbox 1664 2311 1767 2350; x_wconf 85' lang='grc' dir='ltr'><strong><em>δεύ-</em></strong></span> 
     </span>
     <span class='ocr_line' id='line_1_31' title="bbox 243 2360 946 2409; baseline 0 -10"><span class='ocrx_word' id='word_1_315' title='bbox 243 2376 376 2409; x_wconf 84' lang='grc' dir='ltr'><strong><em>τερον</em></strong></span> <span class='ocrx_word' id='word_1_316' title='bbox 402 2362 590 2409; x_wconf 83' lang='grc' dir='ltr'><strong><em>Σαπφοῦς</em></strong></span> <span class='ocrx_word' id='word_1_317' title='bbox 613 2360 701 2399; x_wconf 79' lang='grc' dir='ltr'><strong><em>ὅλον</em></strong></span> <span class='ocrx_word' id='word_1_318' title='bbox 724 2362 946 2409; x_wconf 82' lang='grc' dir='ltr'><strong><em>γέγραπται·</em></strong></span> 
     </span>
    </p>
   </div>
   <div class='ocr_carea' id='block_1_5' title="bbox 686 2446 1326 2469">
    <p class='ocr_par' dir='ltr' id='par_1_5' title="bbox 686 2446 1326 2469">
     <span class='ocr_line' id='line_1_32' title="bbox 686 2446 1326 2469; baseline 0.002 -1"><span class='ocrx_word' id='word_1_319' title='bbox 686 2446 1326 2469; x_wconf 60' lang='grc' dir='ltr'><strong>ΞΞ-υυ-υυ-υυ-υΞ</strong></span> 
     </span>
    </p>
   </div>
   <div class='ocr_carea' id='block_1_6' title="bbox 243 2531 525 2536">
    <p class='ocr_par' dir='ltr' id='par_1_6' title="bbox 243 2531 525 2536">
     <span class='ocr_line' id='line_1_33' title="bbox 243 2531 525 2536; baseline 0 0"><span class='ocrx_word' id='word_1_320' title='bbox 243 2531 525 2536; x_wconf 95' lang='lat' dir='ltr'> </span> 
     </span>
    </p>
   </div>
   <div class='ocr_carea' id='block_1_7' title="bbox 242 2573 1765 2772">
    <p class='ocr_par' dir='ltr' id='par_1_7' title="bbox 242 2573 1764 2766">
     <span class='ocr_line' id='line_1_34' title="bbox 338 2573 1764 2622; baseline -0.002 -10"><span class='ocrx_word' id='word_1_321' title='bbox 338 2577 372 2622; x_wconf 90' lang='grc'>*)</span> <span class='ocrx_word' id='word_1_322' title='bbox 387 2577 443 2612; x_wconf 93' lang='lat' dir='ltr'>Ne</span> <span class='ocrx_word' id='word_1_323' title='bbox 458 2577 540 2621; x_wconf 88' lang='lat' dir='ltr'>quis</span> <span class='ocrx_word' id='word_1_324' title='bbox 553 2576 762 2612; x_wconf 86' lang='lat' dir='ltr'>inerrorem</span> <span class='ocrx_word' id='word_1_325' title='bbox 772 2576 989 2612; x_wconf 78' lang='lat' dir='ltr'>inducatur</span> <span class='ocrx_word' id='word_1_326' title='bbox 979 2588 1034 2620; x_wconf 87' lang='lat' dir='ltr'>ns</span> <span class='ocrx_word' id='word_1_327' title='bbox 1046 2587 1141 2620; x_wconf 82' lang='lat' dir='ltr'>quae</span> <span class='ocrx_word' id='word_1_328' title='bbox 1150 2574 1466 2611; x_wconf 84' lang='lat' dir='ltr'>Christineomm.</span> <span class='ocrx_word' id='word_1_329' title='bbox 1477 2573 1522 2609; x_wconf 90' lang='lat' dir='ltr'>de</span> <span class='ocrx_word' id='word_1_330' title='bbox 1534 2574 1648 2609; x_wconf 84' lang='lat' dir='ltr'>schol.</span> <span class='ocrx_word' id='word_1_331' title='bbox 1657 2575 1764 2610; x_wconf 84' lang='lat' dir='ltr'>metr.</span> 
     </span>
     <span class='ocr_line' id='line_1_35' title="bbox 244 2623 1765 2669; baseline -0.003 -10"><span class='ocrx_word' id='word_1_332' title='bbox 244 2623 398 2659; x_wconf 85' lang='lat' dir='ltr'>Pindari</span> <span class='ocrx_word' id='word_1_333' title='bbox 423 2624 606 2669; x_wconf 79' lang='lat' dir='ltr'>disseruit,</span> <span class='ocrx_word' id='word_1_334' title='bbox 630 2634 775 2668; x_wconf 89' lang='lat' dir='ltr'>moneo,</span> <span class='ocrx_word' id='word_1_335' title='bbox 796 2624 889 2669; x_wconf 89' lang='lat' dir='ltr'>colo,</span> <span class='ocrx_word' id='word_1_336' title='bbox 915 2634 987 2668; x_wconf 92' lang='lat' dir='ltr'>quo</span> <span class='ocrx_word' id='word_1_337' title='bbox 1007 2623 1187 2658; x_wconf 81' lang='lat' dir='ltr'>Pindarus</span> <span class='ocrx_word' id='word_1_338' title='bbox 1212 2623 1265 2658; x_wconf 91' lang='lat' dir='ltr'>ibi</span> <span class='ocrx_word' id='word_1_339' title='bbox 1284 2634 1370 2658; x_wconf 87' lang='lat' dir='ltr'>usus</span> <span class='ocrx_word' id='word_1_340' title='bbox 1396 2623 1453 2658; x_wconf 86' lang='lat' dir='ltr'>est</span> <span class='ocrx_word' id='word_1_341' title='bbox 1476 2638 1640 2655; x_wconf 68' lang='grc'><strong><em>-----</em></strong></span> <span class='ocrx_word' id='word_1_342' title='bbox 1651 2638 1765 2666; x_wconf 73' lang='grc' dir='ltr'><strong><em>υυ-,</em></strong></span> 
     </span>
     <span class='ocr_line' id='line_1_36' title="bbox 242 2668 1764 2728; baseline -0.002 -22"><span class='ocrx_word' id='word_1_343' title='bbox 242 2682 425 2728; x_wconf 80' lang='lat' dir='ltr'>nusquam</span> <span class='ocrx_word' id='word_1_344' title='bbox 451 2682 554 2706; x_wconf 89' lang='lat' dir='ltr'>usam</span> <span class='ocrx_word' id='word_1_345' title='bbox 581 2683 660 2707; x_wconf 87' lang='lat' dir='ltr'>esse</span> <span class='ocrx_word' id='word_1_346' title='bbox 687 2671 940 2728; x_wconf 87' lang='lat' dir='ltr'>Sapphonem:</span> <span class='ocrx_word' id='word_1_347' title='bbox 966 2670 1066 2715; x_wconf 89' lang='lat' dir='ltr'>quod</span> <span class='ocrx_word' id='word_1_348' title='bbox 1092 2669 1243 2715; x_wconf 85' lang='lat' dir='ltr'>quidem</span> <span class='ocrx_word' id='word_1_349' title='bbox 1263 2681 1328 2705; x_wconf 89' lang='lat' dir='ltr'>suo</span> <span class='ocrx_word' id='word_1_350' title='bbox 1347 2669 1510 2715; x_wconf 85' lang='lat' dir='ltr'>periculo</span> <span class='ocrx_word' id='word_1_351' title='bbox 1530 2668 1764 2714; x_wconf 73' lang='lat' dir='ltr'>magistellos</span> 
     </span>
     <span class='ocr_line' id='line_1_37' title="bbox 245 2715 1764 2772; baseline -0.001 -20"><span class='ocrx_word' id='word_1_352' title='bbox 245 2715 522 2772; x_wconf 79' lang='grc' dir='ltr'><strong><em>ὀκτασύλλαβον</em></strong></span> <span class='ocrx_word' id='word_1_353' title='bbox 559 2717 765 2763; x_wconf 84' lang='grc' dir='ltr'><strong><em>Σαπφικὸν</em></strong></span> <span class='ocrx_word' id='word_1_354' title='bbox 806 2718 990 2764; x_wconf 84' lang='lat' dir='ltr'>appellat,</span> <span class='ocrx_word' id='word_1_355' title='bbox 1028 2716 1205 2762; x_wconf 86' lang='lat' dir='ltr'>quoniam</span> <span class='ocrx_word' id='word_1_356' title='bbox 1243 2729 1287 2753; x_wconf 85' lang='lat' dir='ltr'>ex</span> <span class='ocrx_word' id='word_1_357' title='bbox 1325 2715 1632 2760; x_wconf 81' lang='lat' dir='ltr'>hendecasyllabo</span> <span class='ocrx_word' id='word_1_358' title='bbox 1671 2715 1764 2761; x_wconf 83' lang='lat' dir='ltr'>Sap-</span> 
     </span>
    </p>
   </div>
   <div class='ocr_carea' id='block_1_8' title="bbox 244 2762 1836 2818">
    <p class='ocr_par' dir='ltr' id='par_1_8' title="bbox 244 2762 1836 2818">
     <span class='ocr_line' id='line_1_38' title="bbox 244 2762 1836 2818; baseline -0.001 -19"><span class='ocrx_word' id='word_1_359' title='bbox 244 2764 355 2818; x_wconf 83' lang='lat' dir='ltr'>phico</span> <span class='ocrx_word' id='word_1_360' title='bbox 386 2765 583 2801; x_wconf 86' lang='lat' dir='ltr'>videbatur</span> <span class='ocrx_word' id='word_1_361' title='bbox 621 2766 854 2801; x_wconf 85' lang='lat' dir='ltr'>decurtatum</span> <span class='ocrx_word' id='word_1_362' title='bbox 886 2776 982 2800; x_wconf 86' lang='lat' dir='ltr'>esse:</span> <span class='ocrx_word' id='word_1_363' title='bbox 1014 2765 1084 2800; x_wconf 88' lang='lat' dir='ltr'>hoc</span> <span class='ocrx_word' id='word_1_364' title='bbox 1116 2763 1429 2809; x_wconf 80' lang='lat' dir='ltr'>hendecasyllabo</span> <span class='ocrx_word' id='word_1_365' title='bbox 1461 2762 1551 2797; x_wconf 90' lang='lat' dir='ltr'>dicit</span> <span class='ocrx_word' id='word_1_366' title='bbox 1582 2762 1765 2808; x_wconf 73' lang='lat' dir='ltr'>poetria-m</span> <span class='ocrx_word' id='word_1_367' title='bbox 1833 2764 1836 2767; x_wconf 85' lang='grc'><strong><em>’</em></strong></span> 
     </span>
    </p>
   </div>
   <div class='ocr_carea' id='block_1_9' title="bbox 244 2808 1764 2905">
    <p class='ocr_par' dir='ltr' id='par_1_9' title="bbox 244 2808 1764 2905">
     <span class='ocr_line' id='line_1_39' title="bbox 244 2808 1764 2858; baseline -0.001 -13"><span class='ocrx_word' id='word_1_368' title='bbox 244 2812 283 2846; x_wconf 90' lang='lat' dir='ltr'>in</span> <span class='ocrx_word' id='word_1_369' title='bbox 308 2812 391 2848; x_wconf 90' lang='lat' dir='ltr'>libr.</span> <span class='ocrx_word' id='word_1_370' title='bbox 419 2813 435 2847; x_wconf 94' lang='grc' dir='ltr'><strong>Ι</strong></span> <span class='ocrx_word' id='word_1_371' title='bbox 461 2824 564 2848; x_wconf 82' lang='lat' dir='ltr'>usam</span> <span class='ocrx_word' id='word_1_372' title='bbox 589 2824 685 2857; x_wconf 87' lang='lat' dir='ltr'>esse,</span> <span class='ocrx_word' id='word_1_373' title='bbox 718 2824 830 2858; x_wconf 86' lang='lat' dir='ltr'>quam</span> <span class='ocrx_word' id='word_1_374' title='bbox 855 2811 1071 2847; x_wconf 77' lang='lat' dir='ltr'>memoriam</span> <span class='ocrx_word' id='word_1_375' title='bbox 1102 2811 1254 2856; x_wconf 88' lang='lat' dir='ltr'>repetiit</span> <span class='ocrx_word' id='word_1_376' title='bbox 1277 2822 1321 2846; x_wconf 85' lang='lat' dir='ltr'>ex</span> <span class='ocrx_word' id='word_1_377' title='bbox 1345 2808 1526 2855; x_wconf 86' lang='lat' dir='ltr'>ampliore</span> <span class='ocrx_word' id='word_1_378' title='bbox 1551 2810 1640 2845; x_wconf 92' lang='lat' dir='ltr'>olim</span> <span class='ocrx_word' id='word_1_379' title='bbox 1665 2820 1764 2846; x_wconf 81' lang='lat' dir='ltr'>com-</span> 
     </span>
     <span class='ocr_line' id='line_1_40' title="bbox 244 2858 1070 2905; baseline 0.001 -13"><span class='ocrx_word' id='word_1_380' title='bbox 244 2859 426 2895; x_wconf 84' lang='lat' dir='ltr'>mentario</span> <span class='ocrx_word' id='word_1_381' title='bbox 452 2860 490 2894; x_wconf 87' lang='lat' dir='ltr'>in</span> <span class='ocrx_word' id='word_1_382' title='bbox 516 2860 803 2905; x_wconf 86' lang='lat' dir='ltr'>Hephaestionis</span> <span class='ocrx_word' id='word_1_383' title='bbox 829 2858 1070 2894; x_wconf 78' lang='lat' dir='ltr'>enchiridion.</span> 
     </span>
    </p>
   </div>
  </div>
 </body>
</html>
