1864 3126
234 107 288 149 78
732 125 734 128 ·
798 106 991 142 POETAE
1016 106 1193 143 MELICI.

351 219 509 257 Bekker
542 211 624 266 An.
655 217 695 255 II
734 219 837 256 855:
869 213 916 256 ‘O
950 213 1214 270 ὖποκορισμὸς
1250 214 1376 270 ὄνομά
1414 216 1492 257 ἔστι
1529 213 1755 270 μικρότητος

231 279 471 334 ἐμφαντικὸν
501 281 569 322 καὶ
598 278 734 334 κόραις
765 278 909 329 ἐοικός·
940 279 1178 335 λαμβάνεται
1203 280 1246 322 δὲ
1271 281 1402 323 ἕνεκεν
1432 285 1502 323 τοῦ
1526 281 1756 337 πρέποντος,

231 344 284 396 ὡς
314 344 410 399 παρ’
441 344 643 399 Ἀλκμᾶνι·
676 359 698 384 *
729 359 752 384 *
783 359 806 384 *
837 342 952 398 κόραι
981 343 1056 400 γὰρ
1087 347 1133 386 αἱ
1165 345 1356 400 λέγουσαι.
1417 348 1654 399 Exemplum
1685 348 1757 388 ali-

229 414 334 464 quod
366 414 522 462 excidit,
554 416 675 464 atque
707 413 829 452 etiam
859 425 962 452 nunc
1003 412 1196 462 reliquiae
1227 414 1347 452 huius
1379 416 1520 463 poetae
1551 413 1757 452 abundant

231 475 488 518 deminutivis
529 478 745 518 vocabulis.
807 478 995 518 Ceterum
1038 477 1085 516 cf.
1125 477 1298 517 Cramer.
1335 479 1411 517 An.
1449 477 1520 517 Ox,
1558 477 1616 516 IV
1657 479 1756 527 273,

234 546 306 583 12:
337 538 363 595 ’ἢ
396 539 462 583 διὰ
493 539 535 584 τὸ
560 541 725 596 πρέπον,
752 538 804 591 ὧς
834 537 939 595 παρὰ
969 538 1156 594 Ἀλκμᾶνι
1187 539 1352 595 εὕρομεν
1377 539 1607 595 (legebatur
1631 541 1757 595 ἔχοντι

232 610 302 648 sed
333 609 438 647 infra
464 610 560 658 329,
589 611 639 647 11
669 609 738 648 ubi
770 608 908 647 eadem
934 610 1172 658 repetuntur
1195 604 1402 660 παραλκὰν
1432 604 1597 660 εὕρομεν
1628 604 1757 661 extat)

230 667 300 721 ’ἑὰς
330 671 559 725 παρθένους
597 668 912 726 ὑποκοριστικαῖς
949 670 1149 725 χρωμένας
1186 670 1323 720 λέξεσι·
1360 671 1496 724 πρέπει
1532 669 1607 726 γὰρ
1643 675 1756 713 τοῦτο

230 736 458 791 παρθένοις.
494 759 543 765 —
578 737 782 778 Alcmanis
811 739 984 778 fortasse
1021 751 1165 777 nomen
1195 737 1343 781 Alcaeo
1380 739 1500 778 cessit
1538 734 1658 791 (quae
1688 750 1758 776 no-

233 805 338 842 mina
367 817 392 843 a
421 803 596 843 librariis
629 805 787 854 saepius
829 805 922 844 sunt
952 799 1219 857 permutata):
1250 791 1326 844 rid.
1359 804 1407 843 fr.
1434 803 1571 842 Alcaei
1601 804 1682 842 115
1717 805 1758 841 et

234 871 331 909 144.
364 890 417 895 -—
452 869 592 908 Nauck
624 870 825 909 Alcmanis
857 882 1000 908 nomen
1036 870 1328 909 restituendum
1367 870 1503 908 censet
1541 868 1646 918 apud
1678 867 1758 907 He-

231 934 439 974 rodianum
468 948 508 974 π.
541 949 627 985 μον.
658 933 731 982 λέξ.
765 938 809 986 9,
849 937 923 974 31:
961 930 1182 987 Εὖρυπῶν·
1215 930 1401 985 Ἀλκμάν·
1443 929 1551 973 Οἶσι
1588 929 1624 973 δ’
1665 928 1758 973 Εὐ-

232 1002 413 1053 ρυπῶν,
445 1000 515 1039 ubi
546 1001 695 1050 legitur
733 996 917 1052 εὐρυπῶν
953 994 1116 1050 ἆλκμοῖς
1151 995 1223 1050 ἥδε
1261 998 1420 1051 ῥυπῶν,
1456 1001 1595 1038 contra
1630 998 1757 1038 Lehrs

233 1067 359 1106 edidit
402 1062 623 1118 Εὖρυπῶν“
663 1064 996 1117 Λακεδαιμονίοις
1036 1059 1355 1115 Εὐρυπωντίδαι.
1416 1063 1544 1102 Locus
1584 1063 1759 1103 nondum

231 1133 480 1181 persanatus.
512 1152 566 1157 ——
601 1130 729 1170 Schol.
760 1130 992 1180 Hippocrat,
1025 1129 1061 1167 V
1094 1131 1180 1168 484
1213 1129 1273 1168 ed.
1305 1129 1435 1167 Littre
1466 1128 1650 1168 Alcmani
1690 1128 1758 1166 tri-

231 1197 321 1236 buit
351 1209 529 1237 versum:
561 1191 614 1244 ὥς
643 1194 709 1236 καὶ
735 1189 907 1246 Ἀλκμᾶν
945 1203 1085 1246 φησιν·
1123 1192 1167 1233 ἐν
1205 1191 1277 1245 μὲν
1313 1189 1515 1248 ἀνθρώπῳ
1555 1189 1669 1245 ὀργαὶ
1698 1207 1757 1232 κε-

232 1258 412 1313 κριμέναι
443 1260 592 1313 μυρίαι,
622 1261 696 1300 hoc
728 1263 805 1300 est:
1709 1255 1714 1260 ¹

511 1340 643 1397 Ὀργαὶ
675 1341 746 1396 μὲν
777 1338 1006 1395 ἀνθρώπων
1038 1339 1328 1395 διακεκριμέναι
1358 1341 1502 1395 μυρίαι.

233 1429 275 1466 at
305 1427 370 1466 hic
400 1432 540 1467 vel-sus
580 1427 643 1467 vel
680 1428 846 1478 propter
882 1439 1138 1465 numerorum
1173 1426 1348 1464 indolem
1385 1424 1569 1463 Alcmani
1606 1424 1759 1464 abiudi-

232 1493 379 1531 candus
411 1495 597 1543 recteque
628 1493 679 1532 ab
711 1493 801 1531 aliis
832 1491 1064 1542 Bacchylidi
1094 1491 1306 1542 tribuitur,
1336 1490 1416 1529 vid.
1447 1490 1588 1529 Bacch.
1620 1490 1668 1529 fr.
1689 1491 1758 1529 44.

352 1557 530 1597 Sosibius
573 1571 663 1597 cum
705 1558 748 1596 in
790 1558 1022 1596 Alemanem
1066 1556 1271 1606 scripserit
1313 1556 1616 1595 commentarios
1661 1549 1758 1608 (vid.

234 1636 355 1673 supra
373 1624 421 1662 fr.
443 1625 499 1662 20
520 1625 561 1662 et
582 1625 636 1662 75
657 1625 698 1662 et
719 1618 808 1676 90),
840 1623 1010 1661 fortasse
1042 1621 1163 1660 etiam
1194 1622 1273 1660 alia
1303 1621 1508 1671 quaedam,
1540 1633 1641 1671 quae
1670 1633 1759 1670 pro-

233 1688 423 1727 babiliter
452 1689 603 1727 referas
634 1689 740 1738 illuc,
772 1700 820 1726 ex
849 1689 991 1737 poetae
1022 1687 1190 1726 Laconis
1222 1687 1463 1726 carminibus
1493 1687 1623 1737 petita
1653 1687 1759 1736 sunt,

232 1754 345 1792 velut
380 1752 532 1803 legitur
562 1765 625 1802 ap.
656 1753 779 1793 schol.
811 1752 975 1791 Theocr.
1008 1752 1044 1790 V
1077 1754 1150 1791 91:
1188 1751 1386 1804 Σωσίβιος
1423 1748 1466 1790 δὲ
1501 1745 1572 1799 τὰς
1608 1745 1760 1802 ἀνεμώ-

233 1833 306 1865 νας
346 1810 452 1869 παρὰ
490 1813 658 1856 Λάκωσι
703 1816 880 1856 Φαίνιδ
888 1832 941 1864 ας
976 1817 1185 1856 καλεῖσθαί
1221 1828 1344 1868 φησιν
1382 1812 1469 1868 (ubi
1506 1816 1590 1856 cod.
1619 1815 1759 1854 Ambr.

231 1879 371 1935 καλεῖ).
432 1883 529 1922 item
569 1883 675 1933 apud
705 1882 876 1933 Hesych.
912 1878 1120 1929 Σάνδυξ·
1165 1880 1331 1934 δένδρον
1365 1881 1595 1933 θαμνῶδες,
1639 1873 1688 1920 οὗ
1717 1875 1760 1919 τὸ

233 1944 361 1996 ἄνθος
391 1941 530 2000 χροιὰν
561 1944 690 2003 κόκκῳ
722 1946 870 1999 ἐμφερῆ
903 1945 991 1999 ἔχει,
1023 1942 1075 1995 ὡς
1100 1947 1309 2000 Σωσίβιος.
1357 1959 1449 1986 nam
1483 1947 1587 1998 quod
1611 1946 1760 1986 ibidem

234 2016 298 2053 est
326 2012 549 2066 περφίλα·
581 2012 793 2065 Σωσίβιος,
823 2008 963 2064 κύριον
994 2009 1141 2064 ὄνομα,
1171 2013 1304 2064 potuit
1333 2012 1373 2050 in
1405 2012 1483 2050 alio
1508 2011 1759 2062 grammatici

234 2078 337 2117 libro
374 2079 523 2117 mentio
561 2079 647 2117 fieri
685 2078 872 2127 nominis,
911 2078 1016 2128 quod
1053 2078 1292 2117 Laconicum
1331 2089 1418 2116 esse
1454 2078 1630 2126 constat,
1668 2076 1759 2116 vide

234 2144 399 2182 titulum
430 2156 490 2193 ap.
524 2143 778 2201 Welckerum
810 2143 952 2193 opusc.
983 2142 1044 2181 ΠΙ
1078 2143 1176 2192 251,
1209 2144 1277 2183 22.
