1864 3126
227 160 314 202 468
538 132 539 136 ¹
794 160 983 197 POETAE
1008 159 1186 196 MELICI.

877 269 972 311 115.
1005 269 1110 322 [61.]
1236 316 1244 326 ,
1658 279 1749 313 1156

328 352 396 405 Φῆ
429 348 526 393 τότε
561 348 826 406 Τιμόμαχος,
857 349 1023 407 πατρὸς
1054 349 1152 406 περὶ
1185 358 1331 406 χεῖρας
1363 352 1554 406 ἔχοντος,

380 417 497 475 ἡνίκ’
533 418 612 476 ἀφ’
649 419 830 477 ἱμερτὴν
862 423 1016 464 ἔπνεεν
1048 419 1241 476 ἡλικίην·

323 484 357 533 ὦ
395 492 685 547 Τιμηνορίδη,
717 489 876 542 παιδὸς
906 494 1042 546 φίλου
1074 489 1234 534 οὔποτε
1265 490 1408 547 λήξεις

383 557 477 603 οὔτ’
512 558 676 617 ἀρετὴν
707 562 904 617 ποθέων,
937 560 1039 606 οὔτε
1071 561 1401 618 σαοφροσύνην.

875 682 969 725 116.
1004 682 1109 734 [63]
1658 693 1749 726 1157

311 759 500 804 ‘'Yo‘wvoc
532 759 586 817 δὴ
619 760 717 805 τάδ’
753 765 868 806 ἔειπε
899 766 1036 819 φίλην
1068 762 1169 806 ποτὶ
1200 763 1365 820 μητέρα
1397 762 1553 826 Γοργώ

416 886 541 936 Ἠερίη
571 888 773 936 Γεράνεια,
801 890 921 927 κακὸν
947 891 1080 936 λέπας,
1107 889 1250 937 ὤφελες
1268 889 1407 937 Ἵστρον

511 938 595 983 τῆλε
623 939 686 974 καὶ
713 936 754 974 ἐν
779 938 967 975 Σκυθέων
993 937 1138 985 μακρὸν
1164 937 1259 985 ὁρᾶν
1288 937 1445 984 Τάναϊν,

420 984 514 1031 μηδὲ
541 984 658 1027 πέλας
682 987 805 1022 ναίειν
830 983 1089 1031 Σκειρωνικόν
1116 985 1230 1033 οἶδμα
1254 984 1447 1031 θαλάσσης

512 1030 634 1078 ἄγκεα
659 1032 888 1080 νειφομένης
913 1031 1014 1080 ἀμφὶ
1038 1031 1318 1079 Μολουριάὸος·

418 1077 540 1124 ὤφελε
568 1077 657 1126 μηδ’
687 1078 862 1126 ἐγένοντο
887 1081 982 1116 θοαὶ
1006 1080 1107 1122 νέες·
1136 1078 1181 1116 οὗ
1207 1079 1279 1127 γὰρ
1304 1077 1354 1116 ἂν
1380 1078 1488 1126 ἡμεῖς

511 1129 632 1162 παῖδα
659 1129 880 1164 Διοκλείδου
906 1126 1081 1163 Σώπολιν
1108 1125 1316 1174 ἐστένομεν.

418 1174 488 1209 νῦν
515 1171 551 1209 δ’
582 1172 601 1210 ὁ
628 1173 697 1220 μὲν
723 1174 781 1210 εἰν
806 1172 874 1210 ἁλί
893 1188 966 1211 που
993 1174 1151 1221 φέρεται
1175 1174 1298 1221 νέκυς,
1323 1171 1408 1210 ἀντὶ
1434 1172 1471 1210 δ’
1501 1172 1649 1211 ἐκείνου

513 1219 659 1268 οὕνομα
685 1222 750 1257 καὶ
776 1219 908 1258 κενεὸν
935 1223 1036 1269 σῆμα
1060 1220 1340 1268 παρερχόμεθα.

228 1292 400 1337 Hartung
424 1294 510 1338 post
536 1305 569 1329 v.
590 1297 612 1327 4
638 1292 870 1328 intercidisse
895 1294 1007 1338 putat
1031 1293 1228 1338 distichon,
1254 1305 1327 1336 quo
1353 1305 1486 1328 nomen
1511 1293 1678 1328 defuncti
1703 1293 1754 1328 sit

228 1342 571 1385 commemoratum,
597 1341 696 1375 hunc
721 1341 797 1376 fere
823 1341 862 1375 in
887 1341 1054 1376 modum:
1085 1337 1129 1376 οὐ
1156 1338 1227 1385 γὰρ
1253 1338 1301 1375 ἂν
1327 1337 1434 1385 ἡμεῖς
1459 1337 1540 1385 (τὸν
1560 1341 1668 1376 δεῖνα
1686 1341 1754 1376 τοῦ

229 1388 351 1431 δεῖνα)
379 1384 596 1432 ἐστένομενε
622 1399 710 1422 nam
735 1388 912 1423 adhuius
932 1388 1211 1433 epigrammatis
1232 1387 1441 1433 exemplum
1462 1386 1652 1423 conditum
1671 1398 1752 1423 esse

229 1434 322 1469 exile
348 1435 589 1479 poematium,
615 1435 715 1480 quod
741 1435 961 1470 Callimachi
984 1435 1135 1470 nomine
1160 1435 1309 1471 feratur.

321 1504 447 1550 Epigr.
477 1509 554 1541 115.
605 1505 717 1540 Anth.
749 1505 827 1541 Pal.
855 1505 923 1540 VII
955 1510 1040 1541 513:
1073 1517 1164 1541 corr.
1197 1506 1263 1541 τοῦ
1295 1502 1412 1541 αὐτοῦ
1439 1507 1700 1551 (Σιμωνίδου)·
1726 1505 1752 1541 C

229 1551 283 1592 εἰς
306 1549 501 1598 πρόμαχον
527 1550 622 1589 υἱὸν.
675 1551 774 1589 Corr.
801 1551 1001 1598 τιμάνορος
1024 1553 1063 1588 111
1090 1564 1230 1589 rasura.
1273 1553 1319 1588 cf.
1345 1553 1477 1588 Iriarte
1503 1557 1559 1589 96.
1584 1574 1631 1579 --
1656 1553 1700 1588 V.
1722 1557 1753 1589 1.

226 1596 309 1635 τότε
339 1599 420 1634 Val.
448 1600 604 1644 Franke,
631 1601 744 1646 vulgo
770 1613 876 1636 ποτε.
902 1622 941 1625 -
974 1597 1189 1646 Τιμόμαχος
1214 1600 1346 1646 scripsi
1381 1602 1533 1646 propter
1557 1602 1754 1646 paternum

226 1657 362 1683 nomen
397 1648 664 1693 Τιμηνορίὸης,
697 1648 880 1692 siquidem
911 1649 1061 1693 patrum
1094 1649 1132 1683 et
1162 1647 1322 1683 filiorum
1353 1648 1504 1682 nomina
1534 1646 1754 1693 praesertim

227 1695 327 1739 apud
365 1694 610 1730 Athenienses
646 1695 860 1739 frequenter
890 1695 937 1730 ab
970 1695 1134 1730 eiusdem
1167 1694 1340 1730 vocabuli
1371 1694 1487 1740 stirpe
1525 1696 1753 1740 repetuntur,

228 1743 340 1777 antea
358 1744 510 1777 auctore
530 1742 698 1777 Heckero
719 1742 805 1777 dedi
824 1740 1088 1788 Πρωτόμαχος,
1116 1742 1195 1778 cod.
1215 1742 1244 1776 P
1264 1740 1466 1787 πρόμαχος,
1487 1741 1589 1777 Plan.
1614 1742 1752 1787 Τίμαρ-

230 1801 303 1833 χος.
354 1789 504 1834 Lennep
531 1789 690 1825 coniecit
715 1789 768 1834 φῆ
795 1802 885 1825 ποτε
911 1794 1001 1829 παῖς
1019 1788 1231 1835 Πρόμαχος.
1256 1810 1298 1814 -
1319 1789 1416 1835 περὶ,
1442 1789 1631 1824 Hermann
1658 1788 1753 1824 coni.

227 1835 318 1880 χερὶ.
345 1856 390 1861 ——-
416 1836 460 1872 V.
486 1841 519 1873 2.
546 1833 634 1880 ἀφ’,
660 1836 764 1871 Plan.
792 1837 872 1871 edd.
899 1833 1014 1882 ἄμφ’.
1041 1857 1085 1862 -
1112 1837 1155 1872 V.
1182 1841 1215 1871 3.
1242 1834 1365 1882 λήξεις
1389 1836 1530 1881 scripsi,
1562 1838 1675 1880 atque
1699 1836 1755 1871 ita

227 1882 340 1918 etiam
365 1883 522 1926 Hecker‚
551 1884 662 1929 vulgo
687 1882 791 1929 λήσῃ,
818 1884 987 1918 Schmidt
1013 1882 1142 1928 δήεις
1168 1880 1248 1919 οὔτ’
1277 1881 1415 1928 ἀρετὴν
1441 1882 1751 1937 προθέοντζα).

228 1950 271 1955 —
290 1929 488 1966 Simonidis
503 1941 721 1975 germanum
741 1932 791 1965 sit
809 1931 1038 1976 poematium
1058 1942 1106 1966 an
1126 1930 1378 1975 subditicium,
1399 1930 1575 1975 quoniam
1594 1930 1754 1976 proximi

228 1977 508 2022 epigrammatis
533 1978 631 2013 haud
659 1977 783 2023 dispar
810 1979 867 2013 est
891 1977 1051 2021 habitus,
1077 1978 1263 2022 inquiram
1288 1977 1385 2013 infra
1410 1989 1465 2023 ep.
1494 1981 1573 2014 116.

321 2048 449 2093 Epigr.
479 2052 556 2084 116.
607 2049 719 2084 Anth.
740 2048 818 2083 Pal.
845 2048 913 2083 VII
941 2052 1024 2084 647:
1062 2059 1150 2084 corr.
1177 2049 1404 2092 Σιμωνίδου,
1440 2045 1479 2082 οἴ
1501 2046 1543 2082 δὲ
1570 2049 1747 2093 Σιμμίου,
1804 2055 1813 2061 ·

228 2094 282 2135 εἰς
306 2096 427 2140 γοργῶ
454 2093 538 2130 τινα
565 2093 682 2141 κόρην
707 2098 845 2131 τελευτ.
889 2098 958 2141 Ap.
984 2096 1138 2131 Planud.
1165 2095 1285 2130 Samii
1309 2097 1375 2130 est.
1419 2094 1592 2130 Simmiae
1615 2105 1752 2130 nomen

231 2145 274 2177 ut
297 2143 581 2188 praeferendum
606 2143 778 2178 videatur
804 2143 855 2188 (id
883 2143 983 2187 quod
1010 2142 1194 2178 Brunckio
1220 2142 1296 2177 iam
1321 2142 1464 2187 placuit
1488 2144 1526 2177 et
1552 2141 1751 2197 Meinekio)

229 2201 303 2225 non
322 2193 400 2225 tam
422 2190 554 2226 suadet
572 2191 627 2234 id,
648 2191 746 2234 quod
768 2190 941 2226 Simmiae
960 2189 1129 2226 Rhodius
1148 2189 1338 2234 peculiare
1359 2200 1519 2232 carmen,
1539 2188 1599 2224 cui
1621 2191 1749 2234 Γοργω

229 2236 302 2272 fuit
326 2248 483 2282 nomen,
509 2238 659 2283 scripsit
689 2238 750 2280 (ad
775 2237 846 2273 hoc
873 2249 1021 2273 carmen
1047 2238 1198 2272 auctore
1223 2236 1409 2272 Bruncln'o
1434 2237 1501 2271 hos
1527 2247 1654 2271 versus
1678 2237 1751 2272 ret-

227 2284 316 2319 tulit
340 2285 472 2320 Rohde
500 2285 565 2320 der
595 2284 826 2330 griechische
852 2286 997 2320 Roman
1028 2297 1064 2330 p.
1091 2285 1165 2329 81),
1195 2284 1260 2319 sed
1285 2284 1404 2329 magis
1434 2284 1534 2328 quod
1565 2282 1754 2328 epigram-

228 2334 330 2366 mata
357 2332 442 2366 huic
475 2332 513 2367 in
539 2332 769 2377 Anthologia
801 2332 924 2367 vicina
957 2331 1151 2367 Simmiam
1183 2330 1244 2367 vel
1275 2330 1390 2366 alium
1423 2342 1533 2376 quem
1559 2330 1634 2365 τῶν
1659 2343 1752 2366 νεω-

227 2377 346 2423 τέρων
373 2381 562 2415 auctorem
588 2380 862 2416 commendant.
901 2379 1067 2423 Accedit,
1094 2379 1193 2423 quod
1218 2379 1288 2414 hoc
1315 2379 1547 2424 epigramma
1572 2379 1672 2423 (nam
1697 2380 1752 2413 est

230 2426 399 2471 epigram
442 2437 475 2470 a,
494 2437 614 2471 neque
635 2438 721 2462 vero
742 2427 886 2471 elegiae
906 2438 1005 2471 pars,
1025 2429 1068 2462 ut
1082 2425 1339 2461 Schneidewin
1353 2426 1491 2467 censet)
1511 2426 1589 2460 tum
1605 2424 1752 2459 demum

229 2474 321 2509 satis
347 2473 424 2508 inte
442 2474 511 2519 ligi
536 2476 671 2519 potest,
700 2474 731 2509 si
761 2476 969 2509 statuamus
989 2475 1027 2509 in
1047 2475 1286 2509 monumento
1306 2472 1506 2518 sepulcrali
1523 2471 1622 2507 filiae
1641 2470 1753 2507 matri

227 2521 470 2556 valedicentis
497 2521 697 2566 imaginem
723 2521 946 2566 insculptam
973 2521 1102 2564 fuisse,
1137 2519 1343 2555 cuiusmodi
1368 2519 1581 2566 anaglypha
1605 2530 1652 2554 an
1676 2518 1751 2553 iam

228 2567 417 2612 antiquior
452 2568 675 2604 Graecorum
708 2579 766 2604 ars
798 2570 961 2612 noverit,
992 2568 1101 2603 valde
1134 2567 1273 2602 dubito.
1324 2567 1403 2602 Nec
1433 2567 1560 2611 dispar
1584 2565 1750 2602 conditio

229 2626 286 2697 31¹2·
298 2619 478 2698 3255131'3‘?
498 2615 540 2698 ἓξ
558 2615 1212 2707 ἓὲεὲἓέἒὲἒέῗὶἷῖἒέἒξωὲἓὲἔέἷῑἐξ
1224 2613 1752 2706 13333313023353210333

465 2690 474 2706 ἳ
1436 2689 1445 2705 Ὶ

230 2709 372 2745 cavisse
399 2710 553 2753 viderer,
579 2709 682 2745 nolui
708 2710 874 2746 censoria
899 2710 1046 2755 virgula
1069 2709 1209 2744 notare.
1259 2709 1354 2743 Huic
1385 2707 1534 2753 quidem
1559 2705 1750 2752 epigram—-

229 2756 323 2791 mati
350 2761 416 2791 116
449 2756 678 2792 simillimum
712 2758 857 2803 Anytae
890 2768 1055 2800 carmen,
1087 2756 1186 2800 quod
1210 2756 1248 2790 in
1273 2754 1424 2790 Anthol.
1450 2753 1640 2805 antecedit
1668 2753 1752 2800 (VII

230 2805 331 2847 646):
365 2805 527 2840 Λοίσθια
560 2803 606 2848 δὴ
640 2802 730 2840 τάδε
763 2803 875 2846 πατρὶ
907 2805 1002 2849 φίλω
1041 2803 1126 2847 περὶ
1157 2807 1257 2847 χεῖρε
1291 2802 1455 2850 βαλοῦσα
1488 2798 1566 2836 εἶπ’
1597 2799 1750 2846 Ἐρατώ,

229 2852 382 2893 χλωροῖς
408 2849 565 2895 δάκρυσι
588 2851 807 2899 λειβομένα·
829 2847 857 2887 ὦ
877 2841 1006 2896 πάτερ,
1028 2849 1133 2887 οὔτοι
1153 2847 1207 2886 ἔτ’
1230 2849 1322 2896 εἰμί·
1343 2847 1457 2895 μέλας
1475 2845 1514 2883 δ’
1536 2845 1628 2894 ἐμὸν
1648 2845 1750 2894 ὄμμα

229 2895 407 2933 καλύπτει
440 2895 513 2943 ἤδη
545 2895 816 2944 ἄποφθιμένης
846 2898 1006 2940 κυάνεος
1036 2897 1217 2942 θάνατος,
1249 2897 1313 2932 ubi
1343 2896 1576 2932 scribendum
1601 2895 1750 2931 videtur
