1864 3126
776 109 1057 149 ANACREON.
1594 110 1683 154 295

131 218 354 276 Ἔρωτος,
398 223 504 276 quod
547 223 731 275 Europae
779 224 926 276 virgini
978 225 1183 275 convenit,
1227 224 1277 266 cf.
1320 224 1571 265 Batrachum.
1613 226 1680 274 75,

143 288 255 330 ouius
287 290 428 330 auctor
459 291 598 341 aperte
630 288 734 329 alius
766 291 909 340 poetae
940 290 1137 330 celebrem
1175 289 1350 342 aliquem
1388 290 1519 331 locum
1550 289 1680 330 imita-

143 356 222 407 tur,
254 354 426 395 fortasse
457 355 734 405 Anacreontis,
766 358 808 396 et
839 356 1007 396 Nonnus
1038 355 1096 396 IV
1131 358 1227 396 118.

777 472 1043 527 171.[127]
1705 482 1796 515 1045

259 557 388 599 Schol.
422 558 534 597 Hom.
565 557 613 597 ΙΙ.
639 572 663 597 ν
689 559 795 599 227:
815 554 992 611 ’Ὑμνον
1023 554 1099 612 γὰρ
1130 556 1196 599 καὶ
1223 554 1449 612 Ἀνακρέων
1479 555 1548 599 τὸν
1577 561 1677 612 θρῆ-

143 618 218 664 νόν
248 633 384 675 φησιν.
447 622 506 663 Cf.
538 623 651 664 Eust.
686 625 785 674 928,
819 626 886 665 63.

773 740 871 785 172.
905 740 1043 794 [128]

259 825 474 866 Herodian.
505 824 594 879 περὶ
625 841 711 879 μον.
742 825 818 876 λέξ.
853 829 919 879 11,
951 828 1026 867 26:
1066 826 1255 878 Φίλλος,
1294 823 1402 880 παρὰ
1429 822 1679 880 Ἀνακρέοντι

138 887 180 932 τὸ
211 887 350 944 ὄνομα.
410 891 586 932 Dindorf
614 893 679 933 vel
709 892 849 942 Βίλλος
878 894 944 934 vel
975 892 1107 946 βίλλος
1138 893 1304 934 coniecit
1343 889 1507 944 (Arcad.
1542 896 1617 945 53,
1653 898 1673 935 1

139 956 270 1010 βίλλος
299 953 341 998 τὸ
372 951 560 1010 ἀνδρεῖον
591 957 747 999 αἰδοῖον
777 954 884 1012 παρὰ
911 954 1144 1013 Ἐφεσίοις),
1176 961 1220 999 at
1253 955 1384 1000 Φιλλοό
1416 973 1561 1000 nomen
1592 975 1677 1000 mu-

139 1022 249 1063 lieris
293 1023 444 1075 legitur
485 1024 527 1064 in
571 1025 692 1065 titulo
736 1024 872 1065 Attico
917 1025 1082 1076 Ephem.
1114 1023 1236 1065 Arch.
1269 1026 1405 1077 3500,
1439 1024 1603 1074 Φιλλέας
1636 1027 1678 1065 in

138 1089 256 1130 inser.
293 1089 489 1140 Delphica.
530 1103 592 1141 ap.
626 1089 818 1130 Weseher
862 1093 903 1131 eb
942 1091 1114 1131 Foucart
1155 1103 1192 1130 n.
1227 1092 1295 1141 65,
1339 1094 1381 1131 et
1425 1091 1559 1140 Φιλλίς
1602 1105 1675 1143 pro

140 1153 253 1203 Φιλίς
295 1154 389 1194 fort.
427 1156 722 1196 restituendum
760 1159 823 1197 est
859 1158 965 1208 apud
1003 1157 1289 1207 Hippocratem
1327 1157 1506 1208 Epidem.
1545 1157 1602 1196 IV
1635 1159 1674 1208 4,

138 1233 381 1272 quamquam
412 1234 508 1262 sane
540 1222 662 1262 etiam
693 1235 840 1263 nomen
876 1222 1015 1272 Βίλλος
1051 1222 1157 1273 apud
1195 1223 1364 1263 eundem
1402 1223 1552 1275 legitur
1583 1223 1675 1275 Epi-

137 1285 238 1327 dem.
270 1286 307 1325 V
340 1288 408 1327 96.
