1864 3126
284 190 369 232 658
576 167 578 171 ’
774 188 995 225 CARMINA
1020 188 1307 225 POPULARIA.

1025 297 1065 339 9.

375 378 568 436 Πάριθι,
599 376 731 436 κόρη,
763 378 981 436 γέφυραν·

377 448 485 494 ὅσον
519 448 640 495 οὔπω
672 449 767 509 τρὶς
796 450 1046 495 πολέουσιν.

789 599 814 629 ,
1005 571 1071 614 10.

368 649 510 710 Ἱερὸν
542 654 658 696 ἔτεκε
689 651 849 696 πότνια
879 654 1047 711 κοῦρον

372 721 525 788 Βριμὼ
557 722 732 781 βριμόν.

1007 821 1073 862 11.
1585 822 1590 827 ’
1709 830 1799 863 1301

377 904 452 953 Τίς
482 903 607 959 τῇὃε;
639 900 796 944 πολλοὶ
827 899 1033 957 κάγαθοί.

369 970 634 1029 Ἐκκέχυται·
665 970 789 1015 κάλει
819 971 944 1016 θεόν.

373 1091 441 1125 Fr.
458 1095 490 1125 9.
535 1090 686 1125 Proclus
712 1091 750 1125 in
776 1090 929 1126 Hesiodi
955 1090 1023 1136 Op.
1045 1093 1130 1126 389:
1158 1089 1196 1126 οἷ
1219 1089 1261 1126 δε
1287 1087 1438 1138 ἀρχαῖοι
1463 1091 1527 1126 καὶ
1553 1091 1800 1138 πρωϊαίτερον

279 1135 463 1182 ἓᾘσπειρον
490 1137 554 1172 καὶ
580 1137 692 1182 δῆλον
719 1134 761 1172 ἐκ
786 1138 860 1172 τῶν
883 1134 1118 1173 Ἐλευσινίων
1143 1139 1311 1175 τελετῶν.
1355 1138 1421 1173 ubi
1439 1138 1471 1172 A
1490 1138 1583 1174 haec
1609 1138 1730 1175 addit:
1757 1135 1799 1174 ἐν

277 1206 332 1248 οἷς
358 1206 460 1267 ἔλεγε
481 1208 549 1243 τοῦ
568 1221 595 1242 π
598 1197 665 1243 εθι
690 1205 783 1265 κόρη
810 1207 982 1265 γεφύραν
1003 1204 1091 1244 ὅσον
1112 1206 1235 1244 οὔπω·
1261 1206 1455 1267 τριπόλεον
1475 1208 1530 1246 δέ.
1557 1208 1799 1245 scribendum

278 1251 319 1290 ἐν
345 1254 403 1296 οἷς
430 1252 630 1300 ἐλέγετο·
658 1253 827 1300 πάριθι
853 1253 946 1300 κόρη
966 1256 1154 1313 γέφυραν·
1181 1253 1270 1292 ὅσον
1290 1253 1394 1292 οὔπω
1420 1256 1515 1301 τρὶς
1539 1256 1797 1293 πολέουσιν.

275 1302 299 1338 i.
321 1314 351 1338 e.
371 1314 454 1338 mox
473 1307 526 1338 ter
545 1313 651 1349 ayros
670 1307 791 1346 avant,
812 1315 906 1348 quae
927 1303 974 1338 ad
987 1301 1203 1349 Προηρὸσια
1221 1304 1416 1339 referenda
1435 1305 1530 1348 sunt,
1559 1315 1654 1349 quae
1672 1315 1799 1340 mense

275 1349 544 1385 Boedromione
581 1350 882 1396 celebrabantur,
913 1351 957 1386 cf.
983 1351 1078 1396 Aug.
1104 1352 1311 1387 Mommsen
1337 1350 1576 1397 Heortologie
1601 1363 1638 1398 p.
1665 1355 1708 1388 ‘15
1723 1363 1799 1398 seq.

277 1399 316 1432 et
340 1401 409 1433 220
425 1409 463 1433 se

370 1445 428 1481 Fr.
457 1410 511 1479 ἃ).
558 1443 735 1502 Origenes
762 1445 985 1503 (Hippolyt.)
1013 1445 1095 1481 adv.
1122 1445 1272 1482 Haeret.
1291 1458 1329 1491 p.
1351 1450 1435 1482 115:
1462 1442 1482 1481 5
1509 1445 1551 1482 δὲ
1578 1443 1714 1503 στάχυς
1738 1441 1799 1482 ου·

275 1489 337 1532 τός
364 1489 440 1527 ἐστι
465 1491 530 1527 καὶ
555 1489 666 1549 παρὰ
682 1489 893 1551 Ἀθηναίοις
919 1491 939 1528 5
955 1491 1087 1552 παρὰ
1101 1493 1167 1528 τοῦ
1200 1490 1527 1551 α’χαρακτηρίστου
1555 1491 1724 1539 φωστὴρ
1740 1494 1797 1530 τέ-

278 1542 377 1579 λειος
401 1538 536 1585 μέγας,
562 1537 754 1596 καθάπερ
767 1537 880 1580 αὐτὸς
906 1537 925 1575 ὃ
952 1537 1204 1597 ἷεροφάντης.
1257 1570 1264 1577 .
1291 1538 1427 1581 νυκτὸς
1453 1538 1494 1576 ἐν
1515 1537 1698 1576 Ἐλευσῖνι
1722 1538 1797 1577 ὑπὸ

275 1587 396 1634 πολλῷ
435 1587 546 1646 πυρὶ
562 1587 677 1622 τελῶν
714 1584 760 1622 τὰ
795 1584 938 1644 μεγάλα
969 1588 1033 1623 καὶ
1062 1584 1206 1633 ἄρρητα
1238 1586 1420 1645 μυστήρια
1451 1589 1522 1634 βοᾷ
1548 1588 1612 1624 καὶ
1636 1588 1797 1647 κέκραγε

272 1623 409 1691 λέγων·
454 1631 580 1691 ἴερόν
626 1633 752 1670 ἔτεκε
798 1648 962 1670 ποτνια
1006 1635 1177 1680 κοῦρον
1215 1633 1361 1680 Βριμω
1413 1633 1564 1689 βριμῄ·
1608 1634 1798 1671 τουτέστιν

275 1678 407 1727 ἰσχυρὰ
434 1679 597 1727 ἰσχυρόν
635 1682 700 1717 ubi
725 1680 859 1728 βριμόν
885 1682 1118 1718 scribendum
1144 1694 1224 1718 esse
1243 1683 1339 1718 vidit
1357 1683 1471 1718 etiam
1485 1683 1618 1718 Miller.
1636 1683 1798 1719 —Alias

273 1729 480 1764 cantilenas
505 1729 544 1764 in
568 1729 734 1773 mysticis
761 1730 874 1765 sacris
906 1729 1162 1775 frequentatas
1193 1729 1442 1776 praetermisi,
1474 1731 1650 1776 quoniam
1682 1730 1800 1766 maxi-

272 1787 370 1859 naam
399 1777 544 1822 partem
572 1777 661 1812 satis
687 1779 773 1812 sunt
797 1780 974 1823 recentes,
1000 1778 1104 1813 velut
1127 1778 1226 1823 quod
1252 1779 1310 1813 est
1333 1778 1433 1823 apud
1459 1777 1567 1814 Firm.
1587 1777 1676 1814 Mat.
1697 1790 1732 1824 p.
1751 1781 1797 1813 26

271 1835 291 1858 e
356 1823 526 1859 Bursian.

697 1874 814 1918 Χαῖρε
843 1873 1000 1918 νυμφίε,
1026 1877 1130 1918 χαῖρε
1157 1871 1247 1908 νέον
1273 1873 1364 1917 φῶς.

273 1919 312 1953 et
335 1916 476 1953 ibidem
502 1930 536 1963 p.
564 1922 627 1954 30:
1372 1943 1375 1946 >

699 1963 802 2001 Εὐοῖ
821 1966 995 2012 ὃικέρως,
1021 1967 1192 2012 δίμορφε.

274 2035 381 2072 Prior
407 2035 597 2072 cantilena
627 2036 675 2072 ad
699 2035 863 2083 Phrygia
889 2049 994 2073 sacra
1023 2038 1171 2074 videtur
1204 2037 1407 2083 pertinere,
1444 2049 1531 2073 nam
1564 2037 1610 2073 de
1634 2037 1793 2084 Magnae

269 2083 402 2120 Matris
440 2086 479 2120 et
515 2084 654 2120 Attidis
691 2085 879 2130 mysteriis
928 2096 1039 2131 supra
1076 2084 1282 2131 disputavit
1324 2084 1519 2129 Firmious,
1563 2085 1608 2121 cf.
1645 2085 1796 2122 Lobeck

269 2131 456 2177 Aglaoph.
482 2132 498 2167 I
524 2136 603 2167 649,
653 2131 805 2168 Firmici
824 2133 939 2168 codex
959 2144 1043 2168 cum
1063 2133 1239 2169 exhibeat
1263 2132 1476 2167 ΔΕΝΥΝΦΕ
1502 2131 1794 2177 ΧΑΙΡΕΝΥΝΦΕ,

271 2179 428 2215 fortasse
455 2179 612 2225 colligas
637 2179 677 2214 in
701 2180 814 2215 sacris
833 2179 1019 2216 variatum
1049 2191 1129 2216 esse
1158 2185 1262 2226 χαῖρε
1289 2181 1429 2226 νυμφίε
1457 2181 1494 2215 et
1519 2184 1624 2225 χαῖρε
1649 2177 1794 2226 νύμφη,

269 2237 357 2262 nam
394 2226 614 2262 tauroboliis
652 2227 692 2262 et
728 2227 914 2263 crioboliis
946 2228 1061 2263 etiam
1098 2227 1275 2263 mulieres
1313 2237 1465 2282 operam
1502 2226 1647 2263 dedisse
1685 2227 1794 2263 multi

269 2273 371 2309 tituli
410 2275 448 2310 et
481 2274 607 2320 graeci
645 2275 684 2309 et
719 2274 830 2310 latini
866 2275 1066 2319 testantur,
1105 2285 1334 2321 quamquam
1370 2274 1451 2310 fieri
1486 2275 1626 2320 potest,
1663 2275 1707 2310 ut
1741 2274 1795 2310 ibi

268 2319 368 2366 Phry
326 2321 432 2367 rygia
451 2332 556 2357 sacra
575 2333 658 2356 cnm
677 2320 887 2358 Mithriacis
907 2303 1123 2368 coaluerint,
1148 2333 1259 2368 quam
1285 2322 1502 2358 societatem
1527 2323 1676 2367 praeter
1699 2320 1793 2358 alios

268 2367 332 2414 lap
334 2367 414 2404 ides
451 2369 576 2415 arguit
605 2368 839 2426 planissime
860 2371 1140 2406 monumentum
1172 2368 1279 2406 CIGr.
1312 2368 1364 2404 ΙΙΙ
1395 2368 1538 2405 6012Β.
1595 2369 1637 2404 In
1674 2369 1794 2405 altera

269 2415 458 2451 cantilena
483 2416 584 2452 haud
609 2416 687 2452 scio
709 2428 756 2452 an
777 2410 902 2452 Εὖαν
928 2416 1084 2462 δικέρως
1097 2418 1268 2476 δίμορφε
1296 2416 1533 2452 scribendum
1558 2415 1616 2462 sit,
1640 2427 1727 2452 nam
1752 2415 1792 2452 in

268 2463 395 2499 codice
427 2465 485 2499 est
510 2463 576 2498 ΕΑΙ
613 2464 671 2508 (cf.
698 2463 756 2501 Et.
783 2465 831 2500 M.
858 2468 944 2509 553,
977 2469 1023 2500 46
1056 2462 1160 2505 Εὔας
1194 2462 1379 2505 Ευαντος·
1419 2462 1495 2500 ἔστι
1531 2462 1573 2499 δὲ
1607 2445 1791 2500 §affletur

269 2508 489 2556 Διονύσου),
521 2511 586 2547 sed
610 2511 780 2565 quamvis
805 2511 973 2548 Bacchus
999 2511 1191 2558 indigitari
1215 2511 1402 2556 videatur,
1437 2512 1565 2546 tamen
1595 2512 1744 2547 taurum
1768 2522 1791 2546 a

268 2557 408 2594 Mithra
434 2569 648 2604 percussum
668 2558 834 2595 invocari
852 2561 1012 2595 testatur
1029 2559 1222 2604 Firmious,
1242 2559 1341 2603 quod
1360 2570 1435 2594 non
1453 2558 1600 2602 mirum,
1625 2557 1789 2604 qnando-

268 2603 418 2650 quidem
444 2604 564 2641 multa
588 2605 712 2642 aliena
728 2607 913 2642 translata
932 2606 1045 2642 sunt
1034 2619 1072 2641 in
1091 2606 1184 2642 haec
1205 2617 1321 2650 sacra,
1346 2606 1472 2650 itaque
1490 2587 1650 2641 Mithiae
1670 2615 1789 2641 sacer-

268 2651 374 2688 dotes
408 2651 545 2699 passim
583 2653 697 2689 etiam
733 2665 883 2689 munere
921 2652 1150 2690 archibucoli
1185 2653 1255 2689 Dei
1293 2652 1419 2689 Liberi
1459 2652 1673 2698 funguntur.
1735 2652 1789 2687 Ex

265 2699 547 2736 Mithriacorum
573 2711 760 2736 sacrorum
786 2699 949 2737 carmine
976 2701 1089 2737 etiam
1115 2712 1251 2745 verene,
1277 2711 1387 2745 quem
1411 2699 1591 2735 Firminus
1614 2710 1651 2744 p.
1677 2703 1698 2734 6
1726 2699 1788 2734 ad

268 2747 433 2792 scripsit,
458 2748 614 2793 petitus:

549 2804 685 2843 Μύστα
710 2806 952 2855 βοοκλοπίης,
976 2803 1035 2843 υἷε
1062 2805 1162 2851 δέξιε
1189 2803 1329 2853 πατρὸς
1352 2801 1509 2852 ἀγαυοῦ.

360 2875 419 2912 Fr.
447 2881 501 2914 11.
550 2876 592 2913 In
616 2877 801 2924 principio
825 2877 1015 2914 libationis
1040 2878 1243 2914 utebantur
1267 2889 1375 2914 versu
1398 2876 1575 2914 iambico:

741 2940 807 2979 Τίς
830 2939 937 2986 τῇδες
964 2939 1091 2974 πολλοὶ
1117 2935 1296 2983 κάγαθοί.
