1864 3126
21 0 59 56 σιξ(

590 121 896 159 FRAGMENTA
924 118 1192 157 ADESPOTA.
1567 113 1654 157 725

961 195 981 216 Ο

845 243 940 285 113.

203 327 298 375 Ἴθι
329 327 438 386 μόλε
468 325 720 385 ταχύποδος
752 324 821 370 ἐπὶ
854 324 990 381 δέμας
1021 322 1206 380 ἐλάφου,

214 398 499 458 πτεροφόρον
531 396 658 456 (ἀνὰ)
691 396 786 454 χερὶ
818 395 989 441 δόνακα
1021 395 1244 452 τιθεμένα.

845 528 940 572 114.

216 614 359 670 Ξεῖνε,
390 611 470 659 τὸν
498 610 769 671 Ἀρχεμόρου
799 610 958 669 τάφον.

818 743 901 787 115
921 742 971 786 Α.

206 827 303 875 Ἴθι
335 830 471 886 μᾶτερ
504 826 686 886 μεγάλα.

818 947 903 991 115
922 947 971 990 Β.

212 1044 532 1100 Ἑλικοπέταλε,
563 1042 864 1099 καλλικέλαδε,
883 1038 1195 1099 ’φιλοχορευτὰ
1226 1038 1419 1098 (Βάκχε).

217 1201 276 1236 Fr.
306 1205 384 1237 113.
429 1199 551 1236 Schol.
579 1199 784 1246 Hephaest.
805 1210 839 1244 p.
863 1201 949 1234 157:
976 1196 1083 1233 Κατὰ
1112 1196 1291 1231 διποδίαν
1318 1193 1360 1230 δὲ
1388 1191 1660 1239 συντιθέμενος

123 1248 188 1285 καὶ
225 1245 292 1284 τὸν
330 1243 698 1294 προκελευσματικόν
737 1246 875 1291 ποιῶν,
913 1242 960 1280 τὰ
998 1243 1215 1290 καλούμενα
1248 1238 1597 1288 προκελευσματικὰ
1636 1237 1659 1286 ἢ

122 1293 352 1342 πυρριχιακοὶ
387 1294 503 1342 μέτρα
534 1299 654 1338 ποιεῖ,
687 1290 740 1330 ὧν
770 1293 1078 1339 παραδείγματα·
1103 1290 1180 1327 Ἴθι
1212 1289 1299 1337 μόλε
1334 1288 1548 1335 ταχύποδος
1581 1286 1661 1325 ἐπί-

123 1346 243 1391 δεσμα
270 1343 309 1390 (S
336 1340 399 1380 ἐπὶ
424 1339 559 1389 δεσμὰ)
588 1339 732 1388 ἐλάφου
759 1338 1002 1388 πτεροφόραν
1028 1335 1164 1387 χερσὸν
1191 1336 1407 1385 καθημένα.
1433 1337 1498 1372 ubi
1524 1337 1548 1373 S
1572 1349 1661 1372 nte·

124 1426 293 1475 ροφόρον
326 1405 436 1484 χερῗό
474 1403 678 1473 καθομάγῖ
726 1424 812 1461 Keil
842 1424 950 1481 'Anah
978 1423 1038 1460 Gr.
1065 1427 1105 1459 4:
1139 1423 1199 1459 ἴθι
1230 1420 1318 1469 μόλε
1352 1419 1572 1475 ταχύποδεζ
1598 1416 1662 1456 ἐπὶ

126 1474 245 1522 δέμας
269 1471 416 1519 ἔλαφον
442 1471 698 1520 πτεροφόρον·
731 1475 908 1519 χελιδονα
941 1469 1185 1517 καθημένην,
1222 1481 1267 1506 ex
1292 1470 1373 1507 cod.
1400 1469 1662 1513 Ambromano,

126 1523 192 1570 qui
215 1534 288 1560 sec.
315 1522 613 1559 Studemundum
637 1518 852 1567 ταχύποὸος
886 1531 954 1567 per
985 1518 1247 1565 compendium
1280 1517 1441 1554 exhibet.
1490 1516 1662 1562 Denique

125 1619 206 1656 cod.
226 1617 444 1656 chisianum
464 1617 638 1654 adhibuit
660 1616 933 1663 Mangohdorf,
960 1615 998 1651 in
1025 1626 1099 1660 quo
1125 1614 1222 1650 libro
1250 1579 1381 1650 ἐπίδεμσ
1407 1609 1662 1659 (πτεροφόρον

126 1693 213 1736 om.)
238 1687 449 1736 χαιρηδόνα
475 1679 629 1725 καθεμν
651 1688 800 1735 legitur.
830 1708 872 1714 ·-
898 1687 942 1723 V.
965 1691 983 1722 1
1010 1687 1190 1723 librorum
1216 1696 1288 1732 ope
1312 1684 1510 1720 restituere
1535 1683 1661 1726 licuitg

124 1751 158 1775 v.
184 1742 219 1784 2,
243 1738 309 1784 qui
339 1738 553 1784 graviorem
584 1736 710 1773 labem
737 1735 939 1781 contraxit,
971 1734 1114 1771 correxi
1145 1730 1384 1779 πτεροφόρον
1409 1729 1531 1778 (ἀνὰ)
1564 1731 1663 1777 χερὶ

125 1784 305 1822 δόνακα
330 1783 527 1831 τνθεμένα,
552 1794 672 1830 neque
698 1783 799 1820 enim
824 1782 1019 1819 offensioni
1043 1783 1114 1827 est,
1139 1781 1239 1828 quod
1265 1782 1378 1827 poeta.
1399 1779 1524 1816 media
1543 1780 1664 1816 forma.

124 1845 194 1880 pro
218 1831 435 1879 ἀναχθεῖσαι
466 1831 602 1868 utitur:
640 1831 792 1867 iubetur
823 1831 943 1866 Diana.
974 1830 1170 1876 pinnatam
1200 1828 1421 1864 arundinem
1451 1838 1565 1864 manu
1597 1838 1665 1862 sua

126 1880 230 1917 arcui
254 1881 457 1926 imponere.
495 1880 620 1916 Antea
645 1878 789 1916 conieci
816 1876 902 1925 (ἐνὶ)
922 1878 1002 1924 χερὶ
1028 1875 1177 1914 δόνακα
1202 1874 1429 1922 καθὲμεναι,
1454 1875 1477 1910 i.
1499 1885 1530 1910 e.
1551 1886 1664 1910 manu

126 1930 258 1965 tenens
277 1927 467 1974 sagittam,
494 1928 537 1963 ut
560 1926 757 1971 demittas;
782 1926 912 1962 eadem
940 1924 1239 1971 breviloquentia
1263 1923 1453 1969 Aristoph.
1474 1923 1566 1958 Ran.
1594 1926 1664 1958 340

126 1987 214 2012 usus
240 1978 297 2012 est
321 1972 523 2022 λαμπάδας
547 1971 588 2011 ἐν
614 1974 717 2020 χερσὶ
741 1972 814 2021 γὰρ
839 1970 934 2020 ἥκει.
985 1973 1132 2019 Singuli
1155 1973 1270 2018 pedes
1302 1971 1469 2017 separati
1495 1971 1662 2013 seorsim,

129 2024 171 2060 ut
190 2034 363 2059 numerus
387 2023 437 2059 sit
460 2022 693 2066 manifestus,
724 2024 874 2068 praeter
899 2021 1107 2057 clausulam
1132 2032 1167 2056 v.
1193 2024 1234 2065 2,
1266 2030 1426 2065 quocum
1461 2029 1663 2064 componas

127 2070 433 2117 Aristophanium
465 2071 520 2111 τίς
556 2067 650 2116 ὄρεα
688 2067 894 2128 βαθύκομα
931 2065 1017 2104 τάδ’
1043 2065 1213 2104 ’ἐπέσυτο
1254 2067 1407 2115 βροτῶν.
1466 2065 1665 2110 Westphal

55 2157 60 2162 ,
128 2131 164 2154 v.
187 2123 209 2155 2
237 2117 387 2164 scripsit
417 2116 637 2164 πτεροφόροι
669 2116 779 2164 χερὸς
809 2119 914 2163 (απο)
947 2114 1162 2161 καθιέμενα
1194 2112 1325 2161 (βέλη).
1352 2134 1396 2140 -
1423 2113 1562 2149 Versus
1589 2112 1664 2148 for-

132 2168 232 2202 tasse
258 2165 431 2202 Simmiae
455 2166 595 2202 Rhodie·
619 2167 715 2201 sunt.

225 2247 283 2284 Fr.
312 2252 390 2285 114.
445 2248 585 2285 Marius
617 2248 715 2285 Plot.
747 2251 834 2284 264:
875 2245 1160 2292 „Hemidexium
1191 2245 1403 2281 trimetrum
1437 2243 1666 2288 dactylicum

132 2325 141 2333 .
161 2325 170 2334 .
190 2324 199 2333 .
226 2295 272 2332 dc
305 2295 439 2342 quibus
469 2308 583 2333 unum
614 2295 734 2332 solum
766 2305 904 2342 ponam
939 2294 1123 2330 Graecum
1156 2292 1368 2338 exemplum
1400 2290 1665 2335 hemidexium,

131 2344 231 2390 quod
255 2344 414 2401 repperi,
439 2344 558 2380 tribus
582 2343 740 2389 dactylis
766 2343 954 2386 constans,
980 2343 1023 2378 ut
1047 2342 1146 2385 ξεῖνε
1186 2337 1251 2376 τὸν
1280 2336 1472 2386 Ἀρχεβρου
1506 2335 1665 2383 τάφον.“

128 2389 396 2437 Ἀρχεμόρου
434 2391 583 2438 scripsi,
622 2391 703 2427 cod.
737 2391 799 2426 AB
833 2391 1110 2434 APXEBPO'I'‚
1148 2388 1322 2424 videntur
1361 2386 1475 2422 verba
1511 2398 1556 2422 ex
1589 2384 1666 2432 epi-

132 2438 353 2485 grammatis
377 2438 533 2475 alicuius
557 2450 667 2475 versu
692 2438 910 2474 hexametro
936 2436 1110 2483 repetita.
1149 2436 1311 2471 Putsche
1335 2431 1554 2480 Ἀρχιλόχου,
1580 2433 1667 2469 Sca-

131 2488 227 2534 liger
250 2483 446 2532 Ἆρχεβιόυ,
471 2485 645 2523 similiter
669 2485 842 2522 Meineke
864 2481 1051 2534 Ἀρχεβίου
1076 2482 1200 2529 τάφον
1227 2484 1356 2519 εἴσιδε.

226 2569 286 2605 Fr.
315 2572 382 2605 115
395 2566 439 2604 A.
487 2567 627 2625 Qui-ius
652 2568 748 2605 Plot.
772 2580 808 2627 ρ.
835 2572 923 2604 294:
955 2567 1102 2612 „Minus
1134 2566 1298 2623 ionicum
1332 2564 1531 2619 dimetrum
1566 2565 1667 2600 cata-

133 2617 274 2654 lectum
300 2646 308 2654 .
330 2646 338 2654 .
360 2645 367 2652 .
395 2617 455 2651 ἴθι
480 2629 597 2664 ματερ
623 2616 669 2662 (Α
694 2628 829 2663 ματηρ,
856 2617 884 2652 Β
909 2618 1039 2662 μητερ)
1065 2617 1219 2662 μεγαλη,
1246 2613 1345 2659 quod
1371 2623 1522 2648 correxi.

227 2701 285 2737 Fr.
315 2703 382 2736 115
396 2700 437 2736 Β.
487 2698 632 2735 Plotius
655 2702 725 2735 293
760 2698 824 2735 ubi
862 2699 908 2734 de
945 2697 1104 2745 pedibus
1144 2696 1291 2732 numeri
1328 2695 1441 2730 ionici
1473 2707 1495 2730 a
1526 2695 1667 2731 maiore

134 2747 298 2792 disserit,
324 2748 397 2785 tria.
419 2746 519 2795 [haec
551 2746 736 2782 voeabula
767 2745 930 2793 exempli
962 2746 1084 2792 gratia.
1118 2743 1313 2791 proponit,
1346 2742 1447 2778 haud
1479 2742 1590 2778 dubie
1624 2754 1669 2778 ex

134 2806 244 2831 versu
267 2794 392 2832 ionico
416 2794 589 2838 repetita,
615 2804 727 2838 quem
751 2793 1007 2840 redintegravi
1033 2793 1162 2829 addito
1190 2789 1323 2836 Βάκχε.
1353 2810 1396 2816 -
1425 2785 1665 2826 ἕλικοπὲταλε

136 2842 284 2889 scripsi,
322 2843 746 2879 ΕΛιΚοοΤιΗΤΛΛΗ
771 2842 820 2886 Α,
858 2840 1277 2877 EA‘PKOCHHTAAH
1306 2838 1353 2882 Β,
1398 2833 1666 2886 ἑλικοβλέφαρε

137 2889 346 2935 Putschius,
373 2886 642 2935 ἕλικοπλόκαμε
670 2887 765 2934 Keil,
791 2890 963 2924 neutrum
988 2898 1141 2924 numero
1168 2885 1401 2922 conveniens.
1429 2905 1471 2911 -
1498 2883 1667 2921 καλλικέ-
