1864 3126
247 154 331 196 706
560 128 562 133 ’
706 149 1007 187 FRAGMENTA
1034 150 1298 187 ADESPOTA.

970 259 1041 302 58.

336 341 463 385 Ἀλλά
496 358 560 392 τις
590 338 702 397 ἄμμι
733 342 919 396 δαίμων.

970 459 1039 503 59.
1607 475 1612 480 ·
1675 472 1766 505 1334

336 548 454 594 Παῖς
486 540 509 586 ὃ
541 543 695 599 χῶρος.

971 662 1038 704 60.

338 744 426 788 Καὶ
457 741 551 787 κατ’
587 742 760 800 ἰψήλων
794 741 946 800 ὀρέων.

969 863 1039 906 61.

331 943 447 990 Ἀλλ’
483 939 518 990 63
550 943 679 990 πάντ’
715 943 886 1002 ἐπόρεις
905 942 1039 990 ’Ἀλιε.

970 1065 1038 1109 62.

330 1146 403 1191 Ἐκ
435 1146 638 1204 Σάπφως
667 1144 763 1190 τόδ’
789 1144 1099 1203 ’ἄμελγόμενος
1130 1147 1228 1203 μέλι
1259 1163 1328 1190 τοι
1359 1146 1494 1203 φέρω.

970 1278 1037 1320 63.

327 1359 483 1419 Ἱδρῶς
515 1358 753 1419 ἀμφότερα.
807 1413 809 1415 ‚

333 1514 390 1551 Fr.
419 1517 474 1549 58.
526 1513 699 1559 Apollon.
727 1512 773 1548 de
798 1525 904 1559 pron.
929 1526 965 1559 p
992 1513 1121 1549 383Β·
1148 1512 1292 1554 Αἰολεῖς
1316 1510 1431 1559 αμμι·
1458 1509 1570 1549 αλλά
1596 1516 1670 1549 κτλ.

335 1574 393 1609 Fr.
423 1577 479 1608 59.
530 1572 729 1608 Herodian.
758 1571 876 1609 Cram.
903 1573 972 1606 An.
1001 1572 1066 1609 Ox.
1093 1572 1335 1614 111239‚28:
1365 1570 1418 1608 Τὸ
1445 1573 1573 1618 μέντοι
1597 1570 1676 1609 πὰν
1701 1571 1764 1609 ἐπὶ

239 1618 360 1682 μόνου
386 1621 453 1656 τοῦ
487 1617 618 1660 Πανὸς
648 1619 797 1677 λέγεται
823 1620 887 1655 καὶ
911 1622 1095 1665 κλίνεται,
1128 1618 1189 1656 ἐπὶ
1215 1619 1257 1656 δε
1284 1621 1350 1656 τοῦ
1378 1617 1582 1665 οὐδετέρου
1608 1618 1765 1662 παντός·

243 1667 326 1705 ἐπεὶ
357 1668 422 1704 καὶ
447 1668 533 1712 πᾶς,
558 1665 715 1708 παντός·
744 1665 826 1703 ἐπεὶ
850 1664 918 1702 ἐάν
944 1680 1003 1705 σοι
1027 1669 1220 1724 προτείνη
1231 1681 1285 1709 τις
1303 1665 1344 1703 τὸ
1366 1668 1440 1708 πᾶς
1457 1670 1597 1703 κλίναι·
1624 1665 1766 1713 πόθου,

240 1716 276 1752 εἰ
303 1715 372 1761 μὲν
398 1713 439 1750 τὸ
465 1714 612 1751 κοινόν·
640 1713 677 1750 εἰ
700 1714 742 1750 δὲ
768 1711 860 1760 παρ’
892 1714 1075 1757 Αἰολεῦσι,
1102 1713 1256 1756 παντός·
1285 1713 1324 1750 οἵ
1345 1714 1417 1761 γὰρ
1449 1714 1594 1756 Αἰολεῖς
1617 1714 1767 1761 λέγουσι

239 1764 313 1803 πᾶς
338 1767 427 1803 παῖς
453 1761 472 1797 ὁ
501 1763 634 1808 χῶρος·
661 1762 748 1807 ,,ῗνα
774 1763 915 1808 ἴδωμεν
941 1758 998 1797 ὅτι
1022 1761 1168 1799 πάντα]
1173 1762 1221 1784 ‘³¹‘
1239 1762 1259 1783 '¹‘

332 1821 388 1857 Fr.
417 1826 471 1857 60.
525 1821 674 1857 Cramer
699 1824 768 1856 An.
790 1821 855 1856 Ox.
876 1822 969 1866 163,
990 1826 1054 1857 29:
1081 1818 1207 1865 υψος.
1260 1850 1267 1858 .
1290 1820 1387 1857 ενθα
1408 1820 1447 1858 οἷ
1463 1821 1607 1863 Αἰολεῖς
1626 1819 1764 1858 αναλο-

236 1867 398 1925 γοήεροί
420 1868 513 1926 εἰσιν
524 1870 647 1925 ἰψος
671 1867 844 1914 λέγοντες
869 1869 934 1904 καὶ
960 1867 1046 1904 κατ’
1074 1868 1220 1915 ἰψηλῶν
1247 1867 1378 1926 ὀρέων.
1419 1870 1458 1904 et
1477 1873 1557 1927 418,
1579 1874 1644 1905 31:
1669 1866 1763 1906 ἄλλα

238 1917 302 1953 καὶ
328 1914 369 1952 τὸ
397 1913 482 1951 κατ’
511 1913 632 1962 ἀρχὴν
657 1917 802 1957 Αἰολεῖς
827 1916 1003 1962 τρέπουσι
1028 1931 1051 1952 υ
1078 1916 1132 1957 εἰς
1157 1928 1186 1952 ι
1214 1913 1299 1952 κατ’
1327 1916 1471 1962 ἰψηλῶν
1498 1913 1631 1962 ὀρέων.
1670 1917 1765 1962 Sap-

234 1965 333 2010 phus
357 1964 514 2000 videtur.

331 2024 389 2059 Fr.
417 2027 472 2059 61.
525 2022 645 2058 Cram.
679 2024 747 2059 An.
775 2023 839 2059 Ox,
872 2023 889 2057 I
914 2027 1003 2067 327,
1029 2028 1070 2058 3.
1107 2020 1158 2058 Τὸ
1191 2021 1262 2068 ’γὰρ
1298 2020 1371 2066 ὁρῶ
1404 2022 1584 2068 δευτέρας
1616 2022 1686 2069 μὲν
1717 2020 1768 2064 ὥς

236 2069 438 2129 πρόδηλον,
465 2067 558 2106 ἀλλὰ
585 2070 650 2105 καὶ
656 2068 839 2127 πρώτης,
866 2067 915 2111 ὡς
941 2071 1056 2115 δῆλον
1082 2067 1125 2106 ἐκ
1146 2070 1217 2126 τῆς
1242 2069 1455 2110 Αἰολίδος
1475 2069 1689 2106 διαλέκτου·
1716 2068 1766 2112 ὥς

234 2131 307 2179 ’γαρ
333 2131 411 2154 απο
437 2118 504 2154 τοῦ
531 2117 621 2153 οἰκῶ
646 2115 670 2163 ἡ
698 2117 931 2163 μετοχὴ..
945 2117 1093 2174 οἰκείς,
1119 2131 1216 2153 ουτω
1242 2114 1319 2152 ἀπὸ
1348 2118 1414 2152 τοῦ
1440 2115 1533 2162 ὁρῶ·
1559 2115 1641 2153 ἄλλ’
1670 2111 1700 2152 ὦ
1725 2130 1762 2153 π.

238 2164 391 2212 ἐφορεῐς
405 2161 511 2201 Ἀλιε.
540 2186 583 2191 —-
611 2164 750 2210 Scripsi
775 2163 925 2209 ἐπόρεις
945 2162 1047 2200 Ἀλιε.
1084 2146 1214 2200 ’Alcaei
1238 2164 1397 2208 videtur,
1431 2163 1609 2210 quoniam
1635 2165 1766 2201 Gram-

236 2214 398 2249 maticus
422 2212 477 2248 ibi
502 2211 696 2258 componit
721 2223 806 2247 cum
831 2212 906 2248 alio
932 2205 1041 2247 Alea}
1067 2211 1287 2258 fragmento.

334 2272 394 2307 Fr.
421 2276 477 2308 62.
529 2271 772 2330 Choerobosq
806 2272 847 2306 in
876 2271 964 2307 Aldi
996 2272 1117 2307 Cornu
1143 2271 1229 2317 cop.
1257 2275 1343 2308 268:
1377 2269 1428 2307 Οἵ
1458 2269 1499 2307 δὲ
1533 2270 1676 2312 Αἰολεῖς
1699 2271 1765 2307 καὶ

239 2317 435 2360 Λάκωνες,
461 2318 597 2360 οἵτινές
623 2318 695 2355 εἰσι
721 2319 833 2374 μέρος
858 2317 1048 2364 Δωριέων,
1074 2318 1280 2376 προσθέσει
1304 2320 1370 2354 τοῦ
1397 2331 1418 2354 σ
1436 2331 1588 2355 ποιουσι
1611 2317 1682 2364 τὴν
1706 2331 1766 2364 γε·

236 2365 369 2411 νικήν
396 2365 477 2402 οἷον
502 2364 525 2411 ἡ
553 2365 722 2423 Σαπφώ,
748 2367 813 2411 τῆς
838 2367 1027 2412 Σαπφῶς,
1059 2367 1124 2401 καὶ
1198 2364 1320 2412 Λητώ,
1355 2367 1421 2411 τῆς
1444 2366 1583 2423 Λητῶς,
1610 2365 1673 2401 καὶ
1700 2368 1766 2412 δη-

237 2416 366 2450 λοῦσιν
394 2412 437 2449 αῖ
459 2412 608 2459 χρήσεις
633 2410 752 2455 οὕτως
779 2413 951 2472 ἔχουσαι·
987 2411 1046 2449 Τὸ
1073 2412 1121 2449 δὲ
1149 2380 1197 2449 {ln
1222 2414 1426 2458 Σαπφῶς
1450 2427 1486 2448 α.
1513 2427 1548 2459 μ.
1577 2426 1608 2448 τ.
1627 2426 1675 2459 φ.
1701 2412 1768 2449 καὶ

237 2459 329 2507 παρ’
364 2458 458 2508 αυτῇ
486 2462 529 2508 τῇ
559 2464 740 2506 Σαπφοῖ·
773 2460 873 2508 μαλα
904 2461 1166 2496 κτλ.Α1]1·θΠε
1199 2461 1370 2504 correxit,
1397 2461 1461 2496 sed
1487 2461 1587 2505 quod
1612 2459 1720 2496 addif.
1743 2470 1767 2496 a

240 2510 413 2555 Sapphus
438 2509 625 2554 discipula
649 2519 794 2544 versum
827 2508 1037 2554 profectum
1061 2519 1162 2552 esse,
1187 2507 1407 2544 manifestus
1433 2518 1534 2543 error
1559 2509 1626 2544 est.
1676 2507 1764 2543 For-

236 2560 335 2592 tasse
362 2557 490 2592 Alcaei
521 2557 595 2600 est,
628 2568 714 2592 nam
741 2555 1031 2592 Alexandrinum
1063 2557 1213 2602 poetam
1244 2556 1377 2591 testem
1404 2555 1573 2591 adhiberi
1603 2565 1678 2590 non
1702 2556 1761 2590 est

240 2603 453 2639 verisimile.

330 2663 387 2698 Fr.
415 2667 470 2699 63.
523 2662 642 2698 Cram.
663 2664 730 2699 An.
754 2662 819 2699 Ox.
842 2663 956 2707 1208,
979 2666 1038 2698 13:
1062 2659 1208 2707 Ιδρώς·
1234 2662 1345 2697 τοῦτο
1370 2674 1474 2706 παρα
1499 2659 1670 2696 Αἰολεῦσι
1692 2663 1764 2705 θη

232 2711 351 2750 λυκῶς
376 2708 539 2755 λέγεται·
573 2706 803 2770 ἀναδέχεται
829 2711 947 2745 κλίσιν
973 2706 1192 2745 ακόλουθον
1211 2710 1379 2768 θηλυκῷ
1387 2707 1518 2754 γένει.
1542 2735 1549 2743 .
1601 2720 1762 2764 ,ομοιον

233 2757 282 2803 τῷ
310 2754 404 2813 ἠώς·
433 2762 514 2792 εἰτα
539 2755 562 2802 ἡ
588 2755 738 2802 γενική·
771 2755 883 2800 ἱδρῶς
914 2754 1113 2815 αμφότερα
1145 2753 1231 2792 ἀντὶ
1261 2757 1328 2792 τοῦ
1362 2754 1506 2811 ἴδροῦς,
1538 2751 1587 2795 ὦς
1611 2753 1762 2812 Μελάγ-

236 2817 330 2859 χρως
360 2801 445 2839 ἀντὶ
471 2803 717 2862 μελαγχρους
725 2804 789 2840 καὶ
815 2804 930 2844 αἰδῶς
955 2802 1070 2847 ἄξιος.
1121 2803 1265 2839 Ahrens
1291 2805 1403 2860 ἵδρως
1427 2799 1580 2860 όμφόρα
1606 2802 1666 2837 vel
1691 2799 1764 2848 οἷμ-

237 2848 349 2894 φόρα
396 2852 494 2887 Fort.
529 2853 665 2895 ἰ”δρως
697 2849 845 2909 6u‚,‹poc
871 2850 917 2887 cf.
944 2851 1103 2897 Hesych.
1137 2848 1255 2896 ὀμφά.
1283 2848 1395 2896 ὀδμή·
1428 2847 1617 2890 Λάκωνες.
1663 2849 1761 2885 unde

238 2909 375 2943 p1onus
403 2910 503 2935 emor
528 2897 642 2945 ἄμφω
675 2901 714 2934 et
739 2896 955 2945 ἀμφότερα,
988 2909 1084 2943 quae
1110 2898 1293 2934 vocabula
1318 2897 1466 2943 saepius
1491 2897 1759 2943 permutantur.
