1864 3126
178 145 231 187 18
641 156 650 163 ·
726 134 930 179 ‘POETAE
957 143 1134 180 MELICI.

813 253 835 278 2¹<
855 254 919 295 10.
952 254 1058 306 [66]

270 336 359 379 Καὶ
390 338 524 391 κῆνος
557 336 604 378 ἐν
637 333 816 378 σάλεσσι
848 339 1029 386 πολλοῖς
1061 332 1221 390 ἥμενος
1252 334 1420 392 μάκαρς
1451 333 1580 394 ἀνήρ.

885 443 907 467 *
927 444 991 485 11.

271 513 460 570 Μάκαρς
492 514 666 564 ἐκεῖνος.
1580 571 1584 576 ,

906 611 969 651 12.
1711 619 1779 652 821

295 696 422 735 Schol.
454 696 537 735 cod.
572 696 760 735 Bernens.
793 696 842 734 ad
874 696 985 747 Virg.
1014 695 1158 746 Georg.
1182 696 1246 734 III
1273 698 1346 736 89:
1379 696 1572 746 „Amycle
1602 696 1698 735 urbs

177 763 219 800 in
255 762 545 811 Peloponneso:
587 774 708 811 equos
745 764 878 800 autem
917 774 940 799 a
978 762 1163 811 Neptuno
1201 763 1342 800 Iunoni
1380 762 1494 800 datos
1531 762 1700 801 Alcman

176 827 326 878 lyricus
371 827 467 865 dicit
505 825 708 876 cyllarum
749 830 790 866 et
825 827 1046 877 Xanthum,
1091 840 1258 877 quorum
1294 827 1446 866 Polluci
1485 827 1700 877 Cyllarum,

176 893 380 931 Xanthum
412 892 528 930 fratri
560 893 643 930 eius
675 904 903 931 concessum
944 904 1029 930 esse
1068 891 1217 930 dictum
1255 894 1332 942 θεὲ,
1374 892 1558 942 Cyllarus
1595 893 1701 931 enim

174 971 299 1007 equus
331 958 409 1008 fuit
440 957 631 1005 Pollucis,
665 959 707 994 et
737 958 872 1008 magni
904 970 1042 996 currus
1070 955 1274 997 Achillis.“

848 1061 913 1103 13.
948 1061 1023 1114 [3.]

293 1148 463 1186 Pausan.
484 1147 503 1185 I
524 1130 591 1195 41,
608 1149 652 1185 4:
679 1144 897 1198 Μεγαρέως
923 1144 966 1185 δὲ
989 1147 1184 1198 Τίμαλκον
1208 1147 1331 1186 παῖδα
1353 1147 1409 1194 τίς
1434 1144 1505 1198 μὲν
1529 1143 1699 1197 ές”Λφι-

177 1213 278 1252 δναν
309 1211 441 1251 ἐλθεῖν
472 1208 564 1263 μετὰ
595 1213 672 1250 τῶν
704 1208 960 1263 Διοσκούρων
991 1210 1156 1264 ἔγραψες
1193 1214 1278 1259 πῶς
1309 1207 1346 1250 δ’
1380 1207 1432 1250 ἂν
1462 1208 1703 1263 ἀφικόμενος

177 1274 440 1328 ἀναιρεθῆναι
466 1276 659 1328 νομίζοιτο
685 1271 762 1316 ὑπὸ
787 1274 964 1328 Θησέως;
997 1271 1099 1316 ὅπου
1125 1275 1191 1315 καὶ
1211 1273 1383 1328 Ἀλκμᾶν
1405 1273 1573 1328 ποιήσας
1597 1269 1703 1332 ᾆσμα

179 1342 218 1390 ές
242 1339 333 1390 τοὺς
352 1338 643 1392 Διοσκούρους,
675 1337 728 1389 ὦς
749 1338 924 1393 Ἀθήνας
945 1337 1172 1394 (Ἀφίδνας)
1198 1340 1323 1381 ἕλοιεν
1352 1341 1418 1381 καὶ
1441 1338 1514 1394 τὴν
1542 1339 1702 1394 Θησέως

175 1404 361 1461 ἀγάγοιεν
405 1405 547 1459 μητέρα
592 1403 853 1458 αἰχμάλωτον,
898 1403 1003 1458 ’ὅμως
1043 1405 1175 1458 Θησέα
1214 1405 1339 1458 φησὶν
1375 1403 1496 1446 αὐτὸν
1533 1403 1700 1447 ἀπεῖναι.

177 1473 235 1513 Of.
268 1474 397 1512 Schol.
431 1473 546 1512 Hom.
578 1472 624 1510 Il.
657 1488 680 1524 γ
714 1474 816 1510 242;
854 1467 994 1522 Ἑλένη
1032 1467 1279 1523 ἆρπασθεΐσα
1315 1467 1393 1510 ὑπὸ
1429 1468 1701 1524 Αλεξανδρου,

177 1534 379 1590 ἀγνοοῦσα
408 1534 450 1576 τὸ
483 1532 732 1589 συμβεβηκὸς
770 1533 910 1588 μεταξὺ
940 1540 1022 1584 τοῖς
1058 1533 1246 1587 ἀδελφοῖς
1277 1533 1537 1586 Διοσκουροις
1566 1533 1703 1587 κακόν,

176 1599 447 1655 ὑπολαμβάνει
478 1598 534 1640 δι’
563 1598 750 1654 αἰσχύνης
775 1598 896 1653 αὐτῆς
921 1598 972 1653 μὴ
999 1604 1267 1654 πεπορεῦσθαι
1299 1598 1460 1650 τούτους
1491 1596 1576 1649 εἰς’
1575 1597 1703 1651 Ἰλιον,

178 1665 312 1719 ἐπειδὴ
339 1665 534 1720 προτέρως
559 1663 638 1706 υπὸ
668 1665 828 1717 Θησέως
852 1662 1058 1718 ἡρπασθη,
1081 1663 1219 1714 καθὼς
1243 1667 1478 1719 προείρηται.
1527 1663 1605 1706 Διὰ
1629 1681 1703 1720 γαρ

271 1805 328 1839 Fr
358 1808 413 1840 10.
464 1804 663 1850 Hephaest.
690 1809 710 1839 3
737 1804 815 1840 sine
839 1807 973 1849 poetae
998 1815 1114 1840 nom:
1145 1801 1250 1839 ’Ήτοι
1281 1801 1351 1848 γὰρ
1366 1801 1487 1860 λήγει
1513 1804 1559 1848 (A
1584 1801 1701 1849 λήξει)

178 1852 231 1893 εἰς
257 1850 327 1887 δύο
354 1849 558 1897 σύμφωνα,
591 1856 672 1887 οἱον
701 1853 884 1897 Τι’ρυνς,
917 1850 1025 1887 οὐδέ
1051 1866 1092 1887 τι
1116 1857 1266 1897 τειχος
1292 1849 1518 1908 ἐπήρκεσε
1547 1852 1633 1896 (hoc
1658 1863 1703 1887 ex

177 1901 282 1957 epico
303 1900 414 1944 poeta
434 1899 606 1958 petitum
613 1899 775 1955 videtur)
801 1901 882 1934 καί·
909 1899 984 1934 Καὶ
1003 1903 1127 1939 κεῖνος
1154 1899 1219 1945 (sic
1238 1898 1396 1943 AFIHB,
1422 1898 1486 1934 καὶ
1507 1895 1702 1944 ’κεῖνοςΕ,

176 1944 353 1987 κάκεῖνος
377 1946 487 1982 Turn.
515 1946 556 1991 C)
590 1943 630 1981 ἐν
663 1944 812 1982 σάλεσιν
844 1947 1033 2003 (Welcker
1058 1945 1229 1982 σαλέεσιν
1254 1947 1277 1983 i.
1305 1957 1335 1982 e.
1361 1945 1580 2002 θαλέεσσιν,
1607 1946 1702 1982 Pau—

175 1995 268 2030 wius
302 1998 340 2029 elz
370 1994 560 2029 Hermann
591 1996 691 2029 recte
723 1992 910 2038 σαλεσσιν)
945 1991 1084 2051 ἥμενος
1105 1994 1165 2050 (Ε
1192 1995 1364 2051 κείμενος
1394 2007 1449 2039 γρ.
1479 1975 1632 2039 ἥμενος,
1671 1995 1703 2029 Α

176 2039 325 2088 ἡμένας,
351 2041 462 2076 Turn.
482 2040 521 2076 in
541 2041 643 2076 calce
664 2043 850 2087 κείμενος)
878 2055 1022 2087 μακαρς
1041 2039 1138 2087 ἁνήρ
1160 2043 1205 2086 (Α
1225 2037 1321 2086 ἇνῆρ
1336 2039 1378 2086 ).
1415 2041 1704 2087 Redintegratus

179 2091 236 2124 est
260 2088 450 2124 Alcmanis
476 2100 604 2124 versus
631 2100 675 2124 ex
694 2089 866 2145 Apollon.
896 2089 941 2125 de
967 2100 1135 2135 pronom.
1156 2093 1225 2124 335
1241 2089 1288 2124 B:
1315 2087 1458 2128 Αἰολεῖς
1483 2089 1607 2134 κῆνος,

178 2141 337 2191 Δωριεῖς
361 2136 542 2193 τῆνος..
571 2164 578 2172 .
605 2138 770 2177 σπανίως
795 2134 858 2171 δια
885 2137 951 2172 τοῦ
977 2150 1018 2182 κ,
1044 2136 1126 2171 Καὶ
1157 2141 1282 2176 κεῖνος
1307 2132 1348 2170 ἐν
1374 2133 1524 2171 σαλεσιν
1555 2116 1703 2176 πολλοις

176 2181 335 2230 ἥμενος,
361 2179 555 2229 Ἀλκμάν.
607 2184 742 2219 Versus
767 2185 838 2219 huc
865 2195 887 2219 a
911 2195 971 2219 me
995 2184 1135 2219 relatus
1160 2185 1312 2229 propter
1335 2194 1573 2219 numerorum
1599 2183 1702 2218 simi-

176 2231 392 2275 litudinem‚
425 2242 515 2275 quos
546 2242 621 2267 non
652 2231 851 2267 admodum
877 2232 1132 2277 frequentasse
1157 2231 1304 2286 yidetur
1329 2231 1494 2266 Alcman.
1544 2230 1703 2266 Alcman

177 2279 375 2314 Herculem
414 2279 535 2314 dicere
571 2278 735 2322 videtur,
774 2279 836 2323 qui
873 2278 972 2314 vitae
1004 2277 1190 2314 aerumnis
1222 2278 1415 2314 defunctus
1447 2279 1703 2314 consummata

177 2325 360 2361 felicitate
385 2326 586 2362 fruebatur.
630 2326 843 2370 Herculem,
870 2337 979 2371 quem
999 2326 1130 2362 Graeci
1154 2325 1314 2362 heroicis
1339 2326 1400 2361 vel
1425 2325 1561 2361 divinis
1585 2325 1702 2361 hono-

177 2374 279 2409 ribus
314 2374 434 2409 colere
467 2373 654 2417 solebant,
693 2373 805 2408 etiam
843 2374 929 2419 post
958 2375 1116 2409 mortem
1145 2372 1269 2419 ἄνδρα
1299 2373 1374 2408 dici
1404 2385 1427 2408 a
1458 2374 1570 2418 poeea
1599 2372 1701 2408 illius

179 2420 320 2462 saeculi
344 2422 382 2456 et
407 2420 590 2466 Spartano
617 2420 787 2466 equidem
812 2432 887 2456 non
913 2421 1042 2457 miror:
1068 2432 1154 2456 nam
1180 2421 1337 2466 Spartae
1362 2420 1511 2465 quidem
1530 2419 1700 2455 Herculis

179 2478 284 2503 sacra
312 2479 383 2503 non
417 2468 592 2503 videntur
621 2478 667 2504 ea
695 2467 891 2525 religione,
932 2480 1042 2513 quam
1079 2468 1118 2503 in
1152 2468 1338 2514 plerisque
1369 2466 1452 2503 aliis
1484 2465 1699 2503 civitatibus

178 2516 506 2560 deprehendimus,
540 2516 642 2551 culta
665 2514 788 2551 fuisse.
834 2513 1071 2559 ἹΙρακλεῐον,
1103 2515 1204 2560 quod
1228 2514 1460 2551 Pausan.111
1487 2518 1541 2558 15,
1567 2518 1588 2549 3
1615 2515 1654 2550 et
1678 2519 1699 2549 ὃ

179 2564 376 2608 memorat,
409 2563 509 2598 haud
540 2562 651 2598 dubie
682 2562 757 2597 iam
782 2562 854 2597 fuit
885 2563 1114 2607 dedicatum,
1151 2574 1234 2598 cum
1259 2563 1415 2598 Alcman
1448 2561 1519 2597 hoc
1551 2573 1700 2597 carmen

179 2609 363 2654 condidi&
389 2610 466 2645 alia
490 2610 660 2645 Herculis
685 2610 793 2655 signa
817 2609 916 2645 idem
942 2591 1124 2645 memoral:
1149 2611 1199 2645 III
1227 2614 1282 2654 14,
1309 2614 1330 2645 6
1355 2610 1393 2645 et
1417 2613 1449 2644 9.

274 2658 331 2694 Fr.
361 2661 414 2693 11.
465 2657 638 2703 Apollon.
666 2657 710 2692 de
736 2669 837 2703 pron.
865 2659 997 2693 334Α.
1030 2655 1129 2693 Ἀλλά
1155 2657 1220 2693 καὶ
1242 2639 1394 2703 Ἀλκμὰν
1419 2652 1574 2703 πρώτῳ
1600 2653 1696 2692 Moi-

178 2718 288 2749 καρς
327 2702 507 2746 ἐκεῖνος
544 2706 647 2750 φησί.
696 2704 782 2740 Non
813 2706 886 2748 est,
919 2706 961 2740 ut
986 2707 1137 2750 putaui),
1168 2705 1269 2741 idem
1301 2705 1551 2750 fragmenlzum
1586 2705 1698 2749 atque

178 2763 454 2797 plaegressum,
481 2752 546 2787 sed
570 2753 683 2798 poessa
706 2762 781 2787 non
805 2753 882 2788 sine
908 2752 946 2788 vi
970 2753 1130 2797 quadam
1154 2752 1222 2788 illa
1245 2752 1399 2798 repetit,
1424 2751 1589 2786 auctiore
1614 2762 1699 2796 pro-

178 2800 338 2834 nominis
370 2800 488 2835 forma
518 2812 616 2835 usus.
664 2798 763 2835 Nam
793 2809 837 2835 ex
869 2799 1000 2835 eodem
1033 2800 1194 2835 carmine
1219 2801 1416 2844 utrumque
1446 2797 1697 2844 fragmentum

179 2857 260 2882 esse
286 2847 446 2901 petitum
476 2858 552 2882 non
583 2848 641 2882 esf,
671 2846 836 2883 dubium.
886 2847 1085 2900 Qommode
1111 2848 1236 2883 autem
1261 2846 1432 2893 Apollon.
1459 2845 1519 2880 hic
1544 2845 1699 2893 indicat,

180 2905 224 2931 ex
244 2894 367 2940 primo
391 2894 487 2929 libro
513 2895 635 2930 locum
660 2894 868 2930 desumtum
893 2905 980 2932 esse.
