1864 3126
615 70 918 109 FRAGMENTA
946 69 1213 107 ADESPOTA.
1594 67 1681 111 733

238 180 355 240 ἀρχά
386 198 432 226 τε
462 180 536 226 καὶ
567 181 720 239 τέρμα·
754 178 808 225 τὺ
839 179 914 224 καὶ
945 182 1109 236 σοφίας
1139 184 1295 232 θακεῖς
1326 164 1470 237 ἕδρας,

238 252 313 298 καὶ
343 250 478 311 τιμὰν
508 252 709 311 βροτέαις
740 252 960 309 ἐπέθηκας
991 254 1154 308 ἔργοις·

237 324 311 370 καὶ
342 323 392 369 τὸ
423 323 564 369 καλὸν
595 323 732 368 πλέον
763 320 791 381 ἢ
823 321 963 368 κακὸν
995 324 1042 367 ἐκ
1074 322 1225 378 σέθεν,
1257 320 1286 366 ἅ
1317 339 1364 366 τε
1394 321 1522 381 χάρις

191 408 213 440 5
242 394 399 454 λάμπει
430 395 530 454 περὶ
562 394 650 440 σὰν
680 395 875 453 πτέρυγα
907 394 1118 453 χρυσέαν·

237 467 311 511 καὶ
342 465 393 511 τὸ
425 470 502 525 τεᾷ
533 467 768 524 πλάστιγγι
801 465 943 511 δοθὲν
974 464 1356 523 μακαριστότατον
1386 467 1577 511 τελέθει·

237 536 292 583 τύ
324 536 367 583 δ’
402 537 652 596 ἀμαχανίας
683 537 828 596 πόρον
861 535 976 590 εἶδες
1006 537 1055 582 ἐν
1088 535 1292 594 ἄλγεσιν,

237 610 310 654 καὶ
343 610 548 669 λαμπρὸν
580 609 696 667 φάος
726 608 887 667 ἄγαγες
918 611 968 654 ἐν
993 608 1152 669 σκότῳ,
1178 609 1513 668 προφερεστάτα
1544 612 1680 654 θεῶν.

867 755 962 798 140.

237 851 642 874 ...Lusa-...Lu-

236 889 501 933 AALLA!

236 967 979 992 Auu-uu-0Luu-vu-2

236 1030 691 1052 Luu-LA-LA-

191 1081 643 1113 5Luu-!.uu..!

172 1148 883 1177 »Δυυ-υυ-υιυ-ιμ-

239 1209 694 1231 ..ιυυ-υυ-ΔΛ...

235 1263 642 1291 uzu-ubhu-

237 1327 262 1350 0
284 1333 309 1350 υ
333 1329 357 1350 ,Δ
379 1333 405 1350 υ
423 1311 452 1350 Ἀ.
475 1332 500 1349 υ
523 1332 548 1350 υ
572 1345 596 1350 .-

238 1397 419 1443 Κλωθώ
455 1397 648 1456 Λάχεσίς
677 1399 716 1443 τ’
751 1396 963 1443 εὐώλενοι

236 1473 397 1529 κοῦραι
432 1469 621 1526 Νυκτός,

144 1613 328 1659 Aeschylo
355 1612 509 1659 quidem
537 1613 578 1649 hi
602 1624 730 1649 versus
754 1614 867 1659 plane
893 1612 1020 1658 alieni,
1053 1613 1161 1649 huius
1195 1616 1332 1660 poetae
1358 1625 1493 1650 nomen
1519 1614 1679 1651 fortasse

141 1661 376 1697 referendum
401 1661 449 1697 ad
475 1673 621 1698 versum
648 1662 867 1707 adespoton,
893 1663 958 1707 qui
984 1661 1196 1706 praecedit:
1232 1659 1311 1697 Τὸν
1345 1659 1580 1708 εὐτυχοῦντα
1612 1663 1678 1698 καὶ

144 1713 301 1755 φρονεῖν
322 1710 534 1755 νομίζομεν.
577 1708 749 1744 Meineke
772 1710 1060 1755 Βακχυλίδου
1082 1709 1243 1755 scripsit,
1269 1710 1477 1746 mutatione
1497 1709 1584 1754 leni,
1613 1711 1678 1746 sed

143 1756 236 1792 mihi
274 1756 314 1791 hi
345 1768 471 1793 versus
503 1757 551 1792 ab
582 1757 788 1792 recentiore
820 1757 1012 1811 scriptore,
1039 1768 1062 1792 a
1086 1757 1313 1803 philosopho
1348 1757 1475 1803 potius
1508 1769 1620 1803 quam
1655 1770 1679 1794 a

144 1806 256 1850 poeta
287 1804 429 1840 conditi
461 1804 651 1840 videntur:
689 1815 810 1850 neque
847 1815 947 1840 emm
981 1804 1179 1851 Sophoclis
1210 1807 1314 1850 sunt,
1347 1816 1457 1851 quem
1489 1805 1676 1842 Fortunae

145 1862 282 1887 numen
308 1852 471 1888 carmine
498 1851 746 1888 celebravisse
766 1854 923 1896 constat,
949 1852 1035 1888 vide
1061 1863 1157 1898 quae
1177 1864 1220 1888 su
1247 1863 1290 1888 ra
1307 1853 1381 1888 vol.
1403 1857 1423 1888 2
1442 1864 1478 1898 p.
1500 1856 1569 1888 248
1590 1853 1678 1889 dixi.

145 1919 190 1925 —
209 1899 253 1936 V.
271 1903 301 1935 1.
327 1896 433 1945 τύχα,
458 1900 490 1934 A
503 1897 632 1945 τύχαν.
656 1921 696 1925 -
719 1899 762 1935 V.
783 1903 815 1935 2.
836 1895 934 1945 άρχὰ
955 1901 1023 1935 καί
1038 1912 1077 1935 τε
1099 1865 1283 1945 Meine{e‚
1309 1897 1408 1946 ἀρχὰ
1428 1901 1494 1936 καὶ
1512 1900 1612 1936 libri.
1633 1922 1677 1927 —

144 1944 970 2041 35⁰t⁰2322²iss³‘fflsszz’assssffessissss‘553?..153
992 1946 1678 2042 ἔῗῗὲαξὲοἶεὲαἲξὲοἷὸῗξὲἒῗὲῗῗ

383 2023 393 2038 ⁷
810 2031 818 2044 ,
859 2022 869 2039 ⁵
1513 2032 1522 2045 ,
1556 2022 1565 2040 s
1670 2025 1678 2032 ·

144 2042 260 2079 Bekk.
286 2043 355 2079 Au.
381 2042 398 2077 I
422 2046 503 2087 372,
530 2046 562 2078 5.
596 2063 640 2069 —
674 2042 717 2078 V.
743 2047 776 2078 4.
803 2040 922 2079 καλὸν
950 2043 1058 2088 VAE,
1091 2055 1124 2079 v.
1152 2008 1300 2079 κΞλλον.
1329 2064 1370 2069 -
1405 2009 1545 2087 κακὲν,
1578 2044 1677 2079 VAE

144 2087 272 2126 καλόν.
302 2110 342 2115 -
363 2088 407 2125 V.
429 2094 461 2126 5.
489 2088 651 2135 χρυσέαν
671 2089 782 2135 VAE,
810 2103 844 2126 v.
865 2088 1034 2137 χρύσεον.
1062 2111 1106 2117 -
1133 2091 1176 2127 V.
1199 2095 1231 2127 6.
1257 2091 1324 2126 teo?
1349 2089 1546 2137 πλάστιγγι
1566 2091 1678 2135 VAE,

144 2149 177 2173 v.
202 2150 241 2173 τε
275 2133 508 2183 ἀπλάστιγγι.
541 2158 586 2164 -
617 2137 663 2173 V.
698 2142 729 2175 7.
762 2135 879 2182 εἶδες,
911 2138 996 2175 fort.
1030 2132 1176 2183 εὗρες.
1213 2159 1254 2164 -
1283 2127 1326 2175 V.
1353 2142 1386 2174 8.
1420 2135 1578 2184 ἄγαγες,
1613 2137 1676 2174 ΑΕ

143 2181 293 2230 ἤγαγες,
319 2196 352 2221 v.
378 2181 528 2230 ἅγανες.
555 2206 599 2211 -
627 2182 669 2221 ἐν
695 2183 828 2234 σκότῳ,
854 2186 939 2222 fort.
966 2183 1014 2221 ἐκ
1041 2183 1218 2222 σκότου.
1246 2207 1288 2211 -
1316 2184 1618 2231 προφερεστάτα,
1645 2186 1678 2221 V

144 2230 443 2286 neamenim-aya,
469 2234 500 2267 A
525 2231 832 2278 προφανέστατα,
858 2233 887 2268 Ε
914 2230 1241 2279 προφανέστατον,
1273 2245 1308 2269 v.
1333 2232 1675 2279 προφερκέστατον.

149 2300 188 2305 —-
219 2278 402 2316 Carminis
427 2291 666 2316 numerorum
693 2279 888 2327 discriptio
913 2281 1069 2317 incerta.

242 2362 299 2398 Fr.
329 2366 407 2398 140.
459 2362 562 2399 Stob.
589 2363 667 2400 Ecl.
692 2363 710 2398 I
735 2367 757 2400 ὅ
786 2368 840 2400 12.
872 2364 936 2400 ubi
968 2365 1041 2400 hoc
1066 2364 1316 2410 fragmentum
1347 2364 1554 2410 adespoton
1585 2365 1678 2411 legi-

147 2414 220 2456 tur,
244 2409 476 2456 praecedunt
500 2410 540 2446 et
562 2411 839 2457 subsequuntur
863 2422 991 2447 versus
1018 2411 1211 2457 Sophoclis
1239 2410 1498 2458 (Σοφοκλέους
1523 2407 1564 2447 ἐκ
1586 2413 1678 2447 Φαί-

147 2460 266 2505 δρας),
298 2458 424 2504 itaque
455 2458 576 2503 possis
606 2458 788 2513 suspicari
819 2459 935 2495 etiam
967 2459 1035 2495 hos
1066 2469 1194 2495 versus
1229 2460 1417 2505 Sophoclis
1441 2470 1521 2494 esse
1546 2460 1608 2495 vel
1633 2470 1678 2495 ex

146 2505 298 2543 chorico
324 2503 488 2541 carmine
512 2506 732 2551 tragoediae
757 2506 916 2542 alicuius
943 2507 1157 2553 depromtos
1183 2507 1308 2543 velex
1328 2506 1510 2552 peculiari
1535 2507 1674 2552 hymno

145 2553 183 2589 in
207 2553 423 2598 Fortunam,
447 2551 524 2589 vid.
545 2563 656 2599 supra
675 2554 748 2589 vol.
769 2558 790 2588 2
810 2565 846 2599 p.
867 2557 948 2591 248.
993 2554 1091 2590 Olim
1114 2554 1279 2590 Pindari
1303 2555 1397 2591 haec
1422 2565 1504 2590 esse
1523 2554 1678 2599 conieci,

144 2603 188 2637 ut
213 2600 289 2637 sint
313 2598 434 2646 petita
460 2611 504 2635 ex
531 2600 678 2646 Hymno
702 2600 740 2636 in
767 2601 981 2644 Fortunam,
1012 2601 1088 2637 vid.
1120 2602 1178 2637 Fr.
1204 2601 1358 2637 Pindari
1383 2605 1535 2637 38-41,
1586 2602 1676 2638 Mei-

147 2649 243 2685 neke
269 2648 471 2685 Simo-nidis
496 2647 556 2683 vel
574 2647 813 2694 Bacchylidis
839 2660 918 2685 esse
942 2650 1052 2695 putat
1075 2649 1144 2685 hos
1163 2660 1301 2685 versus.
1329 2669 1373 2675 —
1400 2648 1444 2685 V.
1467 2654 1498 2685 1.
1525 2649 1677 2686 Conieci

145 2694 256 2732 Αἶσα
282 2694 360 2732 καὶ
386 2692 533 2731 Κλωθὼ
559 2693 720 2741 Λάχεσίς
744 2707 796 2739 τε,
821 2697 864 2731 ut
887 2697 963 2732 tres
988 2695 1127 2732 Parcae
1151 2695 1383 2741 invocentur,
1413 2695 1524 2732 facile
1549 2698 1676 2734 autem

146 2743 239 2780 haec
276 2744 350 2779 duo
388 2742 571 2779 vocabula
601 2744 806 2788 potuerunt
836 2742 1067 2787 oblitterari,
1100 2755 1183 2779 cnm
1215 2743 1441 2790 praecedens
1479 2744 1677 2790 Sophoclis

234 2792 403 2827 mentum
434 2790 655 2826 terminetur
686 2801 774 2826 voce
807 2787 907 2826 αἶσα.
957 2790 1082 2826 Etiam
1114 2790 1295 2827 Homerus
1327 2788 1443 2826 Αἷσαν
1469 2794 1509 2827 et
1533 2803 1676 2828 sorores

146 2837 293 2873 videtur
319 2837 441 2873 dicere
468 2837 536 2872 Od.
565 2836 630 2872 Vll
662 2841 727 2873 197
753 2832 851 2873 ἅσσα
877 2835 918 2873 οἱ
939 2836 1031 2873 Αἶσα
1058 2837 1302 2880 κατακλῶθές
1325 2850 1364 2874 τε
1385 2838 1535 2885 βαρεῖαι
1555 2852 1675 2885 γεινο-
