1864 3126
187 121 273 164 552
486 146 488 151 .
754 117 944 154 POETAE
970 117 1145 155 MELIOI.
1202 91 1204 93 ’

186 228 301 284 βύζα·
334 229 484 283 ἔφυγον
516 227 558 270 δὲ
589 230 634 269 αἱ
659 233 760 283 τρεῖς
789 226 861 282 τὴν
891 225 1020 282 αὐγὴν
1055 231 1126 269 τοῦ
1161 225 1288 282 ἡλίου.
1350 229 1522 270 Carmen
1550 229 1708 270 videtur

190 292 386 335 Μινυοὶδ
394 310 439 343 ες
470 295 704 346 inscriptum
734 296 869 346 fuisse,
900 295 990 335 vide
1021 296 1071 334 ad
1102 296 1149 334 fr.
1180 297 1245 335 19.
1297 296 1482 335 Fortasse
1514 296 1592 335 huc
1621 307 1708 346 per-

189 362 292 400 tinet
322 362 370 400 fr.
404 362 480 399 24:

737 426 833 473 Τεῦς
863 420 938 478 γὰρ
970 420 991 465 ὅ
1021 426 1175 477 κλᾶρος.

919 564 985 607 33.

309 651 435 690 Schol.
469 651 604 700 Eurip.
637 650 783 690 Phoen.
817 651 891 689 26:
933 647 1044 698 Τινὲς
1083 648 1126 689 δὲ
1163 649 1229 689 καὶ
1265 647 1337 702 τὴν
1368 649 1512 703 μητέρα
1541 646 1611 691 ὑπ’
1645 647 1714 692 αὖ·

189 719 259 756 τοῦ
285 710 541 770 (Οἰδίποδος)
568 711 810 767 ἀνῃρῆσθαι,
835 710 987 770 ἀνελεῖν
1013 713 1055 754 δὲ
1081 711 1202 755 αὐτὸν
1227 711 1274 755 οὗ
1301 711 1424 767 μόνον
1447 712 1520 767 τὴν
1539 716 1713 769 Σφίγγα,

191 777 287 820 ἀλλὰ
312 779 379 820 καὶ
402 776 475 831 τὴν
503 780 726 832 Τευμησίαν
753 775 809 833 (A
833 776 1046 834 Τεμησίαν)
1073 775 1269 830 ἀλώπεκα,
1294 776 1346 828 ὦς
1371 777 1560 832 Κόριννα.
1606 781 1714 821 Haec

192 847 323 885 omnia
363 846 521 886 videtur
562 845 733 885 Corinna
775 845 1005 896 tradidisse3
1049 846 1096 884 de
1140 859 1275 896 pugna
1318 859 1406 885 oum
1450 846 1625 898 Sphinge
1665 846 1712 886 of.

193 905 415 961 Overbeok.
442 910 647 950 heroisohe
678 910 903 950 Bildwerke
933 925 970 961 p.
1006 912 1071 951 19.

920 1050 990 1092 34.

311 1137 441 1176 Schol.
477 1137 601 1176 Aris'n.
639 1136 810 1176 Acharn.
848 1150 885 1176 v.
919 1138 1020 1176 720:
1063 1132 1350 1190 Ἀγοράζειν,
1387 1135 1431 1176 ἐν
1467 1133 1591 1193 ἀγορᾷ
1629 1137 1716 1177 δια-

192 1202 337 1254 τρίβειν
363 1200 406 1240 ἕν
432 1199 587 1254 ἐξουσίᾳ
617 1199 684 1240 καὶ
708 1202 905 1256 παρρησίᾳ
930 1200 1033 1241 ἐστὶν
1058 1198 1231 1253 ἆττικῶς,
1256 1199 1355 1242 ὅθεν
1379 1202 1445 1242 καὶ
1469 1199 1494 1255 ἡ
1522 1198 1717 1255 Κόριννα,

193 1265 271 1305 ἐστὶ
301 1267 370 1306 τοῦ
401 1262 610 1318 Πινδάρου
642 1262 837 1306 ἆττικιστί·
879 1265 961 1306 ἐπεὶ
997 1266 1062 1306 καὶ
1102 1266 1145 1306 ἐν
1179 1269 1232 1322 τῷ
1268 1264 1408 1323 πρώτῳ
1444 1269 1522 1307 τῶν
1560 1269 1717 1319 Παρθε-

194 1331 292 1371 νίων
323 1326 508 1383 ἐχρήσατο
540 1332 586 1385 τῇ
616 1328 724 1378 λέξει.
785 1331 914 1372 Locus
946 1335 1168 1390 corruptugs,
1199 1333 1277 1373 vid.
1309 1334 1359 1373 ad
1390 1333 1502 1374 Pind.
1533 1333 1585 1373 fr.
1619 1335 1714 1373 103.

925 1471 993 1515 35.

314 1558 451 1599 ΒοὴοΙ.
480 1559 595 1598 Hom.
633 1558 680 1598 11.
712 1573 734 1611 ρ
768 1560 870 1598 197;
913 1554 1045 1611 Γηροὶς
1075 1589 1084 1598 .
1105 1590 1113 1598 .
1135 1589 1144 1599 .
1183 1557 1250 1599 καὶ
1288 1554 1325 1598 κ’
1369 1555 1517 1612 ὤριννα
1552 1560 1721 1612 βροντᾶς

197 1620 285 1663 ἀντὶ
313 1625 384 1664 τοῦ
421 1618 652 1676 βροντήσας.
714 1625 836 1663 Recte
868 1623 1142 1664 Schneidewin
1179 1637 1268 1664 oum
1305 1625 1393 1665 aliis
1432 1626 1602 1665 correxit
1637 1620 1720 1665 Κό-

198 1704 313 1741 ριννα
344 1685 559 1741 βροντάς,
592 1690 696 1740 quod
723 1688 850 1728 Cobet
879 1702 1006 1739 nuper
1030 1692 1221 1740 tanquam
1246 1703 1270 1729 a
1295 1703 1338 1730 se
1362 1690 1490 1740 primo
1515 1692 1718 1740 repertum

195 1755 375 1805 protulit.
425 1754 558 1804 Atque
590 1755 754 1793 fuerunt
785 1754 852 1804 qui
884 1754 984 1793 hano
1009 1755 1180 1794 formam
1195 1755 1327 1811 *etiam
1352 1755 1458 1805 apud
1484 1754 1720 1805 Sophoclem

197 1820 365 1859 Philoch.
401 1821 511 1858 1199
546 1820 622 1858 sibi
654 1820 959 1870 deprehendisse
990 1821 1067 1860 visi
1099 1822 1203 1870 sunt,
1234 1820 1312 1860 vid.
1346 1820 1491 1859 SchoL:
1523 1818 1602 1859 ἔστι
1631 1817 1723 1872 μέν·

197 1898 257 1923 τοι
287 1882 352 1923 καὶ
389 1884 526 1936 λαβεῖν
562 1885 763 1936 βροντᾶς
800 1880 886 1924 ἀντὶ
921 1886 990 1925 τοῦ
1027 1880 1263 1937 βροντήσας,
1300 1885 1324 1923 i.
1357 1897 1390 1925 e.
1421 1880 1605 1937 βροντάς..
1659 1884 1720 1925 Cf.

200 1962 300 1999 quae
331 1948 519 1987 adnotavi
550 1948 600 1987 ad
630 1948 742 1987 Pind.
775 1949 890 1999 Pyth.
926 1951 965 2000 4,
998 1951 1065 1988 23.

926 2076 996 2119 36.

318 2162 502 2212 Apollon.
541 2162 590 2201 de
626 2175 736 2212 pron.
777 2164 859 2202 366
888 2163 939 2202 B:
972 2159 1088 2202 ’Ἐστι
1130 2160 1195 2201 καὶ
1235 2178 1261 2214 η
1303 2160 1372 2202 ἓῒν
1413 2157 1492 2202 ἀπὸ
1533 2163 1601 2214 τῆς
1641 2161 1724 2201 τεῒν

201 2223 309 2280 παρὰ
333 2223 548 2281 Ἀντιμάχῳ
579 2225 645 2266 καὶ
675 2227 853 2280 Κορίννῃ
885 2225 948 2266 ἐπὶ
989 2227 1144 2279 δοτικῆς
1181 2222 1307 2280 (recte
1337 2228 1497 2267 Bekker
1527 2226 1722 2267 αἰτιατι-

202 2294 287 2344 κῆς
318 2286 504 2345 coniecit)
537 2288 622 2332 ἔσθ’
657 2288 719 2332 ὅτε
749 2290 1145 2345 παραλαμβανομένη.

931 2420 999 2463 37.

321 2511 506 2562 Apollon.
546 2512 595 2551 de
632 2512 749 2551 Pron.
782 2514 867 2551 354
888 2511 937 2551 C:
967 2507 1024 2550 ‘H
1056 2510 1198 2564 ἐμοῦς
1233 2507 1347 2563 κοινὴ
1385 2503 1484 2551 οὖσα
1518 2513 1724 2564 Συρακου-

205 2576 300 2616 σίων
330 2575 397 2616 nai
427 2578 624 2628 Βοιωτῶν,
655 2573 759 2617 καθὸ
791 2576 857 2616 καὶ
887 2573 1066 2629 Κόριννα
1095 2575 1162 2616 καὶ
1187 2572 1424 2629 Ἐπίχαρμος
1454 2571 1651 2629 ἐχρήσατο.

931 2695 1000 2747 38.
1181 2689 1204 2712 ⁸
1322 2681 1326 2684 ⁴
1631 2713 1725 2746 1214

325 2789 623 2830 Choeroboscus
653 2791 673 2830 I
710 2791 766 2830 80
805 2785 948 2844 (Bekk.
980 2790 1056 2831 An.
1086 2788 1150 2829 111
1183 2784 1334 2843 1381):
1374 2787 1585 2841 Θρᾶνυξ,
1621 2784 1723 2840 θρά-

207 2867 330 2900 ,νυκος
362 2851 426 2892 ἐπὶ
455 2855 524 2894 τοῦ
554 2850 709 2906 θρόνου
739 2850 846 2907 παρὰ
877 2854 1067 2908 Κορίννῃ.
1128 2854 1186 2895 Cf.
1217 2856 1271 2895 ib.
1303 2855 1369 2894 81.
