1864 3126
736 113 1020 154 ANACREON.
1538 144 1545 151 .
1564 111 1650 156 287

118 226 302 284 τράπεζαι
330 227 504 284 πλήρεις,
536 225 590 279 ὦς
619 225 726 283 παρὰ
756 232 916 277 πολλοῖς
940 230 1019 269 τῶν
1044 223 1260 281 βαρβάρων
1285 225 1339 267 ἔτι
1364 225 1431 267 καὶ
1455 229 1532 267 νῦν
1557 225 1652 275 ἔθος

119 293 216 347 ἔστί,
246 294 533 349 κατηρεφέες
562 295 803 336 παντοίων
833 291 1033 348 ἀγαθῶν
1063 289 1160 333 κατὰ
1187 289 1459 344 Ἀνακρέοντα.

757 410 1019 465 122.[137]

240 497 408 550 Gregor.
440 500 481 539 in
512 499 702 550 Hermog.
734 498 870 538 Rhett.
902 497 981 536 VII
1022 498 1152 536 1236:
1198 495 1379 548 Αἰσχρῶς
1422 491 1494 547 μὲν
1535 498 1652 536 κολα-

119 559 223 604 κεύει
254 560 326 616 τὴν
357 560 485 616 άκοὴν
515 562 663 614 ἐκεῖνα,
700 559 774 604 ὅσα
810 560 908 603 εἰσὶν
945 557 1125 615 ἐρωτικά·
1163 556 1250 601 οἷον
1287 556 1333 600 τὰ
1360 557 1652 613 Ἀνακρέοντος,

119 625 166 669 τὰ
196 627 412 680 Σαπφοῦς·
445 625 532 670 οἷον
555 625 744 682 γάλακτος
769 625 990 679 λευκοτέρα,
1014 623 1159 675 ὕδατος
1183 621 1426 677 ἁπαλωτέρα,
1451 626 1653 678 πηκτίδων
1716 622 1720 626 ’

66 746 74 752 β
119 693 381 749 ἐμμελεστέρα,
412 694 536 736 ἵππου
566 692 800 748 γαυροτέρα,
831 690 964 747 ῥόδων
995 688 1205 746 ἇβροτέρα,
1242 691 1398 743 ἱματίου
1431 689 1557 731 ἑανοῦ
1583 708 1652 744 μα-
1716 732 1723 739 ,

118 758 334 812 λακωτέρα,
379 762 528 821 χρυσοῦ
569 758 782 812 τιμιωτέρα.
850 759 909 799 Cf.
948 758 1108 810 Sappho
1153 758 1201 797 fr.
1243 759 1338 796 122.
1379 759 1476 797 123.
1542 758 1652 805 Quae

119 827 302 877 exempla
333 840 379 866 ox
412 828 662 866 Anacreonte
695 825 776 865 sint
805 825 1031 875 desumpta,
1061 824 1271 864 incertum.

754 952 1018 1006 123.[128]

237 1040 380 1080 Pollux
411 1040 469 1079 VI
506 1042 606 1080 107:
634 1035 857 1091 Ἀνακρέων
889 1035 932 1078 δὲ
962 1036 1030 1078 καὶ
1060 1033 1256 1090 μύρτοις
1294 1041 1657 1090 στεφανοῦσθαί

117 1117 215 1157 φησι
255 1103 321 1144 καὶ
353 1101 634 1157 κοριάννοις
674 1103 741 1144 καὶ
781 1100 886 1161 αὐτῷ
927 1099 1024 1156 (om.
1057 1104 1105 1156 A,
1137 1105 1249 1154 legas
1281 1102 1346 1143 καὶ
1388 1101 1532 1160 λύγῳ,
1574 1107 1653 1145 vid,

116 1171 171 1222 fr.>
192 1167 267 1223 42)
300 1168 366 1209 καὶ
398 1170 650 1225 Ναυκρατίτῃ
676 1166 857 1224 στεφάνῳ
884 1164 1112 1224 (σάμψυχος
1139 1162 1254 1217 οὗτος
1278 1161 1349 1222 ἦν)
1375 1164 1472 1222 (vid.
1500 1172 1547 1210 fr.
1575 1168 1651 1222 83)

115 1233 182 1275 καὶ
212 1231 387 1291 ἆνήτῳ,
418 1231 472 1284 ὦς
502 1234 569 1275 καὶ
599 1231 760 1287 Σαπφὼ
790 1233 857 1275 καὶ
882 1231 1073 1283 Ἀλκαῖος.

751 1363 1018 1417 124„[139]

238 1450 389 1491 Himer.
416 1449 483 1491 Or.
515 1450 578 1489 III
605 1453 649 1490 3:
683 1453 830 1501 Χαῖρε
862 1450 1003 1501 φίλον
1036 1446 1158 1500 φάος
1188 1450 1400 1502 χαρίεντι
1432 1445 1653 1502 μειδιόον

118 1512 372 1572 προσώπῳ·
406 1514 519 1568 μέλος
549 1512 624 1569 γάρ
654 1532 690 1556 τι
720 1511 855 1568 λαβὼν
886 1514 929 1556 ἐκ
959 1518 1028 1567 τῆς
1058 1512 1178 1568 λύρας
1215 1515 1270 1564 εἰς
1306 1512 1378 1567 τὴν
1409 1510 1484 1567 σὴν
1515 1513 1652 1566 ἐπιδη-

117 1581 212 1633 μίαν
252 1577 518 1637 προσᾴσομαι,
555 1575 683 1633 ἡδέως
721 1578 793 1633 μὲν
829 1576 882 1620 ἂν
917 1581 1055 1629 πείσας
1091 1581 1157 1620 καὶ
1202 1577 1346 1629 αὐτοὺς
1382 1576 1474 1628 τοὺς
1510 1576 1654 1633 λόγους

119 1642 245 1699 λύραν
286 1661 352 1698 μοι
389 1644 576 1700 γενέσθαι
614 1644 681 1686 καὶ
717 1646 898 1699 ποίησιν,
936 1645 1018 1686 ἴνα’
1038 1661 1074 1686 τι
1110 1642 1208 1686 κατὰ
1245 1648 1317 1686 σοῦ
1354 1641 1654 1697 νεανιεύσωμαι,

116 1707 259 1752 ὁποῖον
302 1711 531 1763 Σιμωνίδης
572 1706 598 1763 ἢ
644 1712 848 1765 Πίνδαρος
893 1708 990 1752 κατὰ
1034 1708 1237 1752 Διονύσου
1287 1709 1354 1751 καὶ
1394 1707 1653 1758 Ἀπόλλωνος.

112 1773 222 1817 Ἐπεὶ
254 1774 296 1817 δὲ
327 1773 521 1830 ἆγέρωχοί
548 1791 586 1816 τε
617 1774 727 1825 ὄντες
757 1776 823 1817 καὶ
854 1773 1080 1830 ὑψαυχένες
1121 1774 1264 1829 ι’ίφετοί
1297 1791 1336 1816 τε
1372 1774 1438 1816 καὶ
1476 1775 1548 1824 ἔξω
1586 1774 1652 1827 μέ-

115 1857 219 1895 τρων
258 1838 501 1894 ἀθύρουσιν,
543 1838 654 1896 ὀλίγα
697 1841 968 1896 παρακαλέσας
1010 1839 1082 1895 τὴν
1124 1843 1284 1895 ποίησιν
1327 1842 1473 1882 δοῦναί
1509 1842 1579 1894 μοί
1617 1857 1652 1881 τι

117 1905 231 1959 μέλος
277 1903 417 1959 Τήϊον·
458 1903 603 1959 ταύτην
641 1904 716 1961 γὰρ
758 1911 860 1960 φιλῶ
900 1905 973 1961 τὴν
1013 1910 1206 1948 Μοῦσαν·
1245 1907 1287 1948 ἐκ
1327 1910 1406 1947 τῶν
1442 1903 1652 1947 ἀποθέτων

117 1975 196 2013 τῶν
221 1968 501 2025 Ἀνακρέοντος
531 1967 673 2013 τοῦτόν
705 1985 767 2014 σοι
798 1971 934 2026 φέρων
963 1970 1033 2014 τὸν
1064 1970 1192 2026 ὕμνον
1222 1972 1396 2026 ἔρχομαι,
1427 1973 1496 2013 καί
1521 1988 1556 2012 τι
1587 1970 1653 2012 καὶ

117 2034 236 2086 αὐτὸς
265 2036 454 2091 προσθεὶς
483 2039 536 2094 τῷ
567 2034 724 2093 ᾅσματι·
760 2031 810 2078 Ὦ
853 2035 976 2090 φάος
1013 2034 1253 2091 Ἑλλήνων
1296 2037 1374 2078 καὶ
1417 2040 1506 2078 τῶν
1549 2034 1653 2078 ὅσοι

118 2098 368 2151 Παλλάδος
410 2098 540 2155 ἱερὸν
589 2099 802 2144 δάπεδον
850 2100 1097 2144 Μουσάων
1139 2118 1184 2143 τε
1227 2100 1346 2156 ἅλση
1396 2099 1651 2155 νεμόμεθα.

119 2169 172 2207 Et
201 2169 376 2219 primora
406 2170 447 2208 et
483 2168 581 2208 haec
617 2169 835 2209 novissima
870 2182 918 2208 ex
955 2171 1076 2220 poeta.
1113 2170 1247 2220 aliquo
1285 2170 1414 2221 petita
1450 2169 1651 2216 videntur,

119 2235 160 2271 et
191 2234 374 2272 crederes
405 2233 455 2272 ad
487 2234 749 2274 Anacreontis
779 2234 1046 2274 imitationem
1077 2235 1298 2286 composita
1336 2248 1440 2285 esse,
1478 2234 1555 2272 nisi
1587 2246 1649 2272 so·
1713 2261 1719 2267 .

120 2298 256 2349 phista.
287 2296 335 2337 ἐκ
365 2299 455 2336 τῶν
486 2293 738 2339 ἀποθέτων
769 2299 990 2348 adiecisset,
1015 2300 1057 2338 id
1082 2300 1190 2350 quod
1221 2299 1337 2339 valde
1369 2299 1514 2338 minuit
1538 2298 1650 2337 testi-

118 2364 240 2403 monii
283 2363 412 2411 fidem.
475 2362 574 2401 Cum
615 2364 774 2403 exordio
815 2377 1021 2416 compares
1062 2364 1289 2415 symbolum
1330 2365 1545 2415 mysticum
1586 2376 1648 2414 ap.
1678 2367 1767 2398 1039

119 2429 239 2469 Firm.
273 2429 440 2468 Matern.
473 2442 509 2479 p.
543 2430 619 2468 26:
649 2431 772 2482 χαῖρε,
803 2429 964 2482 νυμφίε,
994 2433 1103 2482 χαῖρε
1134 2427 1228 2469 νέον
1259 2431 1355 2480 φῶς.
1407 2430 1650 2468 Anacreonti

117 2493 320 2533 abiudicat
349 2493 480 2533 Blass.

753 2586 847 2629 125.
880 2586 1016 2640 [140.]

239 2671 390 2711 Himer.
423 2672 490 2712 Or.
522 2672 578 2711 IV
612 2674 655 2711 3:
702 2670 802 2724 Φέρε
840 2665 934 2722 οὖν,
974 2667 1109 2724 ἐπειδὴ
1150 2670 1216 2711 καὶ
1259 2667 1380 2724 ἡμᾶς,
1425 2664 1456 2711 ὦ
1498 2672 1649 2721 παῖδες,

119 2732 249 2788 ὥσπερ
278 2752 336 2785 τις
365 2733 475 2786 θεός,
506 2733 575 2777 ὅδε
606 2733 628 2777 ὁ
658 2733 761 2789 ἀνὴρ
792 2737 940 2788 φαίνει,
971 2735 1080 2784 οἴους
1110 2735 1270 2787 ποιηταὶ
1293 2733 1480 2785 πολλάκις
1504 2737 1559 2786 εἰς
1583 2733 1650 2777 άν-

119 2798 297 2854 θροὶπων
327 2802 412 2854 εἴδη
452 2798 609 2854 μορφάς
644 2817 682 2841 τε
719 2802 898 2850 ποικίλας
937 2797 1163 2854 ἀμείβοντες
1198 2798 1330 2850 πόλεις
1365 2817 1404 2842 τε
1441 2803 1495 2851 εἰς
1531 2802 1650 2855 μέσας

119 2865 186 2905 καὶ
215 2864 367 2919 δήμους
397 2863 583 2920 ἄγουσιν,
622 2863 852 2919 ἀνθρώπων
881 2860 1001 2920 ’ὕβριν
1031 2881 1070 2907 τε
1099 2865 1164 2906 καὶ
1197 2863 1386 2919 εὐνομίην
1417 2866 1648 2919 ἐφέποντας,
