1864 3126
161 89 249 135 520
486 146 488 150 .
687 139 690 142 p
722 93 916 132 ΡΟΕΤΑΕ
941 94 1118 134 MELIOI.

162 205 293 243 facere
325 205 437 243 decet
468 205 586 244 huius
618 207 778 256 erroris,
807 219 900 246 nam
932 208 982 247 ab
1013 208 1233 260 interprete
1257 212 1392 263 aliquo
1418 213 1587 253 orationi
1611 214 1686 254 hos

162 282 301 309 versus
327 269 498 309 insertos
525 283 612 310 esse
644 271 771 310 critici
801 272 1180 315 animadverterunt.
1219 276 1365 317 Orator
1396 278 1568 317 scribam
1598 291 1680 318 car-

163 346 254 372 men
285 334 452 373 recitare
484 335 669 387 iusserat,
701 338 1032 387 quemadmodum
1064 339 1251 390 Leptines
1277 342 1319 380 in
1343 342 1521 382 oratione
1551 328 1689 384 adver-

165 411 231 437 sus
263 398 583 451 Demosthenem,
615 402 693 442 vid.
725 402 943 452 Leptineae
975 402 1001 454 ξ
1031 406 1125 444 112.
1186 406 1294 445 Haec
1325 406 1534 447 Aeschinis
1565 408 1689 448 verba

167 464 333 502 sustulit
363 464 626 515 interpolator
657 470 776 518 atque
807 468 1017 507 substituit
1047 469 1178 519 ipsum
1209 483 1378 521 carmen,
1409 484 1504 511 usus
1534 473 1687 522 'pariter

165 531 284 578 atque
316 528 554 570 Plutarchus
586 532 814 583 periegetae
846 533 1012 572 alicuius
1043 534 1159 584 libro,
1184 548 1277 574 nam
1307 537 1438 587 ipsum
1462 551 1690 579 monumen-

166 593 251 631 tum
282 593 491 632 Plutarchi
522 596 680 635 saeculo
711 596 885 636 fortasse
921 598 1002 636 iam
1042 599 1257 640 sublatum.
1318 601 1518 642 Lectionis
1555 606 1690 643 autem

166 670 213 697 ea
244 660 305 697 est
336 659 560 710 diversitas,
592 663 638 699 ut
669 664 859 711 appareat
891 663 1058 702 diversis
1090 666 1317 705 auctoribus
1356 679 1450 706 usos
1482 680 1586 716 esse,
1619 669 1690 708 sed

165 736 243 762 non
274 725 403 763 solum
433 725 475 763 in
506 738 629 775 parvo
662 727 937 776 supplemento
962 729 1109 780 πρῶτοι
1135 732 1373 783 conspirant,
1399 745 1540 772 verum
1566 733 1690 772 etiam

165 789 316 827 iustum
355 789 534 828 ordinem
573 791 785 829 titulorum
816 792 968 842 pariter
1006 796 1302 843 perverterunt:
1340 799 1508 847 apparet
1538 799 1689 841 utrum-

167 866 244 903 que
282 866 458 892 errorem
495 856 749 895 commissum
797 869 884 896 esse
922 857 972 896 ab
1010 870 1073 908 eo,
1110 861 1179 910 qui
1214 860 1366 915 primus
1403 852 1692 914 epigrammata

166 919 377 969 descripsit
408 920 449 958 et
479 920 625 960 litteris
655 924 911 972 propagavit:
942 926 1082 973 postea
1106 925 1176 964 alii
1205 927 1333 965 denuo
1363 926 1521 967 hermas
1547 928 1692 968 exami-

166 986 309 1023 nantes
342 984 422 1022 alia
453 985 621 1023 obscura
651 987 716 1025 vel
746 989 852 1026 male
883 988 1022 1028 habita
1059 991 1205 1029 rectius
1236 991 1408 1031 fortasse
1438 992 1694 1043 interpretati

169 1051 262 1088 sunt
294 1049 377 1088 sive
418 1062 488 1088 suo
526 1051 702 1100 periculo
740 1053 1135 1104 redintegraverunt,
1177 1057 1246 1094 sed
1283 1059 1499 1096 tenuerunt
1535 1059 1692 1110 πρῶτοι,

165 1114 244 1153 rati
288 1114 329 1152 id
372 1114 503 1163 ipsum
543 1117 751 1166 antiquum
791 1119 1037 1169 periegetam
1078 1120 1122 1158 in
1159 1124 1414 1161 monumento
1456 1123 1692 1173 repperisse,

168 1179 427 1230 eundemque,
446 1181 493 1218 ut
512 1181 609 1220 clari
637 1181 715 1221 viri
733 1184 952 1223 auctoritas
978 1184 1123 1223 mentis
1149 1185 1366 1225 luminibus
1397 1187 1556 1227 officere
1580 1188 1692 1237 solet,

168 1243 291 1282 etiam
322 1243 449 1283 secuti
480 1248 575 1284 sunt
605 1246 648 1284 in
677 1246 884 1296 particulis
910 1249 1094 1288 carminis
1121 1247 1410 1304 ordinandis.*)
1459 1252 1693 1304 Periegetae

166 1322 327 1358 nomen,
365 1309 434 1358 qui
464 1310 616 1359 primus
647 1312 906 1362 interpolavit
938 1313 1202 1364 epigramma,
1238 1329 1317 1355 non
1353 1316 1449 1355 licet
1485 1317 1691 1368 indagare,

165 1375 286 1412 multi
326 1375 430 1413 enim
472 1376 533 1414 his
576 1376 720 1415 studiis
749 1389 918 1430 ⁴operam
960 1378 1171 1430 dederunt3
1213 1381 1473 1421 Philochorus
1521 1382 1692 1434 quidem,

167 1451 286 1489 quem
317 1438 458 1478 Suidas
486 1435 637 1480 Ἀττικὰ
668 1438 936 1494 ἐπιγράμματα
966 1444 1177 1495 collegisse
1214 1447 1406 1497 testatur,
1447 1447 1580 1486 nobile
1619 1449 1692 1488 hoc

169 1506 389 1544 encomium
419 1506 526 1545 haud
558 1507 678 1545 dubie
707 1509 858 1558 recepit
887 1508 931 1548 in
960 1509 1149 1559 ordinem,
1181 1524 1310 1562 neque
1341 1512 1537 1552 Menecles
1567 1513 1693 1562 perie-

168 1573 272 1621 geta,
305 1584 423 1621 quem
455 1572 503 1610 de
534 1572 763 1611 hermarum
793 1575 949 1623 porticu
973 1574 1205 1624 exposuisse
1229 1575 1523 1626 Harpocration
1553 1580 1692 1618 auctor

170 1638 243 1687 est,
273 1637 348 1676 hoc
379 1627 677 1677 monumentum
711 1638 869 1678 silentio
900 1639 1218 1690 praetermisisse
1249 1641 1419 1680 videtur.

801 1825 896 1868 189.
930 1825 1065 1879 [los]

684 1911 947 1956 ATAKTOI
990 1913 1183 1959 ΛοΓοΙ.

288 2000 411 2039 Arist.
437 2001 612 2051 Metaph.
638 2002 686 2041 N.
714 2004 757 2042 3:
788 1999 917 2042 πάντα
948 1999 997 2055 δὴ
1028 2004 1147 2043 ταῦτα
1177 2000 1312 2057 ἄλογα,
1342 2003 1409 2044 καὶ
1439 2002 1598 2058 μάχεται
1626 2004 1694 2046 καὶ

171 2125 440 2162 Themistocles
466 2136 550 2161 cum
576 2126 730 2172 collegis
757 2127 1005 2173 dedicaverat,
1024 2128 1182 2164 incisum
1206 2128 1288 2175 fuit,
1315 2128 1553 2166 offensionem
1577 2131 1692 2167 habet

171 2173 324 2219 πρῶτοι,
348 2173 447 2218 quod
474 2173 624 2218 quidem
649 2174 885 2211 librariorum
911 2176 1080 2212 socordia
1105 2175 1279 2212 vitiatum
1305 2188 1385 2213 esse
1410 2188 1503 2214 reor.

266 2267 300 2312 ²¹⁶)
325 2267 577 2304 Librariorum
608 2270 764 2314 peccata
794 2269 935 2315 passim
967 2270 1309 2316 deprehenduntur,
1339 2272 1444 2308 velut
1475 2284 1534 2318 ap.
1558 2272 1692 2309 Aesch.

173 2311 273 2359 ἀμφὶ
298 2316 452 2359 ξυνοῖσι,
477 2315 542 2350 ubi
566 2316 665 2352 Plut.
691 2319 791 2352 recte
816 2314 915 2363 ἀμφὶ
940 2317 1027 2363 περὶ
1051 2319 1187 2364 ξυνοῖς,
1207 2319 1270 2364 qui
1288 2318 1454 2355 vicissim
1480 2316 1521 2355 ἔν
1546 2322 1694 2364 πεδίον,

173 2362 237 2396 ubi
263 2362 394 2397 Aesch.
417 2361 469 2407 ἄμ,
487 2375 525 2398 π.
546 2364 584 2399 et
604 2361 642 2404 ἐς
666 2377 716 2409 π.,
741 2365 832 2400 item
856 2365 954 2400 Plut.
981 2363 1179 2411 κοσμητὰς,
1204 2367 1336 2402 Aesch.
1362 2371 1572 2412 κοσμηταῖς,
1598 2379 1693 2412 quae

173 2409 409 2450 grammatici
435 2411 491 2445 est
517 2411 706 2447 correctio.
751 2411 824 2447 Sed
849 2411 946 2448 aliae
977 2412 1177 2448 varietates
1210 2413 1347 2449 indicio
1382 2415 1468 2450 sunt
1491 2414 1528 2449 in
1555 2415 1692 2450 hermis

171 2456 381 2492 litterarum
412 2457 572 2503 vestigia
602 2459 743 2504 passim
776 2458 914 2494 detrita
944 2459 1059 2495 fuisse
1089 2461 1150 2496 vel
1181 2461 1330 2505 penitus
1361 2461 1568 2506 evanuisse,
1605 2461 1692 2496 hinc

172 2503 319 2540 diversa
345 2505 514 2549 exempla
547 2505 771 2550 discrepant,
798 2507 1098 2552 quandoquidem
1125 2507 1219 2543 alius
1244 2507 1348 2543 aliud
1379 2507 1451 2543 sibi
1476 2508 1690 2554 dignoscere

172 2551 230 2586 vel
257 2551 393 2586 rectius
419 2551 590 2597 supplere
617 2553 715 2589 visus
742 2555 808 2598 est,
834 2553 939 2589 velut
962 2552 1145 2601 κρατερόν
1171 2556 1210 2590 et
1234 2553 1407 2600 κρυερόν,
1440 2554 1504 2590 καὶ
1528 2552 1692 2601 μεγάλης

171 2594 307 2643 ἀρετῆς
332 2598 371 2633 et
395 2598 459 2633 καὶ
484 2596 655 2656 μεγάλων
681 2597 842 2645 ἀγαθῶν
868 2602 1054 2646 (neutrum
1079 2602 1216 2647 placet,
1241 2601 1399 2638 fortasse
1424 2601 1603 2648 scriptum
1621 2601 1694 2638 fuit

172 2644 236 2679 καὶ
267 2643 439 2691 μεγάλων
471 2647 613 2692 αρετῶ
626 2649 680 2693 ν),
712 2648 803 2683 item
835 2648 944 2693 δῆριν
976 2646 1076 2694 ἔχειν
1102 2650 1141 2684 et
1165 2647 1313 2694 μόχθον
1339 2647 1454 2695 ἔχειν,
1486 2645 1589 2684 πύκα
1612 2651 1691 2684 θω-

173 2689 345 2736 ρηκτάων
372 2694 409 2728 et
433 2690 535 2729 πύκα
553 2693 847 2740 χαλκοχιτώνων,
873 2694 1032 2740 denique
1053 2694 1183 2741 ἔξοχον
1203 2694 1326 2742 ἄνδρα
1345 2699 1471 2742 μολεῖν
1491 2697 1529 2732 et
1548 2693 1577 2732 ἕ.
1599 2693 1692 2750 ὄνξα

174 2752 208 2782 μ,
248 2740 402 2776 Temere
436 2740 614 2777 Weidner
649 2741 887 2778 novissimum
928 2741 1113 2778 distichon
1150 2743 1389 2779 subditicium
1419 2754 1499 2779 esse
1536 2745 1691 2788 censmt,

173 2785 345 2840 idemque
366 2787 537 2871 Υῑὲξέείῃιο
569 2789 737 2834 exemplo
773 2789 872 2835 apud
897 2789 1122 2826 Aeschinem
1152 2790 1332 2827 traditum
1355 2790 1569 2836 poematum
1595 2790 1692 2827 ordi-

171 2843 258 2867 nem
282 2845 365 2870 mve
435 2863 442 2871 .
