1864 3126
823 342 982 386 XXIV.
1587 352 1673 384 1111

609 436 1211 500 TYNNreHUs

572 587 760 648 Εῧρημά
793 606 834 633 τι
868 590 1064 634 Μοισᾶν.

230 721 509 767 Tynnichus.
567 720 676 757 Plato
707 719 795 757 Ione
829 732 864 780 ξ.
898 724 967 756 534
984 718 1033 755 D:
1072 719 1264 765 Μέγιστον
1304 717 1346 755 δὲ
1383 716 1587 765 τεκμήριον
1626 718 1678 767 τῷ

142 767 239 819 λόγῳ
268 766 451 815 Τύννιχος
476 765 496 804 ὁ
515 765 740 813 Χαλκιδεύς,
764 764 807 809 ὃς
831 770 920 804 αλλο
940 766 1010 814 μὲν
1036 763 1151 803 ούδὲν
1177 763 1323 803 πώποτ’
1347 763 1498 812 ἐποίησε
1520 767 1677 812 ποίημα,

142 813 233 854 ὅτου
265 830 320 858 τις
349 812 399 852 ἂν
429 813 602 860 ἀξιώσειε
635 816 884 871 μνησθῆναι,
904 814 971 852 τὸν
1003 813 1046 851 δὲ
1078 815 1247 859 παιῶνα,
1281 810 1326 850 ὃν
1358 811 1499 855 πάντες
1531 811 1680 863 ᾄδουσι,

143 862 279 911 σχεδόν
311 878 346 900 τι
376 861 528 900 πάντων
553 866 675 910 μελων
700 861 916 906 κάλλιστον,
946 859 1128 908 ἀτεχνῶς,
1161 858 1286 906 ὥσπερ
1313 858 1430 903 αὐτὸς
1452 860 1573 907 λέγει,
1607 857 1680 897 εὖ·

144 909 261 968 ρῃμοὶ
288 925 328 947 τι
359 912 546 948 Μοισᾶν
580 913 631 956 (Γ
653 908 854 958 εὑρήματι,
886 913 918 947 Ε
944 910 1133 954 Μουσᾶν).
1187 910 1288 956 quod
1319 921 1363 946 ex
1395 908 1477 955 ipso
1508 908 1575 945 illo
1602 920 1679 945 car-

144 971 243 996 mine
268 958 416 996 videtur
440 958 601 1005 petitum
626 969 717 995 csse.
749 959 852 996 Conf.
872 959 1053 1004 Porphyr.
1075 957 1121 993 de
1142 958 1236 995 abst.
1258 956 1292 992 II
1311 969 1347 1003 p.
1365 961 1450 993 133:
1481 954 1558 992 Τὸν
1585 956 1680 1002 γοῦν

146 1005 326 1053 Αἰσχύλον
352 1008 480 1053 φασίν,
506 1006 581 1042 τῶν
607 1002 786 1052 ἀδελφῶν
812 1002 1022 1050 ἀξιούντων
1049 1004 1103 1046 εἰς
1129 1003 1195 1040 τὸν
1220 1002 1318 1041 θεὸν
1345 1003 1493 1050 γράψαι
1518 1004 1679 1047 παιᾶνα,

145 1054 280 1099 εἰπεῖν,
305 1050 364 1091 ὅτι
391 1052 560 1103 βέλτιστα
589 1055 760 1102 Τυννίχῳ
786 1055 1004 1100 πεποίηται·
1031 1049 1369 1099 παραβαλλόμενον
1395 1051 1438 1088 δὲ
1465 1049 1531 1088 τὸν
1558 1048 1679 1087 αὐτοῦ

146 1100 239 1148 πρὸς
263 1100 329 1138 τὸν
362 1099 529 1147 ἐκείνου,
561 1098 700 1138 ταύτὸν
733 1103 936 1138 πείσεσθαι
966 1105 1044 1142 τοῖς
1074 1097 1266 1147 ἀγάλμασι
1298 1103 1376 1141 τοῖς
1406 1103 1555 1140 καινοῖς
1587 1096 1682 1144 πρὸς

146 1149 191 1187 τὰ
217 1146 377 1196 ἀρχαῖα·
402 1150 522 1185 ταῦτα
547 1147 631 1195 γάρ,
657 1150 793 1195 καίπερ
818 1146 946 1190 ἁπλῶς
970 1146 1220 1195 πεποιημένα,
1246 1150 1339 1184 θεῖα
1364 1149 1602 1194 νομίζεσθαι,
1636 1144 1682 1182 τὰ

144 1197 187 1242 δὲ
214 1196 328 1234 καινὰ
353 1195 559 1243 περιέργως
583 1195 813 1243 εἰργασμένα
838 1193 1110 1243 θαυμάζεσθαι
1135 1193 1215 1242 μέν,
1240 1196 1339 1232 θεοῦ
1360 1194 1402 1232 δὲ
1424 1192 1540 1239 δόξαν
1566 1188 1683 1240 ἦττον

148 1244 260 1292 ἔχειν,
285 1245 348 1282 ubi
374 1245 448 1280 τῶν
475 1245 668 1290 Δελφῶν
687 1241 895 1288 ἀξιούντων
915 1244 1163 1280 scribendum.
1187 1265 1227 1269 —
1250 1243 1396 1279 Nomen
1414 1243 1525 1278 huius
1546 1244 1682 1289 poetae

147 1293 318 1329 Valesius
348 1292 515 1329 restituit
546 1293 660 1328 etiam
693 1304 752 1338 ap.
785 1292 943 1329 Ptolem.
974 1291 1096 1338 Heph.
1130 1291 1240 1327 Phot.
1274 1290 1370 1327 Bibl.
1405 1289 1513 1326 CXC:
1546 1287 1614 1331 τὰς
1639 1288 1682 1326 δὲ

147 1338 400 1387 Κολυμβώσας
427 1337 628 1386 Ἀλκμᾶνος
657 1340 726 1385 (ita
750 1343 869 1383 recte,
903 1339 1052 1386 opinor,
1085 1338 1325 1376 casaubonus
1358 1350 1426 1384 pro
1448 1334 1684 1383 Ἆλκμάνους,

148 1388 318 1425 Meineke
345 1387 446 1424 Com.
473 1388 576 1424 Poet.
611 1387 627 1422 I
653 1400 687 1434 p.
716 1391 801 1424 108:
830 1384 1077 1436 Ἀλκιμένους)
1108 1385 1201 1431 πρὸς
1233 1387 1276 1434 τῇ
1310 1386 1458 1433 κεφαλῇ
1495 1387 1683 1431 Τυννίχου

147 1436 214 1472 τοῦ
240 1433 459 1476 Χαλκιδέως
484 1432 700 1481 εὑρεθῆναί
721 1447 840 1480 φασιν
864 1447 932 1481 pro
962 1435 1170 1480 Τυρονίχου
1190 1434 1250 1469 vel
1272 1430 1501 1479 Τιτωνύχου.
1535 1432 1684 1468 Hecker

148 1483 268 1520 voluit
293 1483 406 1519 etiam
432 1483 532 1528 apud
558 1483 791 1519 Athenaeum
818 1483 869 1518 VI
895 1482 1008 1518 250ss
1039 1482 1223 1528 Tynnichi
1247 1492 1383 1517 nomen
1408 1481 1447 1516 in
1477 1478 1687 1527 Phrynichi

148 1532 272 1567 locum
287 1530 520 1574 substituere,
540 1530 602 1565 vix
614 1531 727 1566 recte.
743 1550 788 1556 —
803 1529 962 1566 Fallitur
974 1528 1163 1566 Benndorf
1179 1528 1391 1574 (Archaeol.
1408 1528 1687 1563 Untersuchun-

149 1590 222 1625 gen
247 1579 316 1614 auf
338 1578 586 1614 Samothrake
611 1590 646 1624 p.
663 1580 721 1622 76)
747 1577 834 1614 huic
861 1576 1054 1623 Tyunicho
1080 1576 1290 1612 attribuens
1316 1575 1505 1611 distichon
1530 1575 1687 1620 inscrip-

149 1630 231 1663 tum
262 1626 302 1662 in
332 1626 419 1662 navi
450 1625 616 1671 lapidea,
642 1636 755 1671 quam
782 1626 1039 1671 Agamemnon
1069 1623 1262 1660 ferebatur
1281 1623 1420 1660 Dianae
1445 1622 1485 1658 in
1505 1623 1685 1660 Geraesto

148 1672 405 1719 promontorio
429 1672 680 1715 dedicaviss03
712 1672 934 1709 testificatur
963 1671 1169 1718 Procopius
1199 1670 1241 1707 B.
1268 1670 1379 1707 Goth.
1411 1671 1462 1706 IV
1489 1674 1533 1706 22
1567 1670 1687 1706 multa.

152 1721 191 1757 in
216 1732 261 1758 ea
285 1721 372 1756 navi
397 1719 515 1756 incisa
540 1731 620 1756 csse
653 1717 855 1767 γράμματα
886 1715 909 1766 ἢ
935 1716 1114 1766 τηνικάδε
1147 1715 1170 1764 ἢ
1203 1715 1376 1764 ὕστερον,
1408 1718 1586 1764 pleraque
1611 1716 1686 1754 iam

151 1768 322 1813 evanida,
348 1765 394 1803 τὰ
420 1766 463 1804 δὲ
489 1768 620 1813 πρῶτα
645 1770 711 1803 καὶ
737 1765 775 1809 ἐς
799 1765 886 1804 τόδε
914 1768 1160 1813 διαφαίνεται
1183 1765 1342 1812 λέγοντα
1367 1760 1460 1802 ὦδε·

437 1839 527 1884 Νῆα
552 1837 735 1885 μέλαιναν
761 1835 940 1885 ἱδρύσατο
966 1834 1049 1886 τῇδ’
1076 1835 1312 1884 Ἀγαμὲμνων

503 1883 690 1932 Ἑλλήνων
716 1887 889 1932 στρατιῆς
913 1886 1016 1933 σῆμα
1039 1884 1297 1932 πλοϊζομένης.

153 1958 218 2013 aa}
244 1956 286 1996 έν
311 1956 407 2005 ἀρχῇ
436 1956 531 2004 ἔχει·
560 1955 744 2004 Τύννιχος
769 1954 892 1994 έποίει
914 1954 1094 2004 Ἀρτέμιδι
1119 1957 1290 2006 Βολοσίᾳ.
1342 1955 1526 2010 Quoniam
1552 1955 1687 2001 poetae

152 2006 467 2061 ep1grammatum
498 2017 571 2041 non
613 2006 737 2061 solent
774 2017 880 2041 suum
913 2017 1050 2041 nomen
1087 2004 1272 2058 profiteri,
1307 2004 1467 2040 conlecit
1499 2001 1690 2038 Benndorf

152 2053 520 2146 3¹÷¹⁵0¹31¹¹¹ss¹0⁸31¹2¹313¹¹13¹13¹1¹
540 2051 1576 2151 5533023531223352023533352332‘23,ffffldffitfflff
1589 2050 1688 2139 ἓξὲξ

153 2150 224 2186 hoc
237 2149 430 2185 inventum
444 2148 827 2195 exornavitGomperz
840 2147 904 2193 qui
915 2147 1127 2184 trimetrum
1146 2146 1219 2183 sibi
1234 2146 1510 2193 deprehendere
1523 2145 1686 2181 videtur:

442 2217 626 2266 Τύννιχος
652 2215 801 2265 έποίησ’
823 2215 1006 2267 ,Ἀρτέμιδι
1030 2219 1210 2268 Βολωσίᾳ.

159 2290 209 2326 At
234 2290 388 2335 ποιῆσαι
418 2290 500 2338 θεῷ
531 2301 652 2336 neque
677 2289 813 2327 artifex
843 2301 964 2335 neque
999 2291 1113 2336 pocta
1137 2289 1285 2325 dicitur.
1336 2287 1553 2334 Procopius,
1578 2298 1689 2332 quem

156 2338 278 2383 ipsum
305 2338 584 2373 monumentum
609 2337 726 2374 oculis
751 2336 987 2384 usurpavisse
1013 2336 1254 2373 manifestum
1283 2338 1350 2381 est,
1377 2334 1569 2371 coniunxit
1593 2345 1689 2380 quae

155 2385 310 2422 seorsim
336 2384 478 2431 scripta
503 2386 619 2420 erant.
664 2383 751 2421 Fuit
774 2384 949 2421 incisum:

722 2452 818 2501 Ἀρτέ
847 2456 902 2491 ιδι
926 2457 1095 2505 Βολωσίᾳ

443 2503 534 2548 Νῆα
558 2515 603 2549 με
629 2500 785 2548 λαϊνέην.
824 2499 988 2548 δρύσατο
1012 2506 1088 2539 κτλ.

158 2575 214 2611 ita
233 2574 332 2611 enim
354 2573 532 2610 traditam
547 2573 746 2610 lectionem
762 2571 946 2619 μέλαιναν
960 2572 1152 2610 verissime
1165 2573 1325 2610 correxit
1338 2573 1532 2618 Gomperz.
1559 2572 1691 2618 Supra,

159 2623 221 2659 vel
245 2622 284 2658 in
311 2621 464 2658 sinistro
490 2621 608 2658 latere
634 2621 831 2667 legebatur
858 2617 1041 2666 Τύννιχος
1067 2617 1200 2662 ἐποίει,
1227 2619 1437 2662 architecti,
1461 2630 1537 2655 non
1555 2619 1691 2665 poetae

158 2681 307 2713 nomen,
332 2671 466 2715 postea
491 2668 623 2715 opinor
649 2669 696 2704 ab
718 2668 841 2703 aliena
860 2679 972 2703 manu
997 2667 1179 2711 additum,
1232 2667 1354 2703 uando
1382 2667 1508 2702 uidem
1528 2666 1692 2702 alienum

159 2717 283 2753 locum
308 2717 477 2763 occupat,
503 2727 591 2752 nam
617 2714 879 2762 epigrammati
913 2717 994 2750 erut
1023 2680 1306 2750 subiicieniium.
1382 2713 1605 2760 ‘pigramma
1633 2715 1693 2750 est

160 2764 360 2809 integrum,
385 2775 481 2808 quae
507 2763 682 2810 deinceps
708 2762 847 2808 scripta
871 2763 990 2805 crant,
1023 2761 1240 2797 oblitterata
1265 2761 1334 2796 illa
1358 2761 1510 2806 quidem
1534 2761 1623 2806 fere,
1650 2763 1693 2797 ut

160 2812 322 2848 testatur
347 2811 563 2858 Procopius,
591 2811 763 2847 videntur
788 2821 811 2845 a
835 2808 1074 2845 visitantibus
1099 2808 1215 2845 incisa
1241 2820 1329 2845 esse.
1375 2808 1498 2845 Diana
1524 2809 1691 2845 Βολωσία

161 2857 185 2895 i.
212 2870 243 2895 e.
270 2859 450 2895 Μολωσία
489 2859 622 2895 eadem
646 2859 720 2903 est,
747 2868 841 2902 quae
867 2855 962 2892 alias
988 2854 1189 2892 Εἰλεύθυια
1215 2856 1380 2893 vocatur.
