1864 3126
636 149 940 187 FRAGMENTA
968 150 1237 188 ADESPOTA.
1615 150 1699 194 743

167 263 258 304 ΔΜ.
291 264 407 304 Vind.
440 265 465 303 b
495 258 676 316 ἁκούων)
710 261 855 315 φέρει.
907 264 974 303 ubi
1005 277 1096 304 oum
1129 264 1369 304 Sohueidero
1402 264 1583 316 δελφυῖ
1608 265 1703 305 scri-

167 329 355 381 bendum,
385 330 557 370 fortasse
588 328 727 369 Alcaei
758 324 914 382 sunt*)‚
947 329 1015 379 qui
1046 329 1179 379 potuit
1209 342 1299 369 cum
1331 343 1428 370 cane
1453 332 1706 382 praegnante

170 407 250 435 non
281 395 367 435 sine
398 397 602 435 contemtu
634 407 866 445 comparare
897 395 1070 444 patriam
1103 407 1236 445 suam,
1268 396 1332 435 cui
1363 396 1546 446 tyrannis
1578 396 1706 435 immi-

166 460 302 511 nebat«,
337 461 450 501 velut
480 463 543 500 est
574 461 680 511 apud
714 460 893 511 Theogn.
917 473 954 500 v.
982 461 1056 499 39:
1088 454 1237 512 Κύρνε,
1269 456 1355 500 κύει
1386 457 1499 509 πόλις
1528 457 1615 514 ἥδε,
1647 458 1706 501 δέ·

167 524 283 565 donna
313 522 357 565 δὲ
395 521 448 578 μὴ
485 523 576 578 τέκῃ
614 522 743 576 ἄνδρα
780 520 1008 576 εὖθυντῆρα
1046 527 1172 577 κακῆς
1213 522 1352 578 ὕβριος
1387 522 1588 579 ἡμετέρης.
1649 526 1709 566 Ac

166 603 307 630 versus
338 590 418 630 erit
448 591 748 642 Asclepiadeus,
780 591 815 630 si
847 591 1003 631 statuas
1029 586 1055 630 ἆ
1080 594 1308 642 correptum
1341 605 1440 641 esse,
1466 605 1707 642 quamquam

167 656 241 696 hoc
275 656 434 708 quidem
465 657 566 696 satis
610 656 795 730 dubimp,
832 657 923 696 vide
960 669 1062 707 quae
1099 657 1181 695 dixi
1217 657 1268 696 ad
1307 657 1494 708 Sapphus
1526 658 1573 695 fr.
1611 659 1707 696 103.

166 744 226 751 —
257 722 334 762 Sed
367 723 472 761 unde
513 723 686 773 petitum
724 725 779 762 sit
816 722 922 773 quod
958 722 1108 774 legitur
1139 722 1179 760 in
1211 723 1275 761 Et.
1309 723 1359 761 M.
1395 724 1499 771 727,
1531 723 1587 762 38
1620 723 1709 761 Στι-

166 783 242 840 βὰς
272 783 379 840 παρὰ
416 783 459 827 τὸ
499 784 707 840 στοιβοὲζω·
744 783 928 843 Ῥυθμῷ
972 786 1022 828 δὲ
1063 785 1113 828 τὸ
1157 785 1342 839 ψεῦδος
1385 783 1707 841 στιβοὶζουσιν,

169 852 239 891 sed
271 852 334 891 Et.
368 852 472 892 Flor.
507 854 591 892 272
624 852 766 908 ῥυθμῷ
798 848 840 892 τὸ
865 861 912 904 ψ.
938 852 1190 904 στιβίζουσιν,
1221 854 1259 892 h.
1286 867 1318 893 e.
1351 849 1708 905 στοιβᾶζουσιν,

166 929 247 956 non
290 917 438 968 liquet,
481 917 550 956 alii
594 917 781 957 videntur
829 914 1148 970 στοιβάσουσι
1197 913 1364 970 Ιοςὶεεοζ
1408 918 1487 957 vid.
1532 918 1703 969 Hesych.

167 976 476 1035 οτο(ι)βᾶσουσι·
508 979 768 1035 σωρεύσουσι,
801 984 879 1023 nisi
918 985 1023 1023 forte
1055 984 1255 1034 scriptura
1286 984 1391 1023 inter
1416 979 1633 1035 στοιβάζειν
1665 986 1706 1023 et

167 1043 369 1100 στοβιίζειν
407 1043 453 1102 (i.
484 1062 516 1087 e.
555 1044 804 1101 κακολογεῖν)
843 1049 1078 1088 fluctuabat.
1116 1069 1176 1076 —
1213 1048 1261 1088 In
1297 1049 1499 1099 Hesychio
1540 1049 1711 1099 denique

167 1112 319 1152 multae
350 1113 510 1164 glossae
549 1113 697 1169 latent,
737 1126 835 1163 quas
873 1114 1003 1164 possis
1040 1114 1118 1153 huc
1155 1114 1322 1162 referre,
1363 1114 1433 1154 sed
1472 1114 1710 1165 plerumque

165 1177 383 1228 incertum,
421 1181 558 1218 utrum
600 1192 646 1218 ex
687 1179 827 1218 melico
868 1182 987 1230 poeta
1027 1193 1079 1219 an
1120 1193 1167 1218 ex
1199 1179 1364 1219 canticis
1403 1180 1709 1230 tragoediarum

169 1243 252 1282 sint
281 1245 444 1294 petitae,
469 1244 582 1283 velut
622 1240 928 1284 Χθονόπαιδ’
958 1241 1127 1297 Ὥ.ραν·
1158 1240 1253 1283 καθ’
1287 1239 1310 1284 ὃ
1342 1242 1386 1284 ἐκ
1416 1246 1499 1296 Γῆς
1530 1244 1574 1284 αἱ
1593 1237 1710 1297 Ὧραι

170 1303 217 1347 τὰ
250 1304 447 1360 φυόμενα,
477 1304 531 1357 ὥς
561 1304 687 1361 ἡμέρα
711 1305 866 1362 “Ηλίου,
897 1306 994 1350 καθ’
1028 1309 1213 1360 ἱστορίαν.
1250 1331 1299 1336 -
1329 1310 1420 1349 Non
1450 1312 1559 1349 recte
1590 1310 1708 1361 lyrici

167 1374 335 1413 alieuius
366 1376 510 1424 poetae
541 1374 733 1425 reliquias
764 1376 1020 1427 indafgavisse
1052 1375 1214 1415 videtur
1253 1375 1465 1426 Emperius
1498 1388 1558 1425 ap.
1592 1375 1709 1416 Dion.

168 1438 308 1490 Chrys.
339 1438 416 1478 XII
448 1453 486 1489 p.
520 1441 618 1490 223,
649 1440 718 1490 qui
750 1440 798 1479 de
830 1453 952 1492 cycno
994 1434 1234 1480 moribundo
1273 1441 1386 1480 dicit:
1425 1436 1575 1480 οὐκοῦν
1615 1435 1710 1480 οὐδὲ

166 1500 250 1544 τότε
280 1499 506 1557 ἀθροίζεται
537 1501 762 1557 κηλούμενα
791 1509 873 1555 τοῖς
904 1504 1049 1558 μέλεσι;

379 1595 479 1652 πρὸς
510 1595 641 1652 ὄχθην
671 1603 850 1653 ποταμοῦ
879 1617 989 1651 τινος
1019 1597 1045 1654 ἢ
1077 1603 1247 1654 λειμῶνα
1277 1598 1428 1642 πλατύν

379 1660 406 1717 ἢ
438 1661 622 1718 καθαρὰν
654 1662 760 1721 ᾐόνα
790 1667 929 1719 λίμνης

378 1728 406 1783 ἤ
436 1744 524 1770 τινα
554 1728 723 1784 σμικρὰν
753 1728 906 1785 εὐθαλῆ
938 1733 1137 1786 ποταμίαν
1168 1733 1322 1785 νησῖδα.

168 1829 309 1869 florida
339 1829 438 1868 haec
470 1829 679 1880 sophistae
710 1830 850 1870 oratio.
885 1851 935 1856 —
973 1828 1087 1875 Quod
1118 1829 1195 1867 Dio
1227 1828 1434 1880 Chrysost.
1466 1829 1503 1867 V
1530 1831 1555 1868 4
1589 1830 1709 1880 serip-

170 1894 225 1934 sit
254 1890 344 1934 τόδε
374 1890 446 1945 μὲν
477 1889 527 1945 δὴ
571 1894 798 1946 προοίμιον,
837 1889 890 1942 ὥς
927 1892 1006 1946 ἔφη
1043 1909 1119 1944 τις,
1158 1896 1228 1934 τοῦ
1266 1890 1411 1946 νόμον,
1450 1908 1530 1935 non
1562 1908 1610 1934 ex
1642 1908 1709 1933 an-

171 1960 283 2010 tiquo
314 1961 446 2009 poeta,
478 1959 547 1999 sed
573 1971 620 1998 ex
646 1960 827 2011 sophista.
851 1960 993 2010 opinor
1018 1960 1257 2000 desumtum.
1286 1981 1337 1987 --
1366 1960 1522 2000 Passim
1548 1963 1707 2000 veteres

169 2025 382 2074 scriptores
409 2025 632 2064 sententiae
664 2027 823 2065 tantum
855 2037 1063 2075 summam,
1095 2038 1174 2065 non
1204 2025 1293 2076 ipsa
1318 2028 1467 2076 poetae
1493 2027 1618 2066 verba.
1642 2026 1709 2064 ad-

167 2090 318 2142 hibent,
349 2090 462 2130 velut
492 2090 691 2130 Aristides
724 2091 765 2129 II
792 2092 896 2131 555:
927 2092 1005 2130 τῶν
1036 2082 1108 2142 μὲν
1139 2090 1313 2144 αἰσχρῶν
1346 2087 1396 2131 οὔ
1428 2102 1553 2142 φασιν
1584 2089 1708 2142 ἔρωτα

167 2150 282 2205 εἶναι,
312 2157 390 2194 τῶν
422 2152 465 2194 δὲ
503 2156 634 2194 καλῶν
674 2151 751 2195 κᾶν
786 2158 899 2203 θεοῖς
936 2151 1037 2195 εἶναι
1074 2154 1234 2207 ποιηταὶ
1272 2154 1470 2209 λέγουσιν;
1510 2169 1606 2195 sane
1643 2157 1708 2195 hic

167 2220 306 2259 rhetor
335 2219 499 2258 Pindari
529 2220 706 2259 carmina
737 2221 916 2260 studiose
947 2222 1067 2272 legit,
1106 2222 1175 2260 sed
1214 2222 1350 2272 potest
1392 2222 1466 2261 hoc
1505 2221 1627 2260 etiam
1659 2233 1707 2260 ex

168 2285 378 2335 tragoedia
402 2284 573 2335 petitum
599 2297 698 2326 esse.
723 2308 779 2313 —
807 2286 979 2326 Versum
1004 2287 1111 2337 apud
1140 2286 1264 2327 Clem.
1290 2286 1506 2326 Alexandr.
1533 2286 1705 2337 Paedag.

168 2349 187 2388 I
223 2351 325 2390 154:

382 2428 499 2486 ἀρετὰ
530 2429 605 2487 γὰρ
636 2431 895 2486 έπαινεομένα
928 2432 1096 2487 δένδρον
1128 2430 1184 2482 ὣς
1215 2429 1375 2482 ἀέξεται.

169 2530 375 2569 detortum
417 2541 505 2569 esse
549 2542 596 2568 ex
640 2529 849 2570 Pindarico
889 2529 1005 2569 Nem.
1037 2529 1136 2568 VIII
1169 2532 1244 2570 40:
1288 2526 1445 2578 αὔξεται
1487 2526 1526 2569 δ’
1572 2526 1705 2582 ἀρετά,

169 2597 337 2647 χλωραῖς
367 2592 516 2646 ἐέρσαις
547 2589 601 2642 ὥς
631 2590 693 2635 ὅτε
725 2591 912 2646 δένδρεον
943 2591 1055 2650 ᾄσσει
1085 2593 1130 2634 ἐν
1160 2598 1302 2646 σοφοῖς
1333 2590 1493 2646 ἀνδρῶν
1524 2591 1702 2647 ἆερθεῖσ’

169 2658 213 2700 ἐν
243 2659 410 2706 δικαίοις
440 2673 479 2699 τε
510 2655 609 2712 πρὸς
638 2654 763 2712 ὑγρὸν
794 2657 937 2712 αἰθέρα
974 2660 1058 2700 dixi
1093 2660 1144 2700 ad
1175 2661 1214 2699 h.
1245 2661 1270 2700 L
1303 2682 1357 2687 —
1395 2661 1452 2700 Ex
1483 2662 1704 2712 tragoedia,

265 2807 300 2853 ¹²)
325 2807 380 2843 Ex
406 2808 606 2865 Sophroquis
630 2807 755 2862 mimis
780 2807 928 2863 videtur
952 2808 1023 2844 hoc
1049 2809 1262 2855 exemplum
1282 2808 1497 2855 repetitum,
1524 2810 1590 2846 sed
1610 2821 1700 2856 quo-

170 2855 428 2913 quoyefba
459 2855 681 2912 corrigenda
712 2856 789 2913 siut
819 2856 982 2913 anibigo.
1032 2855 1175 2893 Usener
1206 2857 1297 2892 Mus.
1334 2857 1451 2912 Rhen.
1485 2857 1605 2893 XXIII
1632 2862 1701 2894 33⁷

171 2904 322 2951 scripsit
345 2903 515 2949 αδελφον
540 2904 696 2940 παιδίον
723 2916 811 2950 υμιν
836 2916 861 2940 α
889 2916 991 2939 κυων
1010 2902 1122 2950 φέρει
1147 2914 1244 2950 quae
1263 2907 1396 2952 argute
1416 2906 1698 2955 interpretatur.
