<?xml version="1.0" encoding="UTF-8"?>
<!DOCTYPE html PUBLIC "-//W3C//DTD XHTML 1.0 Transitional//EN"
    "http://www.w3.org/TR/xhtml1/DTD/xhtml1-transitional.dtd">
<html xmlns="http://www.w3.org/1999/xhtml" xml:lang="en" lang="en">
 <head>
  <title>
</title>
<meta http-equiv="Content-Type" content="text/html;charset=utf-8" />
  <meta name='ocr-system' content='tesseract 3.04.00' />
  <meta name='ocr-capabilities' content='ocr_page ocr_carea ocr_par ocr_line ocrx_word'/>
</head>
<body>
  <div class='ocr_page' id='page_1' title='image "./poetaelyricigrae03berguoft_0631.png"; bbox 0 0 1864 3126; ppageno 0'>
   <div class='ocr_carea' id='block_1_1' title="bbox 0 0 232 674">
    <p class='ocr_par' dir='ltr' id='par_1_1' title="bbox 0 0 232 674">
     <span class='ocr_line' id='line_1_1' title="bbox 0 0 232 674; baseline 0 2452"><span class='ocrx_word' id='word_1_1' title='bbox 0 0 232 674; x_wconf 95' lang='lat' dir='ltr'><strong><em> </em></strong></span> 
     </span>
    </p>
   </div>
   <div class='ocr_carea' id='block_1_2' title="bbox 774 141 1685 186">
    <p class='ocr_par' dir='ltr' id='par_1_2' title="bbox 774 141 1685 186">
     <span class='ocr_line' id='line_1_2' title="bbox 774 141 1685 186; baseline 0.003 -5"><span class='ocrx_word' id='word_1_2' title='bbox 774 142 1073 182; x_wconf 73' lang='lat' dir='ltr'>TIMOTHEUS.</span> <span class='ocrx_word' id='word_1_3' title='bbox 1599 141 1685 186; x_wconf 81' lang='lat'><strong><em>621</em></strong></span> 
     </span>
    </p>
   </div>
   <div class='ocr_carea' id='block_1_3' title="bbox 245 249 1001 384">
    <p class='ocr_par' dir='ltr' id='par_1_3' title="bbox 245 249 1001 384">
     <span class='ocr_line' id='line_1_3' title="bbox 245 249 1001 311; baseline -0.003 -12"><span class='ocrx_word' id='word_1_4' title='bbox 245 250 315 299; x_wconf 80' lang='grc' dir='ltr'><strong><em>Οὔ</em></strong></span> <span class='ocrx_word' id='word_1_5' title='bbox 345 270 414 299; x_wconf 87' lang='grc' dir='ltr'><strong><em>τοι</em></strong></span> <span class='ocrx_word' id='word_1_6' title='bbox 445 251 525 299; x_wconf 90' lang='grc' dir='ltr'><strong><em>τόν</em></strong></span> <span class='ocrx_word' id='word_1_7' title='bbox 556 250 599 310; x_wconf 78' lang='grc' dir='ltr'><strong><em>γ’</em></strong></span> <span class='ocrx_word' id='word_1_8' title='bbox 633 249 1001 311; x_wconf 82' lang='grc' dir='ltr'><strong><em>ὑπεραμπέχοντα</em></strong></span> 
     </span>
     <span class='ocr_line' id='line_1_4' title="bbox 251 322 779 384; baseline -0.004 -13"><span class='ocrx_word' id='word_1_9' title='bbox 251 322 452 384; x_wconf 81' lang='grc' dir='ltr'><strong><em>οὐρανὸν</em></strong></span> <span class='ocrx_word' id='word_1_10' title='bbox 483 323 779 383; x_wconf 84' lang='grc' dir='ltr'><strong><em>εἰσαναβήσει.</em></strong></span> 
     </span>
    </p>
   </div>
   <div class='ocr_carea' id='block_1_4' title="bbox 906 445 944 488">
    <p class='ocr_par' dir='ltr' id='par_1_4' title="bbox 906 445 944 488">
     <span class='ocr_line' id='line_1_5' title="bbox 906 445 944 488; baseline 0 0"><span class='ocrx_word' id='word_1_11' title='bbox 906 445 944 488; x_wconf 87' lang='grc'><strong><em>5.</em></strong></span> 
     </span>
    </p>
   </div>
   <div class='ocr_carea' id='block_1_5' title="bbox 248 540 847 683">
    <p class='ocr_par' dir='ltr' id='par_1_5' title="bbox 248 540 847 683">
     <span class='ocr_line' id='line_1_6' title="bbox 250 540 847 563; baseline -0.002 0"><span class='ocrx_word' id='word_1_12' title='bbox 250 540 847 563; x_wconf 61' lang='grc' dir='ltr'><strong><em>υΔυ-ιυ-ιυ-υ--</em></strong></span> 
     </span>
     <span class='ocr_line' id='line_1_7' title="bbox 251 595 755 623; baseline -0.002 0"><span class='ocrx_word' id='word_1_13' title='bbox 251 595 755 623; x_wconf 52' lang='grc' dir='ltr'><strong><em>ύύυ-υΔυ-υ-ΚΑ</em></strong></span> 
     </span>
     <span class='ocr_line' id='line_1_8' title="bbox 248 658 798 683; baseline -0.002 -1"><span class='ocrx_word' id='word_1_14' title='bbox 248 658 798 683; x_wconf 57' lang='grc' dir='ltr'><strong><em>Δυ-υέυυ-υυ-ὶέ</em></strong></span> 
     </span>
    </p>
   </div>
   <div class='ocr_carea' id='block_1_6' title="bbox 260 720 944 743">
    <p class='ocr_par' dir='ltr' id='par_1_6' title="bbox 260 720 944 743">
     <span class='ocr_line' id='line_1_9' title="bbox 260 720 944 743; baseline -0.003 0"><span class='ocrx_word' id='word_1_15' title='bbox 260 720 944 743; x_wconf 60' lang='grc' dir='ltr'><strong><em>ζυ-υέυ-υέυυ-υ-...</em></strong></span> 
     </span>
    </p>
   </div>
   <div class='ocr_carea' id='block_1_7' title="bbox 246 789 1693 1063">
    <p class='ocr_par' dir='ltr' id='par_1_7' title="bbox 246 789 1322 850">
     <span class='ocr_line' id='line_1_10' title="bbox 246 789 1322 850; baseline -0.002 -14"><span class='ocrx_word' id='word_1_16' title='bbox 246 789 402 850; x_wconf 72' lang='grc' dir='ltr'><strong><em>’Ἑχευε</em></strong></span> <span class='ocrx_word' id='word_1_17' title='bbox 435 791 475 835; x_wconf 81' lang='grc' dir='ltr'><strong><em>δ’</em></strong></span> <span class='ocrx_word' id='word_1_18' title='bbox 511 793 560 835; x_wconf 74' lang='grc' dir='ltr'><strong><em>ἓν</em></strong></span> <span class='ocrx_word' id='word_1_19' title='bbox 592 790 674 848; x_wconf 75' lang='grc' dir='ltr'><strong><em>μὲν</em></strong></span> <span class='ocrx_word' id='word_1_20' title='bbox 707 790 842 844; x_wconf 81' lang='grc' dir='ltr'><strong><em>δέπας</em></strong></span> <span class='ocrx_word' id='word_1_21' title='bbox 872 794 1078 835; x_wconf 82' lang='grc' dir='ltr'><strong><em>κίσσινον</em></strong></span> <span class='ocrx_word' id='word_1_22' title='bbox 1110 792 1322 847; x_wconf 82' lang='grc' dir='ltr'><strong><em>μελαίνας</em></strong></span> 
     </span>
    </p>

    <p class='ocr_par' dir='ltr' id='par_1_8' title="bbox 253 860 1137 923">
     <span class='ocr_line' id='line_1_11' title="bbox 253 860 1137 923; baseline -0.001 -16"><span class='ocrx_word' id='word_1_23' title='bbox 253 861 471 919; x_wconf 79' lang='grc' dir='ltr'><strong><em>σταγόνος</em></strong></span> <span class='ocrx_word' id='word_1_24' title='bbox 501 861 726 920; x_wconf 81' lang='grc' dir='ltr'><strong><em>ἀμβρότας</em></strong></span> <span class='ocrx_word' id='word_1_25' title='bbox 757 860 888 923; x_wconf 76' lang='grc' dir='ltr'><strong><em>ἀφρῷ</em></strong></span> <span class='ocrx_word' id='word_1_26' title='bbox 920 860 1137 920; x_wconf 76' lang='grc' dir='ltr'><strong><em>βρυάζον·</em></strong></span> 
     </span>
    </p>

    <p class='ocr_par' dir='ltr' id='par_1_9' title="bbox 252 931 1693 1063">
     <span class='ocr_line' id='line_1_12' title="bbox 252 931 1693 992; baseline -0.001 -13"><span class='ocrx_word' id='word_1_27' title='bbox 252 940 421 980; x_wconf 71' lang='grc' dir='ltr'><strong><em>εἴκοσιν</em></strong></span> <span class='ocrx_word' id='word_1_28' title='bbox 453 932 502 978; x_wconf 78' lang='grc' dir='ltr'><strong><em>δὲ</em></strong></span> <span class='ocrx_word' id='word_1_29' title='bbox 533 931 656 992; x_wconf 84' lang='grc' dir='ltr'><strong><em>μέτρ’</em></strong></span> <span class='ocrx_word' id='word_1_30' title='bbox 691 932 901 991; x_wconf 81' lang='grc' dir='ltr'><strong><em>ἀνέχευεν</em></strong></span> <span class='ocrx_word' id='word_1_31' title='bbox 933 933 1087 990; x_wconf 76' lang='grc' dir='ltr'><strong><em>ἔμισγέ</em></strong></span> <span class='ocrx_word' id='word_1_32' title='bbox 1115 931 1163 977; x_wconf 81' lang='grc' dir='ltr'><strong><em>θ’</em></strong></span> <span class='ocrx_word' id='word_1_33' title='bbox 1601 946 1693 979; x_wconf 81' lang='lat'>1270</span> 
     </span>
     <span class='ocr_line' id='line_1_13' title="bbox 253 1001 1396 1063; baseline -0.001 -13"><span class='ocrx_word' id='word_1_34' title='bbox 253 1001 362 1063; x_wconf 85' lang='grc' dir='ltr'><strong><em>αἷμα</em></strong></span> <span class='ocrx_word' id='word_1_35' title='bbox 394 1009 590 1063; x_wconf 84' lang='grc' dir='ltr'><strong><em>Βακχίου</em></strong></span> <span class='ocrx_word' id='word_1_36' title='bbox 620 1005 881 1063; x_wconf 79' lang='grc' dir='ltr'><strong><em>νεορρύτοις</em></strong></span> <span class='ocrx_word' id='word_1_37' title='bbox 912 1004 1147 1063; x_wconf 81' lang='grc' dir='ltr'><strong><em>δακρύοισι</em></strong></span> <span class='ocrx_word' id='word_1_38' title='bbox 1180 1007 1396 1063; x_wconf 81' lang='grc' dir='ltr'><strong><em>Νυμφᾶν.</em></strong></span> 
     </span>
    </p>
   </div>
   <div class='ocr_carea' id='block_1_8' title="bbox 244 1137 1021 1363">
    <p class='ocr_par' dir='ltr' id='par_1_10' title="bbox 244 1137 1021 1363">
     <span class='ocr_line' id='line_1_14' title="bbox 831 1137 1021 1172; baseline 0.005 -1"><span class='ocrx_word' id='word_1_39' title='bbox 831 1137 1021 1172; x_wconf 85' lang='lat' dir='ltr'>NIOBH.</span> 
     </span>
     <span class='ocr_line' id='line_1_15' title="bbox 892 1222 965 1265; baseline 0.014 -1"><span class='ocrx_word' id='word_1_40' title='bbox 892 1222 965 1265; x_wconf 82' lang='grc'><strong><em>*6.</em></strong></span> 
     </span>
     <span class='ocr_line' id='line_1_16' title="bbox 244 1301 809 1363; baseline -0.005 -13"><span class='ocrx_word' id='word_1_41' title='bbox 244 1302 481 1363; x_wconf 62' lang='grc' dir='ltr'><strong><em>’Ἑρχομαν</em></strong></span> <span class='ocrx_word' id='word_1_42' title='bbox 512 1307 559 1348; x_wconf 90' lang='grc' dir='ltr'><strong><em>τί</em></strong></span> <span class='ocrx_word' id='word_1_43' title='bbox 586 1301 631 1361; x_wconf 93' lang='grc' dir='ltr'><strong><em>μ’</em></strong></span> <span class='ocrx_word' id='word_1_44' title='bbox 667 1302 809 1356; x_wconf 77' lang='grc' dir='ltr'><strong><em>αὕεις;</em></strong></span> 
     </span>
    </p>
   </div>
   <div class='ocr_carea' id='block_1_9' title="bbox 161 1424 1735 2719">
    <p class='ocr_par' dir='ltr' id='par_1_11' title="bbox 161 1424 1697 1528">
     <span class='ocr_line' id='line_1_17' title="bbox 256 1424 1697 1491; baseline 0 -20"><span class='ocrx_word' id='word_1_45' title='bbox 256 1435 314 1471; x_wconf 83' lang='lat' dir='ltr'><strong><em>Fr.</em></strong></span> <span class='ocrx_word' id='word_1_46' title='bbox 340 1439 374 1472; x_wconf 83' lang='lat'><strong><em>4.</em></strong></span> <span class='ocrx_word' id='word_1_47' title='bbox 424 1433 619 1491; x_wconf 60' lang='lat' dir='ltr'>Chrysipp.</span> <span class='ocrx_word' id='word_1_48' title='bbox 646 1433 731 1479; x_wconf 78' lang='grc' dir='ltr'><strong><em>περὶ</em></strong></span> <span class='ocrx_word' id='word_1_49' title='bbox 757 1424 1008 1480; x_wconf 73' lang='grc' dir='ltr'><strong><em>ἀποφατικῶν</em></strong></span> <span class='ocrx_word' id='word_1_50' title='bbox 1035 1445 1064 1470; x_wconf 84' lang='lat' dir='ltr'><strong><em>e.</em></strong></span> <span class='ocrx_word' id='word_1_51' title='bbox 1089 1437 1149 1470; x_wconf 83' lang='lat'><strong><em>10:</em></strong></span> <span class='ocrx_word' id='word_1_52' title='bbox 1176 1432 1227 1470; x_wconf 88' lang='grc' dir='ltr'><strong><em>Εἰ</em></strong></span> <span class='ocrx_word' id='word_1_53' title='bbox 1249 1431 1416 1480; x_wconf 81' lang='grc' dir='ltr'><strong><em>Κύκλωψ</em></strong></span> <span class='ocrx_word' id='word_1_54' title='bbox 1443 1430 1463 1469; x_wconf 86' lang='grc' dir='ltr'><strong>ὁ</strong></span> <span class='ocrx_word' id='word_1_55' title='bbox 1489 1435 1556 1471; x_wconf 81' lang='grc' dir='ltr'><strong><em>τοῦ</em></strong></span> <span class='ocrx_word' id='word_1_56' title='bbox 1586 1437 1697 1481; x_wconf 80' lang='grc' dir='ltr'><strong><em>Τιμο-</em></strong></span> 
     </span>
     <span class='ocr_line' id='line_1_18' title="bbox 161 1478 1626 1528; baseline -0.001 -9"><span class='ocrx_word' id='word_1_57' title='bbox 161 1482 259 1520; x_wconf 72' lang='grc' dir='ltr'><strong><em>θέου</em></strong></span> <span class='ocrx_word' id='word_1_58' title='bbox 285 1480 379 1527; x_wconf 84' lang='grc' dir='ltr'><strong><em>πρός</em></strong></span> <span class='ocrx_word' id='word_1_59' title='bbox 403 1494 490 1518; x_wconf 86' lang='grc' dir='ltr'><strong><em>τινα</em></strong></span> <span class='ocrx_word' id='word_1_60' title='bbox 514 1494 633 1522; x_wconf 84' lang='grc' dir='ltr'><strong><em>ουτως</em></strong></span> <span class='ocrx_word' id='word_1_61' title='bbox 657 1479 903 1527; x_wconf 77' lang='grc' dir='ltr'><strong><em>ἀπεφήνατο·</em></strong></span> <span class='ocrx_word' id='word_1_62' title='bbox 931 1478 978 1518; x_wconf 76' lang='grc' dir='ltr'><strong><em>οὔ</em></strong></span> <span class='ocrx_word' id='word_1_63' title='bbox 1003 1494 1062 1518; x_wconf 87' lang='grc' dir='ltr'><strong><em>τοι</em></strong></span> <span class='ocrx_word' id='word_1_64' title='bbox 1087 1484 1162 1518; x_wconf 87' lang='grc' dir='ltr'><strong><em>κτλ.</em></strong></span> <span class='ocrx_word' id='word_1_65' title='bbox 1189 1503 1233 1508; x_wconf 93' lang='grc'>-</span> <span class='ocrx_word' id='word_1_66' title='bbox 1260 1482 1304 1518; x_wconf 93' lang='lat' dir='ltr'><strong><em>V.</em></strong></span> <span class='ocrx_word' id='word_1_67' title='bbox 1334 1487 1365 1518; x_wconf 90' lang='grc'><strong><em>1.</em></strong></span> <span class='ocrx_word' id='word_1_68' title='bbox 1391 1482 1471 1518; x_wconf 83' lang='lat' dir='ltr'>eod.</span> <span class='ocrx_word' id='word_1_69' title='bbox 1499 1479 1626 1528; x_wconf 77' lang='grc' dir='ltr'><strong><em>τόγγε.</em></strong></span> 
     </span>
    </p>

    <p class='ocr_par' dir='ltr' id='par_1_12' title="bbox 162 1525 1704 2149">
     <span class='ocr_line' id='line_1_19' title="bbox 257 1525 1704 1576; baseline 0 -10"><span class='ocrx_word' id='word_1_70' title='bbox 257 1530 316 1566; x_wconf 79' lang='lat' dir='ltr'><strong><em>Fr.</em></strong></span> <span class='ocrx_word' id='word_1_71' title='bbox 343 1534 376 1566; x_wconf 85' lang='lat'><strong><em>5.</em></strong></span> <span class='ocrx_word' id='word_1_72' title='bbox 428 1530 563 1566; x_wconf 70' lang='lat' dir='ltr'>Athen.</span> <span class='ocrx_word' id='word_1_73' title='bbox 596 1529 646 1564; x_wconf 89' lang='lat' dir='ltr'><strong><em>XI</em></strong></span> <span class='ocrx_word' id='word_1_74' title='bbox 679 1529 808 1566; x_wconf 78' lang='lat'>4650:</span> <span class='ocrx_word' id='word_1_75' title='bbox 850 1527 1083 1576; x_wconf 78' lang='grc' dir='ltr'><strong><em>Τιμόθεος</em></strong></span> <span class='ocrx_word' id='word_1_76' title='bbox 1121 1525 1158 1565; x_wconf 79' lang='grc' dir='ltr'><strong><em>δ’</em></strong></span> <span class='ocrx_word' id='word_1_77' title='bbox 1200 1526 1242 1565; x_wconf 70' lang='grc' dir='ltr'><strong><em>ἐν</em></strong></span> <span class='ocrx_word' id='word_1_78' title='bbox 1279 1527 1458 1566; x_wconf 84' lang='grc' dir='ltr'><strong><em>Κύκλωπι</em></strong></span> <span class='ocrx_word' id='word_1_79' title='bbox 1499 1530 1569 1576; x_wconf 79' lang='lat' dir='ltr'>(ita</span> <span class='ocrx_word' id='word_1_80' title='bbox 1602 1531 1629 1566; x_wconf 89' lang='lat' dir='ltr'>L</span> <span class='ocrx_word' id='word_1_81' title='bbox 1665 1531 1704 1566; x_wconf 74' lang='lat' dir='ltr'><strong><em>et</em></strong></span> 
     </span>
     <span class='ocr_line' id='line_1_20' title="bbox 162 1574 1698 1627; baseline -0.001 -13"><span class='ocrx_word' id='word_1_82' title='bbox 162 1578 278 1623; x_wconf 65' lang='lat' dir='ltr'><strong>Euat„</strong></span> <span class='ocrx_word' id='word_1_83' title='bbox 304 1578 509 1627; x_wconf 70' lang='grc' dir='ltr'><strong><em>Κυκλωπία</em></strong></span> <span class='ocrx_word' id='word_1_84' title='bbox 534 1577 630 1622; x_wconf 89' lang='lat' dir='ltr'><strong>PV)·</strong></span> <span class='ocrx_word' id='word_1_85' title='bbox 653 1574 810 1623; x_wconf 84' lang='grc' dir='ltr'><strong><em>Ἕχευε</em></strong></span> <span class='ocrx_word' id='word_1_86' title='bbox 844 1580 919 1613; x_wconf 84' lang='grc' dir='ltr'><strong><em>κτλ.</em></strong></span> <span class='ocrx_word' id='word_1_87' title='bbox 953 1579 992 1613; x_wconf 72' lang='lat' dir='ltr'><strong><em>et</em></strong></span> <span class='ocrx_word' id='word_1_88' title='bbox 1022 1577 1123 1613; x_wconf 71' lang='lat' dir='ltr'>Euat.</span> <span class='ocrx_word' id='word_1_89' title='bbox 1153 1581 1265 1622; x_wconf 80' lang='lat'>1631,</span> <span class='ocrx_word' id='word_1_90' title='bbox 1291 1581 1348 1615; x_wconf 84' lang='grc'><strong><em>61.</em></strong></span> <span class='ocrx_word' id='word_1_91' title='bbox 1377 1599 1420 1604; x_wconf 95' lang='grc'><strong>-</strong></span> <span class='ocrx_word' id='word_1_92' title='bbox 1455 1578 1498 1613; x_wconf 89' lang='lat' dir='ltr'><strong><em>V.</em></strong></span> <span class='ocrx_word' id='word_1_93' title='bbox 1528 1582 1559 1614; x_wconf 90' lang='lat'><strong><em>1.</em></strong></span> <span class='ocrx_word' id='word_1_94' title='bbox 1588 1576 1698 1623; x_wconf 74' lang='grc' dir='ltr'><strong><em>ἔχευε</em></strong></span> 
     </span>
     <span class='ocr_line' id='line_1_21' title="bbox 163 1623 1699 1671; baseline -0.001 -9"><span class='ocrx_word' id='word_1_95' title='bbox 163 1623 199 1662; x_wconf 89' lang='grc' dir='ltr'><strong><em>δ’</em></strong></span> <span class='ocrx_word' id='word_1_96' title='bbox 230 1637 302 1663; x_wconf 90' lang='lat' dir='ltr'><strong><em>om.</em></strong></span> <span class='ocrx_word' id='word_1_97' title='bbox 329 1624 356 1661; x_wconf 87' lang='lat' dir='ltr'>O</span> <span class='ocrx_word' id='word_1_98' title='bbox 383 1627 423 1661; x_wconf 73' lang='lat' dir='ltr'><strong><em>et</em></strong></span> <span class='ocrx_word' id='word_1_99' title='bbox 447 1624 631 1670; x_wconf 68' lang='lat' dir='ltr'>Eustath„</span> <span class='ocrx_word' id='word_1_100' title='bbox 659 1623 790 1670; x_wconf 79' lang='grc' dir='ltr'><strong><em>ἔχευεν</em></strong></span> <span class='ocrx_word' id='word_1_101' title='bbox 817 1623 859 1661; x_wconf 74' lang='grc' dir='ltr'><strong><em>δὲ</em></strong></span> <span class='ocrx_word' id='word_1_102' title='bbox 891 1625 932 1670; x_wconf 91' lang='grc' dir='ltr'><strong><em>Β,</em></strong></span> <span class='ocrx_word' id='word_1_103' title='bbox 959 1623 1066 1671; x_wconf 81' lang='grc' dir='ltr'><strong><em>ἔχευε</em></strong></span> <span class='ocrx_word' id='word_1_104' title='bbox 1093 1623 1135 1660; x_wconf 74' lang='grc' dir='ltr'><strong><em>δὲ</em></strong></span> <span class='ocrx_word' id='word_1_105' title='bbox 1156 1625 1198 1669; x_wconf 91' lang='lat' dir='ltr'><strong><em>L,</em></strong></span> <span class='ocrx_word' id='word_1_106' title='bbox 1226 1623 1361 1671; x_wconf 81' lang='grc' dir='ltr'><strong><em>ἔχυνεν</em></strong></span> <span class='ocrx_word' id='word_1_107' title='bbox 1387 1624 1429 1661; x_wconf 77' lang='grc' dir='ltr'><strong><em>δὲ</em></strong></span> <span class='ocrx_word' id='word_1_108' title='bbox 1449 1625 1492 1671; x_wconf 91' lang='grc' dir='ltr'><strong><em>Ρ,</em></strong></span> <span class='ocrx_word' id='word_1_109' title='bbox 1520 1624 1628 1671; x_wconf 78' lang='grc' dir='ltr'><strong><em>ἔχυνε</em></strong></span> <span class='ocrx_word' id='word_1_110' title='bbox 1657 1625 1699 1661; x_wconf 79' lang='grc' dir='ltr'><strong><em>δὲ</em></strong></span> 
     </span>
     <span class='ocr_line' id='line_1_22' title="bbox 163 1671 1700 1719; baseline -0.001 -10"><span class='ocrx_word' id='word_1_111' title='bbox 163 1673 206 1709; x_wconf 89' lang='lat' dir='ltr'><strong><em>V.</em></strong></span> <span class='ocrx_word' id='word_1_112' title='bbox 258 1672 520 1710; x_wconf 74' lang='lat' dir='ltr'>Schneidewin</span> <span class='ocrx_word' id='word_1_113' title='bbox 546 1671 694 1718; x_wconf 78' lang='grc' dir='ltr'><strong><em>ἔπλησε,</em></strong></span> <span class='ocrx_word' id='word_1_114' title='bbox 717 1673 804 1709; x_wconf 79' lang='lat' dir='ltr'>fort.</span> <span class='ocrx_word' id='word_1_115' title='bbox 834 1671 1006 1719; x_wconf 77' lang='grc' dir='ltr'><strong><em>ἔγχευε,</em></strong></span> <span class='ocrx_word' id='word_1_116' title='bbox 1030 1683 1122 1708; x_wconf 87' lang='lat' dir='ltr'><strong><em>nam</em></strong></span> <span class='ocrx_word' id='word_1_117' title='bbox 1146 1673 1314 1709; x_wconf 76' lang='lat' dir='ltr'>craterae</span> <span class='ocrx_word' id='word_1_118' title='bbox 1339 1673 1418 1708; x_wconf 86' lang='lat' dir='ltr'>vini</span> <span class='ocrx_word' id='word_1_119' title='bbox 1442 1674 1619 1719; x_wconf 85' lang='lat' dir='ltr'>poculum</span> <span class='ocrx_word' id='word_1_120' title='bbox 1645 1673 1700 1708; x_wconf 89' lang='lat' dir='ltr'><strong><em>in·</em></strong></span> 
     </span>
     <span class='ocr_line' id='line_1_23' title="bbox 162 1720 1703 1767; baseline -0.001 -10"><span class='ocrx_word' id='word_1_121' title='bbox 162 1720 299 1764; x_wconf 76' lang='lat' dir='ltr'>fundit,</span> <span class='ocrx_word' id='word_1_122' title='bbox 323 1721 498 1767; x_wconf 77' lang='lat' dir='ltr'>Hartung</span> <span class='ocrx_word' id='word_1_123' title='bbox 520 1720 631 1766; x_wconf 73' lang='lat' dir='ltr'>plane</span> <span class='ocrx_word' id='word_1_124' title='bbox 657 1720 769 1758; x_wconf 77' lang='lat' dir='ltr'>delet.</span> <span class='ocrx_word' id='word_1_125' title='bbox 795 1741 842 1747; x_wconf 93' lang='lat'><strong><em>—-</em></strong></span> <span class='ocrx_word' id='word_1_126' title='bbox 868 1721 1059 1767; x_wconf 83' lang='grc' dir='ltr'><strong><em>μελαίνας,</em></strong></span> <span class='ocrx_word' id='word_1_127' title='bbox 1085 1720 1114 1756; x_wconf 93' lang='grc' dir='ltr'>Β</span> <span class='ocrx_word' id='word_1_128' title='bbox 1138 1722 1331 1766; x_wconf 84' lang='grc' dir='ltr'><strong><em>μολαίνας.</em></strong></span> <span class='ocrx_word' id='word_1_129' title='bbox 1352 1741 1397 1748; x_wconf 92' lang='grc'>-</span> <span class='ocrx_word' id='word_1_130' title='bbox 1424 1721 1468 1757; x_wconf 93' lang='lat' dir='ltr'><strong><em>V.</em></strong></span> <span class='ocrx_word' id='word_1_131' title='bbox 1496 1725 1529 1756; x_wconf 85' lang='lat'><strong><em>3.</em></strong></span> <span class='ocrx_word' id='word_1_132' title='bbox 1556 1722 1703 1757; x_wconf 69' lang='grc' dir='ltr'><strong><em>εἴκοσιν</em></strong></span> 
     </span>
     <span class='ocr_line' id='line_1_24' title="bbox 164 1765 1703 1828; baseline 0 -24"><span class='ocrx_word' id='word_1_133' title='bbox 164 1767 334 1814; x_wconf 83' lang='lat' dir='ltr'>Dindorf,</span> <span class='ocrx_word' id='word_1_134' title='bbox 359 1768 476 1828; x_wconf 59' lang='lat' dir='ltr'>vulgo</span> <span class='ocrx_word' id='word_1_135' title='bbox 501 1769 631 1804; x_wconf 75' lang='grc' dir='ltr'><strong><em>εἴκοσι.</em></strong></span> <span class='ocrx_word' id='word_1_136' title='bbox 652 1789 696 1795; x_wconf 91' lang='grc'>-</span> <span class='ocrx_word' id='word_1_137' title='bbox 717 1765 899 1814; x_wconf 79' lang='grc' dir='ltr'><strong><em>ἄνέχευεν</em></strong></span> <span class='ocrx_word' id='word_1_138' title='bbox 926 1767 1062 1813; x_wconf 84' lang='lat' dir='ltr'>CPVL,</span> <span class='ocrx_word' id='word_1_139' title='bbox 1088 1765 1278 1814; x_wconf 78' lang='grc' dir='ltr'><strong><em>ἄνέχευαν</em></strong></span> <span class='ocrx_word' id='word_1_140' title='bbox 1304 1768 1379 1805; x_wconf 90' lang='lat' dir='ltr'><strong><em>AB.</em></strong></span> <span class='ocrx_word' id='word_1_141' title='bbox 1419 1768 1490 1814; x_wconf 89' lang='lat' dir='ltr'><strong><em>Ap.</em></strong></span> <span class='ocrx_word' id='word_1_142' title='bbox 1512 1768 1615 1806; x_wconf 69' lang='lat' dir='ltr'><strong>Eunt.</strong></span> <span class='ocrx_word' id='word_1_143' title='bbox 1643 1771 1703 1804; x_wconf 75' lang='lat' dir='ltr'><strong><em>est</em></strong></span> 
     </span>
     <span class='ocr_line' id='line_1_25' title="bbox 164 1812 1702 1862; baseline 0 -10"><span class='ocrx_word' id='word_1_144' title='bbox 164 1817 284 1854; x_wconf 73' lang='grc' dir='ltr'><strong><em>εἴκοσι</em></strong></span> <span class='ocrx_word' id='word_1_145' title='bbox 327 1814 371 1852; x_wconf 71' lang='grc' dir='ltr'><strong><em>δὲ</em></strong></span> <span class='ocrx_word' id='word_1_146' title='bbox 415 1817 555 1856; x_wconf 83' lang='grc' dir='ltr'><strong><em>υδατος</em></strong></span> <span class='ocrx_word' id='word_1_147' title='bbox 598 1812 702 1862; x_wconf 82' lang='grc' dir='ltr'><strong><em>μέτρ’</em></strong></span> <span class='ocrx_word' id='word_1_148' title='bbox 749 1814 900 1862; x_wconf 80' lang='grc' dir='ltr'><strong><em>ἔχευεν,</em></strong></span> <span class='ocrx_word' id='word_1_149' title='bbox 944 1816 1044 1852; x_wconf 83' lang='lat' dir='ltr'>unde</span> <span class='ocrx_word' id='word_1_150' title='bbox 1086 1812 1227 1857; x_wconf 71' lang='grc' dir='ltr'><strong><em>ὕδατος</em></strong></span> <span class='ocrx_word' id='word_1_151' title='bbox 1261 1815 1535 1852; x_wconf 76' lang='lat' dir='ltr'>restituendum</span> <span class='ocrx_word' id='word_1_152' title='bbox 1574 1817 1702 1852; x_wconf 75' lang='lat' dir='ltr'>censet</span> 
     </span>
     <span class='ocr_line' id='line_1_26' title="bbox 163 1863 1700 1909; baseline 0.001 -10"><span class='ocrx_word' id='word_1_153' title='bbox 163 1863 214 1902; x_wconf 82' lang='lat' dir='ltr'><strong><em>M.</em></strong></span> <span class='ocrx_word' id='word_1_154' title='bbox 239 1863 426 1900; x_wconf 73' lang='lat' dir='ltr'>Schmidt:</span> <span class='ocrx_word' id='word_1_155' title='bbox 453 1864 519 1899; x_wconf 88' lang='lat' dir='ltr'><strong><em>sed</em></strong></span> <span class='ocrx_word' id='word_1_156' title='bbox 543 1863 616 1899; x_wconf 86' lang='lat' dir='ltr'><strong><em>hoc</em></strong></span> <span class='ocrx_word' id='word_1_157' title='bbox 641 1865 700 1900; x_wconf 73' lang='lat' dir='ltr'><strong><em>est</em></strong></span> <span class='ocrx_word' id='word_1_158' title='bbox 722 1864 911 1900; x_wconf 75' lang='lat' dir='ltr'>Eustathii</span> <span class='ocrx_word' id='word_1_159' title='bbox 935 1864 1250 1909; x_wconf 74' lang='lat' dir='ltr'>additamentum,</span> <span class='ocrx_word' id='word_1_160' title='bbox 1277 1864 1468 1900; x_wconf 72' lang='lat' dir='ltr'>evanescit</span> <span class='ocrx_word' id='word_1_161' title='bbox 1497 1864 1700 1900; x_wconf 74' lang='lat' dir='ltr'>difficultas</span> 
     </span>
     <span class='ocr_line' id='line_1_27' title="bbox 165 1909 1698 1958; baseline 0.001 -10"><span class='ocrx_word' id='word_1_162' title='bbox 165 1912 302 1958; x_wconf 86' lang='lat' dir='ltr'>copula</span> <span class='ocrx_word' id='word_1_163' title='bbox 325 1923 364 1948; x_wconf 78' lang='grc' dir='ltr'><strong><em>τε</em></strong></span> <span class='ocrx_word' id='word_1_164' title='bbox 391 1922 459 1957; x_wconf 87' lang='lat' dir='ltr'><strong><em>pro</em></strong></span> <span class='ocrx_word' id='word_1_165' title='bbox 483 1909 526 1947; x_wconf 70' lang='grc' dir='ltr'><strong><em>δὲ</em></strong></span> <span class='ocrx_word' id='word_1_166' title='bbox 558 1911 743 1949; x_wconf 75' lang='lat' dir='ltr'>restituta.</span> <span class='ocrx_word' id='word_1_167' title='bbox 770 1933 815 1939; x_wconf 88' lang='lat'><strong><em>—-</em></strong></span> <span class='ocrx_word' id='word_1_168' title='bbox 841 1910 968 1958; x_wconf 73' lang='grc' dir='ltr'><strong><em>ἔμισγε</em></strong></span> <span class='ocrx_word' id='word_1_169' title='bbox 995 1911 1045 1956; x_wconf 83' lang='grc' dir='ltr'><strong><em>Α,</em></strong></span> <span class='ocrx_word' id='word_1_170' title='bbox 1078 1910 1206 1958; x_wconf 80' lang='grc' dir='ltr'><strong><em>ἔσμιγε</em></strong></span> <span class='ocrx_word' id='word_1_171' title='bbox 1232 1911 1347 1954; x_wconf 85' lang='lat' dir='ltr'><strong><em>PVL,</em></strong></span> <span class='ocrx_word' id='word_1_172' title='bbox 1378 1909 1558 1958; x_wconf 82' lang='grc' dir='ltr'><strong><em>α’νέμισγε</em></strong></span> <span class='ocrx_word' id='word_1_173' title='bbox 1587 1911 1625 1949; x_wconf 87' lang='lat' dir='ltr'><strong><em>C.</em></strong></span> <span class='ocrx_word' id='word_1_174' title='bbox 1654 1933 1698 1938; x_wconf 93' lang='lat'>—</span> 
     </span>
     <span class='ocr_line' id='line_1_28' title="bbox 164 1956 1699 2006; baseline 0 -11"><span class='ocrx_word' id='word_1_175' title='bbox 164 1959 215 1995; x_wconf 84' lang='lat' dir='ltr'><strong><em>V.-</em></strong></span> <span class='ocrx_word' id='word_1_176' title='bbox 235 1963 268 1995; x_wconf 81' lang='lat'><strong><em>4.</em></strong></span> <span class='ocrx_word' id='word_1_177' title='bbox 294 1957 341 1995; x_wconf 73' lang='grc' dir='ltr'><strong><em>θ’</em></strong></span> <span class='ocrx_word' id='word_1_178' title='bbox 369 1957 462 2006; x_wconf 79' lang='grc' dir='ltr'><strong><em>αἷμα</em></strong></span> <span class='ocrx_word' id='word_1_179' title='bbox 486 1958 638 2005; x_wconf 77' lang='lat' dir='ltr'>scripsi,</span> <span class='ocrx_word' id='word_1_180' title='bbox 663 1956 702 1994; x_wconf 79' lang='grc' dir='ltr'><strong><em>δ’</em></strong></span> <span class='ocrx_word' id='word_1_181' title='bbox 729 1958 823 2006; x_wconf 81' lang='grc' dir='ltr'><strong><em>αἷμα</em></strong></span> <span class='ocrx_word' id='word_1_182' title='bbox 849 1959 1072 2004; x_wconf 80' lang='lat' dir='ltr'>Grotefend,</span> <span class='ocrx_word' id='word_1_183' title='bbox 1098 1961 1131 1995; x_wconf 89' lang='lat' dir='ltr'>A</span> <span class='ocrx_word' id='word_1_184' title='bbox 1157 1960 1294 2006; x_wconf 79' lang='grc' dir='ltr'><strong><em>ἃιαμοι,</em></strong></span> <span class='ocrx_word' id='word_1_185' title='bbox 1321 1959 1444 1995; x_wconf 89' lang='lat' dir='ltr'><strong>CPVL</strong></span> <span class='ocrx_word' id='word_1_186' title='bbox 1470 1956 1510 1995; x_wconf 81' lang='grc' dir='ltr'><strong><em>δ’</em></strong></span> <span class='ocrx_word' id='word_1_187' title='bbox 1537 1956 1628 2006; x_wconf 78' lang='grc' dir='ltr'><strong><em>ἅμα.</em></strong></span> <span class='ocrx_word' id='word_1_188' title='bbox 1655 1980 1699 1986; x_wconf 91' lang='grc'>-</span> 
     </span>
     <span class='ocr_line' id='line_1_29' title="bbox 166 2005 1699 2065; baseline 0.001 -23"><span class='ocrx_word' id='word_1_189' title='bbox 166 2007 344 2053; x_wconf 75' lang='grc' dir='ltr'><strong><em>Βακχίου,</em></strong></span> <span class='ocrx_word' id='word_1_190' title='bbox 370 2006 399 2042; x_wconf 94' lang='grc' dir='ltr'><strong>Β</strong></span> <span class='ocrx_word' id='word_1_191' title='bbox 424 2008 596 2065; x_wconf 77' lang='grc' dir='ltr'><strong><em>βακχεῖα.</em></strong></span> <span class='ocrx_word' id='word_1_192' title='bbox 622 2027 667 2033; x_wconf 93' lang='grc'>-</span> <span class='ocrx_word' id='word_1_193' title='bbox 692 2005 908 2054; x_wconf 79' lang='grc' dir='ltr'><strong><em>νεορρύτοις</em></strong></span> <span class='ocrx_word' id='word_1_194' title='bbox 934 2007 974 2052; x_wconf 88' lang='lat' dir='ltr'><strong><em>C,</em></strong></span> <span class='ocrx_word' id='word_1_195' title='bbox 998 2005 1208 2053; x_wconf 79' lang='grc' dir='ltr'><strong><em>νεορρύτως</em></strong></span> <span class='ocrx_word' id='word_1_196' title='bbox 1232 2008 1278 2054; x_wconf 90' lang='lat' dir='ltr'><strong><em>A,</em></strong></span> <span class='ocrx_word' id='word_1_197' title='bbox 1303 2005 1500 2064; x_wconf 77' lang='grc' dir='ltr'><strong><em>νεωρύτως</em></strong></span> <span class='ocrx_word' id='word_1_198' title='bbox 1519 2008 1558 2053; x_wconf 90' lang='grc' dir='ltr'><strong><em>Ρ,</em></strong></span> <span class='ocrx_word' id='word_1_199' title='bbox 1585 2021 1699 2054; x_wconf 85' lang='grc' dir='ltr'><strong><em>νεωρ-</em></strong></span> 
     </span>
     <span class='ocr_line' id='line_1_30' title="bbox 165 2052 1700 2102; baseline 0 -12"><span class='ocrx_word' id='word_1_200' title='bbox 165 2054 284 2100; x_wconf 78' lang='grc' dir='ltr'><strong><em>ρυτῶς</em></strong></span> <span class='ocrx_word' id='word_1_201' title='bbox 308 2054 350 2098; x_wconf 92' lang='grc' dir='ltr'><strong><em>Β,</em></strong></span> <span class='ocrx_word' id='word_1_202' title='bbox 374 2067 563 2100; x_wconf 78' lang='grc' dir='ltr'><strong><em>νεορρυτω</em></strong></span> <span class='ocrx_word' id='word_1_203' title='bbox 592 2054 667 2090; x_wconf 84' lang='lat' dir='ltr'><strong><em>VL.</em></strong></span> <span class='ocrx_word' id='word_1_204' title='bbox 694 2075 740 2081; x_wconf 92' lang='lat'><strong><em>-—</em></strong></span> <span class='ocrx_word' id='word_1_205' title='bbox 765 2052 966 2100; x_wconf 78' lang='grc' dir='ltr'><strong><em>δακρύοισι</em></strong></span> <span class='ocrx_word' id='word_1_206' title='bbox 990 2055 1036 2100; x_wconf 86' lang='lat' dir='ltr'><strong><em>C,</em></strong></span> <span class='ocrx_word' id='word_1_207' title='bbox 1062 2055 1127 2091; x_wconf 81' lang='lat' dir='ltr'>sed</span> <span class='ocrx_word' id='word_1_208' title='bbox 1153 2055 1248 2091; x_wconf 87' lang='lat' dir='ltr'><strong><em>PVL</em></strong></span> <span class='ocrx_word' id='word_1_209' title='bbox 1275 2056 1494 2102; x_wconf 82' lang='grc' dir='ltr'><strong><em>δακρυουσι.</em></strong></span> <span class='ocrx_word' id='word_1_210' title='bbox 1521 2076 1566 2082; x_wconf 87' lang='grc'>-</span> <span class='ocrx_word' id='word_1_211' title='bbox 1595 2057 1700 2102; x_wconf 86' lang='grc' dir='ltr'><strong><em>Νυμ-</em></strong></span> 
     </span>
     <span class='ocr_line' id='line_1_31' title="bbox 167 2100 1145 2149; baseline 0.002 -12"><span class='ocrx_word' id='word_1_212' title='bbox 167 2102 248 2148; x_wconf 79' lang='grc' dir='ltr'><strong><em>φᾶν</em></strong></span> <span class='ocrx_word' id='word_1_213' title='bbox 275 2101 420 2139; x_wconf 83' lang='lat' dir='ltr'>Schwei</span> <span class='ocrx_word' id='word_1_214' title='bbox 448 2102 616 2147; x_wconf 65' lang='lat' dir='ltr'>baumer,</span> <span class='ocrx_word' id='word_1_215' title='bbox 641 2102 734 2138; x_wconf 87' lang='lat' dir='ltr'><strong><em>PVL</em></strong></span> <span class='ocrx_word' id='word_1_216' title='bbox 760 2100 929 2149; x_wconf 78' lang='grc' dir='ltr'><strong><em>νύμφαν,</em></strong></span> <span class='ocrx_word' id='word_1_217' title='bbox 955 2102 982 2139; x_wconf 89' lang='lat' dir='ltr'>C</span> <span class='ocrx_word' id='word_1_218' title='bbox 1008 2103 1145 2149; x_wconf 72' lang='grc' dir='ltr'><strong><em>πηγᾶν.</em></strong></span> 
     </span>
    </p>

    <p class='ocr_par' dir='ltr' id='par_1_13' title="bbox 167 2146 1704 2339">
     <span class='ocr_line' id='line_1_32' title="bbox 261 2146 1704 2196; baseline -0.001 -10"><span class='ocrx_word' id='word_1_219' title='bbox 261 2150 320 2186; x_wconf 80' lang='lat' dir='ltr'><strong><em>Fr.</em></strong></span> <span class='ocrx_word' id='word_1_220' title='bbox 347 2154 379 2186; x_wconf 78' lang='lat'><strong><em>6.</em></strong></span> <span class='ocrx_word' id='word_1_221' title='bbox 466 2150 539 2196; x_wconf 82' lang='lat' dir='ltr'>iog.</span> <span class='ocrx_word' id='word_1_222' title='bbox 565 2150 688 2188; x_wconf 76' lang='lat' dir='ltr'>Laert.</span> <span class='ocrx_word' id='word_1_223' title='bbox 715 2150 764 2186; x_wconf 93' lang='lat' dir='ltr'><strong><em>VI</em></strong></span> <span class='ocrx_word' id='word_1_224' title='bbox 789 2154 836 2187; x_wconf 79' lang='lat'><strong><em>28</em></strong></span> <span class='ocrx_word' id='word_1_225' title='bbox 862 2151 908 2187; x_wconf 89' lang='lat' dir='ltr'><strong><em>de</em></strong></span> <span class='ocrx_word' id='word_1_226' title='bbox 934 2151 1098 2187; x_wconf 83' lang='lat' dir='ltr'><strong>Zenone:</strong></span> <span class='ocrx_word' id='word_1_227' title='bbox 1134 2147 1311 2187; x_wconf 77' lang='grc' dir='ltr'><strong><em>ἐτελεύτα</em></strong></span> <span class='ocrx_word' id='word_1_228' title='bbox 1337 2149 1380 2186; x_wconf 74' lang='grc' dir='ltr'><strong><em>δὲ</em></strong></span> <span class='ocrx_word' id='word_1_229' title='bbox 1408 2146 1542 2191; x_wconf 74' lang='grc' dir='ltr'><strong><em>οὕτως·</em></strong></span> <span class='ocrx_word' id='word_1_230' title='bbox 1571 2147 1612 2186; x_wconf 75' lang='grc' dir='ltr'><strong><em>ἐκ</em></strong></span> <span class='ocrx_word' id='word_1_231' title='bbox 1638 2151 1704 2196; x_wconf 86' lang='grc' dir='ltr'><strong><em>τῆς</em></strong></span> 
     </span>
     <span class='ocr_line' id='line_1_33' title="bbox 167 2193 1701 2244; baseline -0.001 -10"><span class='ocrx_word' id='word_1_232' title='bbox 167 2198 301 2243; x_wconf 83' lang='grc' dir='ltr'><strong><em>σχολῆς</em></strong></span> <span class='ocrx_word' id='word_1_233' title='bbox 325 2193 449 2233; x_wconf 72' lang='grc' dir='ltr'><strong><em>ἀπιὼν</em></strong></span> <span class='ocrx_word' id='word_1_234' title='bbox 475 2195 723 2243; x_wconf 75' lang='grc' dir='ltr'><strong><em>προσέπταισε</em></strong></span> <span class='ocrx_word' id='word_1_235' title='bbox 751 2198 816 2233; x_wconf 72' lang='grc' dir='ltr'><strong><em>καὶ</em></strong></span> <span class='ocrx_word' id='word_1_236' title='bbox 840 2195 908 2234; x_wconf 83' lang='grc' dir='ltr'><strong><em>τὸν</em></strong></span> <span class='ocrx_word' id='word_1_237' title='bbox 928 2196 1115 2235; x_wconf 77' lang='grc' dir='ltr'><strong><em>δάκτυλον</em></strong></span> <span class='ocrx_word' id='word_1_238' title='bbox 1133 2197 1373 2244; x_wconf 80' lang='grc' dir='ltr'><strong><em>περιέρρηξε·</em></strong></span> <span class='ocrx_word' id='word_1_239' title='bbox 1399 2199 1538 2239; x_wconf 87' lang='grc' dir='ltr'><strong><em>παίσας</em></strong></span> <span class='ocrx_word' id='word_1_240' title='bbox 1564 2196 1606 2233; x_wconf 71' lang='grc' dir='ltr'><strong><em>δὲ</em></strong></span> <span class='ocrx_word' id='word_1_241' title='bbox 1632 2195 1701 2243; x_wconf 88' lang='grc' dir='ltr'><strong><em>τὴν</em></strong></span> 
     </span>
     <span class='ocr_line' id='line_1_34' title="bbox 167 2242 1703 2295; baseline 0 -15"><span class='ocrx_word' id='word_1_242' title='bbox 167 2245 239 2290; x_wconf 78' lang='grc' dir='ltr'><strong><em>γῆν</em></strong></span> <span class='ocrx_word' id='word_1_243' title='bbox 263 2244 308 2292; x_wconf 84' lang='grc' dir='ltr'><strong><em>τῇ</em></strong></span> <span class='ocrx_word' id='word_1_244' title='bbox 336 2246 441 2291; x_wconf 83' lang='grc' dir='ltr'><strong><em>χειρί,</em></strong></span> <span class='ocrx_word' id='word_1_245' title='bbox 468 2244 562 2290; x_wconf 76' lang='grc' dir='ltr'><strong><em>φησὶ</em></strong></span> <span class='ocrx_word' id='word_1_246' title='bbox 586 2242 628 2281; x_wconf 87' lang='grc' dir='ltr'><strong><em>τὸ</em></strong></span> <span class='ocrx_word' id='word_1_247' title='bbox 656 2242 699 2280; x_wconf 77' lang='grc' dir='ltr'><strong><em>ἐκ</em></strong></span> <span class='ocrx_word' id='word_1_248' title='bbox 724 2246 790 2291; x_wconf 87' lang='grc' dir='ltr'><strong><em>τῆς</em></strong></span> <span class='ocrx_word' id='word_1_249' title='bbox 814 2243 982 2295; x_wconf 81' lang='grc' dir='ltr'><strong><em>Νιόβης·</em></strong></span> <span class='ocrx_word' id='word_1_250' title='bbox 1000 2243 1233 2292; x_wconf 82' lang='grc' dir='ltr'><strong><em>Ἔρχομαι·</em></strong></span> <span class='ocrx_word' id='word_1_251' title='bbox 1259 2246 1304 2281; x_wconf 85' lang='grc' dir='ltr'><strong><em>τί</em></strong></span> <span class='ocrx_word' id='word_1_252' title='bbox 1326 2242 1366 2291; x_wconf 89' lang='grc' dir='ltr'><strong><em>μ’</em></strong></span> <span class='ocrx_word' id='word_1_253' title='bbox 1395 2242 1530 2286; x_wconf 78' lang='grc' dir='ltr'><strong><em>ἆῦεις</em></strong></span> <span class='ocrx_word' id='word_1_254' title='bbox 1554 2243 1703 2290; x_wconf 78' lang='grc' dir='ltr'><strong><em>(αὔεις</em></strong></span> 
     </span>
     <span class='ocr_line' id='line_1_35' title="bbox 168 2289 1700 2339; baseline 0.001 -12"><span class='ocrx_word' id='word_1_255' title='bbox 168 2292 374 2336; x_wconf 84' lang='lat' dir='ltr'>Hermann,</span> <span class='ocrx_word' id='word_1_256' title='bbox 406 2291 479 2327; x_wconf 88' lang='lat' dir='ltr'>nisi</span> <span class='ocrx_word' id='word_1_257' title='bbox 502 2293 671 2338; x_wconf 64' lang='lat' dir='ltr'>praestat</span> <span class='ocrx_word' id='word_1_258' title='bbox 701 2289 890 2339; x_wconf 55' lang='grc' dir='ltr'><strong><em>ἀϋτῆς),</em></strong></span> <span class='ocrx_word' id='word_1_259' title='bbox 922 2304 1018 2339; x_wconf 85' lang='lat' dir='ltr'>qnae</span> <span class='ocrx_word' id='word_1_260' title='bbox 1050 2293 1131 2339; x_wconf 83' lang='lat' dir='ltr'>ipse</span> <span class='ocrx_word' id='word_1_261' title='bbox 1162 2293 1350 2339; x_wconf 78' lang='lat' dir='ltr'>Diogenes</span> <span class='ocrx_word' id='word_1_262' title='bbox 1380 2292 1515 2328; x_wconf 88' lang='lat' dir='ltr'>deinde</span> <span class='ocrx_word' id='word_1_263' title='bbox 1546 2293 1585 2328; x_wconf 89' lang='lat' dir='ltr'><strong><em>in</em></strong></span> <span class='ocrx_word' id='word_1_264' title='bbox 1622 2293 1700 2338; x_wconf 88' lang='lat' dir='ltr'>epi-</span> 
     </span>
    </p>

    <p class='ocr_par' dir='ltr' id='par_1_14' title="bbox 168 2338 1735 2719">
     <span class='ocr_line' id='line_1_36' title="bbox 213 2338 1701 2399; baseline 0.001 -24"><span class='ocrx_word' id='word_1_265' title='bbox 213 2342 376 2375; x_wconf 66' lang='lat' dir='ltr'>ammata</span> <span class='ocrx_word' id='word_1_266' title='bbox 401 2339 572 2375; x_wconf 69' lang='lat' dir='ltr'>imitatur</span> <span class='ocrx_word' id='word_1_267' title='bbox 598 2338 758 2399; x_wconf 65' lang='grc' dir='ltr'><strong><em>ἔρχρμαι</em></strong></span> <span class='ocrx_word' id='word_1_268' title='bbox 783 2338 1012 2387; x_wconf 77' lang='grc' dir='ltr'><strong><em>αὐτόματος·</em></strong></span> <span class='ocrx_word' id='word_1_269' title='bbox 1044 2342 1084 2376; x_wconf 92' lang='grc' dir='ltr'><strong><em>τί</em></strong></span> <span class='ocrx_word' id='word_1_270' title='bbox 1106 2338 1153 2386; x_wconf 85' lang='grc' dir='ltr'><strong><em>δὴ</em></strong></span> <span class='ocrx_word' id='word_1_271' title='bbox 1179 2344 1308 2381; x_wconf 82' lang='grc' dir='ltr'><strong><em>καλεῖς</em></strong></span> <span class='ocrx_word' id='word_1_272' title='bbox 1333 2353 1397 2386; x_wconf 72' lang='grc' dir='ltr'><strong><em>με,</em></strong></span> <span class='ocrx_word' id='word_1_273' title='bbox 1429 2340 1572 2376; x_wconf 77' lang='lat' dir='ltr'>Eadem</span> <span class='ocrx_word' id='word_1_274' title='bbox 1599 2341 1701 2377; x_wconf 79' lang='lat' dir='ltr'>Stob.</span> 
     </span>
     <span class='ocr_line' id='line_1_37' title="bbox 168 2352 1702 2434; baseline 0 -11"><span class='ocrx_word' id='word_1_275' title='bbox 168 2352 264 2424; x_wconf 51' lang='lat' dir='ltr'>glor.</span> <span class='ocrx_word' id='word_1_276' title='bbox 288 2387 353 2422; x_wconf 90' lang='lat' dir='ltr'><strong><em>VII</em></strong></span> <span class='ocrx_word' id='word_1_277' title='bbox 372 2390 419 2423; x_wconf 80' lang='lat'><strong><em>45</em></strong></span> <span class='ocrx_word' id='word_1_278' title='bbox 438 2386 517 2432; x_wconf 89' lang='lat' dir='ltr'>(nbi</span> <span class='ocrx_word' id='word_1_279' title='bbox 535 2388 576 2422; x_wconf 81' lang='grc' dir='ltr'><strong><em>τί</em></strong></span> <span class='ocrx_word' id='word_1_280' title='bbox 595 2399 640 2434; x_wconf 83' lang='grc' dir='ltr'><strong><em>με</em></strong></span> <span class='ocrx_word' id='word_1_281' title='bbox 666 2390 786 2433; x_wconf 83' lang='grc' dir='ltr'><strong><em>αγεις)</em></strong></span> <span class='ocrx_word' id='word_1_282' title='bbox 807 2390 846 2424; x_wconf 74' lang='lat' dir='ltr'><strong><em>et</em></strong></span> <span class='ocrx_word' id='word_1_283' title='bbox 864 2388 999 2424; x_wconf 83' lang='lat' dir='ltr'>Suidas</span> <span class='ocrx_word' id='word_1_284' title='bbox 1023 2401 1058 2424; x_wconf 86' lang='lat' dir='ltr'><strong><em>v.</em></strong></span> <span class='ocrx_word' id='word_1_285' title='bbox 1079 2386 1197 2429; x_wconf 77' lang='grc' dir='ltr'><strong><em>αὔεις.</em></strong></span> <span class='ocrx_word' id='word_1_286' title='bbox 1248 2388 1304 2423; x_wconf 87' lang='lat' dir='ltr'><strong><em>Ex</em></strong></span> <span class='ocrx_word' id='word_1_287' title='bbox 1323 2387 1511 2424; x_wconf 76' lang='lat' dir='ltr'>Timothei</span> <span class='ocrx_word' id='word_1_288' title='bbox 1539 2388 1702 2424; x_wconf 81' lang='lat' dir='ltr'>carmine</span> 
     </span>
     <span class='ocr_line' id='line_1_38' title="bbox 169 2433 1701 2481; baseline 0.001 -11"><span class='ocrx_word' id='word_1_289' title='bbox 169 2433 376 2470; x_wconf 76' lang='lat' dir='ltr'>clausulam</span> <span class='ocrx_word' id='word_1_290' title='bbox 402 2435 499 2470; x_wconf 86' lang='lat' dir='ltr'>hanc</span> <span class='ocrx_word' id='word_1_291' title='bbox 524 2435 683 2480; x_wconf 70' lang='lat' dir='ltr'>petitam</span> <span class='ocrx_word' id='word_1_292' title='bbox 708 2446 787 2471; x_wconf 88' lang='lat' dir='ltr'>esse</span> <span class='ocrx_word' id='word_1_293' title='bbox 812 2436 923 2472; x_wconf 89' lang='lat' dir='ltr'>fidem</span> <span class='ocrx_word' id='word_1_294' title='bbox 949 2436 1041 2472; x_wconf 72' lang='lat' dir='ltr'>facit</span> <span class='ocrx_word' id='word_1_295' title='bbox 1066 2436 1201 2472; x_wconf 88' lang='lat' dir='ltr'>Macho</span> <span class='ocrx_word' id='word_1_296' title='bbox 1226 2447 1286 2481; x_wconf 85' lang='lat' dir='ltr'>ap.</span> <span class='ocrx_word' id='word_1_297' title='bbox 1308 2436 1443 2471; x_wconf 72' lang='lat' dir='ltr'>Athen.</span> <span class='ocrx_word' id='word_1_298' title='bbox 1464 2435 1550 2471; x_wconf 86' lang='lat' dir='ltr'>VIII</span> <span class='ocrx_word' id='word_1_299' title='bbox 1572 2439 1640 2471; x_wconf 83' lang='lat'><strong><em>341</em></strong></span> <span class='ocrx_word' id='word_1_300' title='bbox 1657 2435 1701 2471; x_wconf 74' lang='lat' dir='ltr'><strong><em>Cz</em></strong></span> 
     </span>
     <span class='ocr_line' id='line_1_39' title="bbox 169 2478 1703 2532; baseline 0.001 -14"><span class='ocrx_word' id='word_1_301' title='bbox 169 2478 252 2518; x_wconf 74' lang='grc' dir='ltr'><strong><em>ἀλλ’</em></strong></span> <span class='ocrx_word' id='word_1_302' title='bbox 282 2480 366 2518; x_wconf 74' lang='grc' dir='ltr'><strong><em>ἐπεὶ</em></strong></span> <span class='ocrx_word' id='word_1_303' title='bbox 391 2479 412 2517; x_wconf 81' lang='grc' dir='ltr'><strong>ὁ</strong></span> <span class='ocrx_word' id='word_1_304' title='bbox 435 2481 629 2528; x_wconf 77' lang='grc' dir='ltr'><strong><em>Τιμοθέου</em></strong></span> <span class='ocrx_word' id='word_1_305' title='bbox 649 2479 788 2527; x_wconf 80' lang='grc' dir='ltr'><strong><em>Χάρων</em></strong></span> <span class='ocrx_word' id='word_1_306' title='bbox 815 2482 1008 2529; x_wconf 77' lang='grc' dir='ltr'><strong><em>σχολάζειν</em></strong></span> <span class='ocrx_word' id='word_1_307' title='bbox 1034 2480 1104 2519; x_wconf 76' lang='grc' dir='ltr'><strong><em>οὐκ</em></strong></span> <span class='ocrx_word' id='word_1_308' title='bbox 1138 2481 1182 2532; x_wconf 79' lang='grc' dir='ltr'><strong><em>ἐᾷ</em></strong></span> <span class='ocrx_word' id='word_1_309' title='bbox 1210 2480 1279 2519; x_wconf 79' lang='grc' dir='ltr'><strong><em>οὑκ</em></strong></span> <span class='ocrx_word' id='word_1_310' title='bbox 1305 2483 1370 2528; x_wconf 88' lang='grc' dir='ltr'><strong><em>τῆς</em></strong></span> <span class='ocrx_word' id='word_1_311' title='bbox 1390 2480 1547 2531; x_wconf 84' lang='grc' dir='ltr'><strong><em>Νιόβης,</em></strong></span> <span class='ocrx_word' id='word_1_312' title='bbox 1568 2488 1703 2529; x_wconf 78' lang='grc' dir='ltr'><strong><em>χωρεῖν</em></strong></span> 
     </span>
     <span class='ocr_line' id='line_1_40' title="bbox 170 2526 1735 2579; baseline 0 -13"><span class='ocrx_word' id='word_1_313' title='bbox 170 2529 213 2566; x_wconf 72' lang='grc' dir='ltr'><strong><em>δὲ</em></strong></span> <span class='ocrx_word' id='word_1_314' title='bbox 239 2532 343 2575; x_wconf 79' lang='grc' dir='ltr'><strong><em>πορθ</em></strong></span> <span class='ocrx_word' id='word_1_315' title='bbox 372 2527 418 2565; x_wconf 88' lang='grc' dir='ltr'><strong><em>ὸν</em></strong></span> <span class='ocrx_word' id='word_1_316' title='bbox 439 2526 639 2575; x_wconf 74' lang='grc' dir='ltr'><strong><em>(πορθμίδ’</em></strong></span> <span class='ocrx_word' id='word_1_317' title='bbox 666 2529 908 2567; x_wconf 71' lang='lat' dir='ltr'>casaubonus</span> <span class='ocrx_word' id='word_1_318' title='bbox 929 2534 967 2568; x_wconf 79' lang='lat' dir='ltr'><strong><em>et</em></strong></span> <span class='ocrx_word' id='word_1_319' title='bbox 987 2531 1172 2576; x_wconf 83' lang='lat' dir='ltr'>Meineke)</span> <span class='ocrx_word' id='word_1_320' title='bbox 1199 2527 1363 2579; x_wconf 76' lang='grc' dir='ltr'><strong><em>ἀναβοᾷ,</em></strong></span> <span class='ocrx_word' id='word_1_321' title='bbox 1387 2533 1499 2566; x_wconf 82' lang='grc' dir='ltr'><strong><em>καλεῖ</em></strong></span> <span class='ocrx_word' id='word_1_322' title='bbox 1521 2530 1563 2566; x_wconf 76' lang='grc' dir='ltr'><strong><em>δὲ</em></strong></span> <span class='ocrx_word' id='word_1_323' title='bbox 1590 2535 1702 2577; x_wconf 80' lang='grc' dir='ltr'><strong><em>μοῖρα</em></strong></span> <span class='ocrx_word' id='word_1_324' title='bbox 1730 2552 1735 2557; x_wconf 94' lang='grc'>-</span> 
     </span>
     <span class='ocr_line' id='line_1_41' title="bbox 170 2574 1704 2624; baseline 0.001 -11"><span class='ocrx_word' id='word_1_325' title='bbox 170 2575 310 2624; x_wconf 80' lang='grc' dir='ltr'><strong><em>νύχιος,</em></strong></span> <span class='ocrx_word' id='word_1_326' title='bbox 363 2591 381 2618; x_wconf 90' lang='grc' dir='ltr'><strong><em>ς</em></strong></span> <span class='ocrx_word' id='word_1_327' title='bbox 406 2574 535 2613; x_wconf 78' lang='grc' dir='ltr'><strong><em>κλύειν</em></strong></span> <span class='ocrx_word' id='word_1_328' title='bbox 560 2574 692 2623; x_wconf 72' lang='grc' dir='ltr'><strong><em>χρεόν.</em></strong></span> <span class='ocrx_word' id='word_1_329' title='bbox 729 2577 785 2614; x_wconf 83' lang='lat' dir='ltr'><strong><em>Ac</em></strong></span> <span class='ocrx_word' id='word_1_330' title='bbox 803 2578 1004 2615; x_wconf 78' lang='lat' dir='ltr'>Timotheo</span> <span class='ocrx_word' id='word_1_331' title='bbox 1024 2579 1137 2614; x_wconf 78' lang='lat' dir='ltr'>etiam</span> <span class='ocrx_word' id='word_1_332' title='bbox 1157 2578 1291 2614; x_wconf 87' lang='lat' dir='ltr'>Nauck</span> <span class='ocrx_word' id='word_1_333' title='bbox 1310 2578 1487 2623; x_wconf 75' lang='lat' dir='ltr'>vindicat,</span> <span class='ocrx_word' id='word_1_334' title='bbox 1512 2578 1704 2614; x_wconf 77' lang='lat' dir='ltr'>Hermann</span> 
     </span>
     <span class='ocr_line' id='line_1_42' title="bbox 170 2624 1701 2672; baseline 0.001 -11"><span class='ocrx_word' id='word_1_335' title='bbox 170 2625 348 2670; x_wconf 84' lang='lat' dir='ltr'>Aeschyli</span> <span class='ocrx_word' id='word_1_336' title='bbox 379 2624 543 2669; x_wconf 78' lang='lat' dir='ltr'>Niobae,</span> <span class='ocrx_word' id='word_1_337' title='bbox 578 2624 727 2660; x_wconf 85' lang='lat' dir='ltr'>Brunck</span> <span class='ocrx_word' id='word_1_338' title='bbox 760 2625 975 2672; x_wconf 82' lang='lat' dir='ltr'>cognomini</span> <span class='ocrx_word' id='word_1_339' title='bbox 1007 2626 1203 2672; x_wconf 87' lang='lat' dir='ltr'>Sophoclis</span> <span class='ocrx_word' id='word_1_340' title='bbox 1238 2625 1456 2671; x_wconf 74' lang='lat' dir='ltr'>tragoediae</span> <span class='ocrx_word' id='word_1_341' title='bbox 1491 2625 1701 2672; x_wconf 72' lang='lat' dir='ltr'>adscripsit.</span> 
     </span>
     <span class='ocr_line' id='line_1_43' title="bbox 171 2673 1607 2719; baseline 0.001 -10"><span class='ocrx_word' id='word_1_342' title='bbox 171 2673 245 2709; x_wconf 84' lang='lat' dir='ltr'><strong><em>Sed</em></strong></span> <span class='ocrx_word' id='word_1_343' title='bbox 270 2673 438 2719; x_wconf 82' lang='lat' dir='ltr'>suspicor</span> <span class='ocrx_word' id='word_1_344' title='bbox 463 2673 578 2708; x_wconf 78' lang='lat' dir='ltr'>etiam</span> <span class='ocrx_word' id='word_1_345' title='bbox 603 2673 889 2718; x_wconf 75' lang='lat' dir='ltr'>praecedentem</span> <span class='ocrx_word' id='word_1_346' title='bbox 915 2673 1094 2709; x_wconf 86' lang='lat' dir='ltr'>Charonis</span> <span class='ocrx_word' id='word_1_347' title='bbox 1118 2684 1267 2710; x_wconf 83' lang='lat' dir='ltr'>versum</span> <span class='ocrx_word' id='word_1_348' title='bbox 1295 2675 1483 2709; x_wconf 77' lang='lat' dir='ltr'>servatum</span> <span class='ocrx_word' id='word_1_349' title='bbox 1510 2684 1607 2710; x_wconf 83' lang='lat' dir='ltr'>esse:</span> 
     </span>
    </p>
   </div>
   <div class='ocr_carea' id='block_1_10' title="bbox 171 2740 1704 2957">
    <p class='ocr_par' dir='ltr' id='par_1_15' title="bbox 171 2740 1704 2957">
     <span class='ocr_line' id='line_1_44' title="bbox 680 2740 1185 2792; baseline 0.002 -2"><span class='ocrx_word' id='word_1_350' title='bbox 680 2740 816 2792; x_wconf 71' lang='grc' dir='ltr'><strong><em>Ἔμβα»</em></strong></span> <span class='ocrx_word' id='word_1_351' title='bbox 841 2745 1053 2791; x_wconf 70' lang='grc' dir='ltr'><strong><em>ποοθμίδος</em></strong></span> <span class='ocrx_word' id='word_1_352' title='bbox 1078 2742 1185 2791; x_wconf 59' lang='lat' dir='ltr'><strong><em>swa,</em></strong></span> 
     </span>
     <span class='ocr_line' id='line_1_45' title="bbox 171 2810 1704 2863; baseline 0.001 -12"><span class='ocrx_word' id='word_1_353' title='bbox 171 2814 271 2861; x_wconf 87' lang='lat' dir='ltr'>apud</span> <span class='ocrx_word' id='word_1_354' title='bbox 303 2815 471 2852; x_wconf 76' lang='lat' dir='ltr'>Teletem</span> <span class='ocrx_word' id='word_1_355' title='bbox 504 2815 606 2851; x_wconf 77' lang='lat' dir='ltr'>Stob.</span> <span class='ocrx_word' id='word_1_356' title='bbox 633 2814 731 2852; x_wconf 85' lang='lat' dir='ltr'>Flor.</span> <span class='ocrx_word' id='word_1_357' title='bbox 758 2815 791 2851; x_wconf 91' lang='lat' dir='ltr'><strong>V</strong></span> <span class='ocrx_word' id='word_1_358' title='bbox 817 2819 880 2851; x_wconf 72' lang='lat'><strong><em>672</em></strong></span> <span class='ocrx_word' id='word_1_359' title='bbox 917 2811 1043 2861; x_wconf 70' lang='grc' dir='ltr'><strong><em>ὥσπερ</em></strong></span> <span class='ocrx_word' id='word_1_360' title='bbox 1082 2812 1124 2851; x_wconf 75' lang='grc' dir='ltr'><strong><em>ἐκ</em></strong></span> <span class='ocrx_word' id='word_1_361' title='bbox 1159 2815 1370 2861; x_wconf 71' lang='grc' dir='ltr'><strong><em>συμποσίου</em></strong></span> <span class='ocrx_word' id='word_1_362' title='bbox 1407 2810 1704 2863; x_wconf 74' lang='grc' dir='ltr'><strong><em>ἀπαλλάττομαι,</em></strong></span> 
     </span>
     <span class='ocr_line' id='line_1_46' title="bbox 175 2856 1703 2912; baseline 0.001 -14"><span class='ocrx_word' id='word_1_363' title='bbox 175 2859 291 2899; x_wconf 68' lang='grc' dir='ltr'><strong><em>οὐδὲν</em></strong></span> <span class='ocrx_word' id='word_1_364' title='bbox 317 2863 586 2909; x_wconf 80' lang='grc' dir='ltr'><strong><em>δυσχεραίνων,</em></strong></span> <span class='ocrx_word' id='word_1_365' title='bbox 612 2858 711 2898; x_wconf 71' lang='grc' dir='ltr'><strong><em>οὕτω</em></strong></span> <span class='ocrx_word' id='word_1_366' title='bbox 736 2862 802 2898; x_wconf 81' lang='grc' dir='ltr'><strong><em>καὶ</em></strong></span> <span class='ocrx_word' id='word_1_367' title='bbox 828 2860 870 2899; x_wconf 77' lang='grc' dir='ltr'><strong><em>ἐκ</em></strong></span> <span class='ocrx_word' id='word_1_368' title='bbox 895 2863 963 2899; x_wconf 78' lang='grc' dir='ltr'><strong><em>τοῦ</em></strong></span> <span class='ocrx_word' id='word_1_369' title='bbox 988 2864 1085 2910; x_wconf 79' lang='grc' dir='ltr'><strong><em>βίου,</em></strong></span> <span class='ocrx_word' id='word_1_370' title='bbox 1110 2858 1204 2899; x_wconf 79' lang='grc' dir='ltr'><strong><em>ὅταν</em></strong></span> <span class='ocrx_word' id='word_1_371' title='bbox 1229 2859 1252 2908; x_wconf 85' lang='grc' dir='ltr'>ἡ</span> <span class='ocrx_word' id='word_1_372' title='bbox 1272 2858 1351 2908; x_wconf 74' lang='grc' dir='ltr'><strong><em>ὥρα</em></strong></span> <span class='ocrx_word' id='word_1_373' title='bbox 1368 2856 1406 2911; x_wconf 80' lang='grc' dir='ltr'><strong><em>ᾗ,</em></strong></span> <span class='ocrx_word' id='word_1_374' title='bbox 1427 2861 1523 2910; x_wconf 73' lang='grc' dir='ltr'><strong><em>ἔμβα</em></strong></span> <span class='ocrx_word' id='word_1_375' title='bbox 1541 2866 1703 2912; x_wconf 76' lang='grc' dir='ltr'><strong><em>πορθμί-</em></strong></span> 
     </span>
     <span class='ocr_line' id='line_1_47' title="bbox 175 2908 1436 2957; baseline 0.002 -12"><span class='ocrx_word' id='word_1_376' title='bbox 175 2911 240 2952; x_wconf 82' lang='grc' dir='ltr'><strong><em>δος</em></strong></span> <span class='ocrx_word' id='word_1_377' title='bbox 267 2908 399 2956; x_wconf 76' lang='grc' dir='ltr'><strong><em>ἔρυμα,</em></strong></span> <span class='ocrx_word' id='word_1_378' title='bbox 424 2911 487 2946; x_wconf 91' lang='lat' dir='ltr'>ubi</span> <span class='ocrx_word' id='word_1_379' title='bbox 515 2910 647 2946; x_wconf 84' lang='lat' dir='ltr'>Nauck</span> <span class='ocrx_word' id='word_1_380' title='bbox 672 2910 730 2946; x_wconf 83' lang='lat' dir='ltr'><strong><em>Fr.</em></strong></span> <span class='ocrx_word' id='word_1_381' title='bbox 757 2910 869 2956; x_wconf 82' lang='lat' dir='ltr'>Trag.</span> <span class='ocrx_word' id='word_1_382' title='bbox 894 2910 1021 2957; x_wconf 85' lang='lat' dir='ltr'>adesp.</span> <span class='ocrx_word' id='word_1_383' title='bbox 1047 2914 1117 2947; x_wconf 81' lang='lat'><strong><em>433</em></strong></span> <span class='ocrx_word' id='word_1_384' title='bbox 1144 2909 1239 2957; x_wconf 73' lang='grc' dir='ltr'><strong><em>ἕρμα</em></strong></span> <span class='ocrx_word' id='word_1_385' title='bbox 1265 2911 1436 2947; x_wconf 74' lang='lat' dir='ltr'>correxit.</span> 
     </span>
    </p>
   </div>
  </div>
 </body>
</html>
