<?xml version="1.0" encoding="UTF-8"?>
<!DOCTYPE html PUBLIC "-//W3C//DTD XHTML 1.0 Transitional//EN"
    "http://www.w3.org/TR/xhtml1/DTD/xhtml1-transitional.dtd">
<html xmlns="http://www.w3.org/1999/xhtml" xml:lang="en" lang="en">
 <head>
  <title>
</title>
<meta http-equiv="Content-Type" content="text/html;charset=utf-8" />
  <meta name='ocr-system' content='tesseract 3.04.00' />
  <meta name='ocr-capabilities' content='ocr_page ocr_carea ocr_par ocr_line ocrx_word'/>
</head>
<body>
  <div class='ocr_page' id='page_1' title='image "./poetaelyricigrae03berguoft_0228.png"; bbox 0 0 1864 3126; ppageno 0'>
   <div class='ocr_carea' id='block_1_1' title="bbox 214 145 1176 189">
    <p class='ocr_par' dir='ltr' id='par_1_1' title="bbox 214 145 1176 189">
     <span class='ocr_line' id='line_1_1' title="bbox 214 145 1176 189; baseline -0.007 -1"><span class='ocrx_word' id='word_1_1' title='bbox 214 145 300 188; x_wconf 80' lang='grc'>218</span> <span class='ocrx_word' id='word_1_2' title='bbox 528 185 529 189; x_wconf 69' lang='grc'>,</span> <span class='ocrx_word' id='word_1_3' title='bbox 781 146 974 182; x_wconf 80' lang='lat' dir='ltr'>POETAE</span> <span class='ocrx_word' id='word_1_4' title='bbox 999 146 1176 184; x_wconf 85' lang='lat' dir='ltr'>MELICI.</span> 
     </span>
    </p>
   </div>
   <div class='ocr_carea' id='block_1_2' title="bbox 310 250 1735 383">
    <p class='ocr_par' dir='ltr' id='par_1_2' title="bbox 310 250 1735 383">
     <span class='ocr_line' id='line_1_2' title="bbox 310 250 1735 311; baseline 0.001 -15"><span class='ocrx_word' id='word_1_5' title='bbox 310 251 408 297; x_wconf 79' lang='grc' dir='ltr'><strong><em>οὐδ’</em></strong></span> <span class='ocrx_word' id='word_1_6' title='bbox 444 255 547 309; x_wconf 82' lang='grc' dir='ltr'><strong><em>ἔβας</em></strong></span> <span class='ocrx_word' id='word_1_7' title='bbox 578 253 627 297; x_wconf 82' lang='grc' dir='ltr'>ἐν</span> <span class='ocrx_word' id='word_1_8' title='bbox 658 253 821 301; x_wconf 81' lang='grc' dir='ltr'><strong><em>ναυσὶν</em></strong></span> <span class='ocrx_word' id='word_1_9' title='bbox 852 250 1100 311; x_wconf 82' lang='grc' dir='ltr'><strong><em>εὐσέλμοις,</em></strong></span> <span class='ocrx_word' id='word_1_10' title='bbox 1667 266 1735 300; x_wconf 86' lang='grc'>981</span> 
     </span>
     <span class='ocr_line' id='line_1_3' title="bbox 310 322 977 383; baseline 0.001 -14"><span class='ocrx_word' id='word_1_11' title='bbox 310 322 410 369; x_wconf 82' lang='grc' dir='ltr'><strong><em>οὐδ’</em></strong></span> <span class='ocrx_word' id='word_1_12' title='bbox 445 325 537 368; x_wconf 72' lang='grc' dir='ltr'><strong><em>ἰ’κεο</em></strong></span> <span class='ocrx_word' id='word_1_13' title='bbox 569 324 769 382; x_wconf 78' lang='grc' dir='ltr'><em>πέργαμα</em></span> <span class='ocrx_word' id='word_1_14' title='bbox 806 327 977 383; x_wconf 85' lang='grc' dir='ltr'><strong><em>Τροίας.</em></strong></span> 
     </span>
    </p>
   </div>
   <div class='ocr_carea' id='block_1_3' title="bbox 213 476 1738 821">
    <p class='ocr_par' dir='ltr' id='par_1_3' title="bbox 213 476 1738 809">
     <span class='ocr_line' id='line_1_4' title="bbox 215 476 1736 538; baseline 0.001 -24"><span class='ocrx_word' id='word_1_15' title='bbox 215 477 268 514; x_wconf 84' lang='grc' dir='ltr'>δέ.</span> <span class='ocrx_word' id='word_1_16' title='bbox 319 479 394 514; x_wconf 82' lang='grc' dir='ltr'>τῶν</span> <span class='ocrx_word' id='word_1_17' title='bbox 431 477 505 535; x_wconf 73' lang='grc' dir='ltr'>γὰρ</span> <span class='ocrx_word' id='word_1_18' title='bbox 543 476 719 538; x_wconf 62' lang='grc' dir='ltr'><strong><em>ὀμμάτων</em></strong></span> <span class='ocrx_word' id='word_1_19' title='bbox 758 478 955 536; x_wconf 80' lang='grc' dir='ltr'><strong><em>στερηθεὶς</em></strong></span> <span class='ocrx_word' id='word_1_20' title='bbox 992 476 1056 514; x_wconf 73' lang='grc' dir='ltr'>διὰ</span> <span class='ocrx_word' id='word_1_21' title='bbox 1093 476 1166 536; x_wconf 87' lang='grc' dir='ltr'>τὴν</span> <span class='ocrx_word' id='word_1_22' title='bbox 1191 476 1343 536; x_wconf 85' lang='grc' dir='ltr'><strong><em>Ελένης</em></strong></span> <span class='ocrx_word' id='word_1_23' title='bbox 1379 481 1628 536; x_wconf 84' lang='grc' dir='ltr'><strong><em>κακηγορίαν,</em></strong></span> <span class='ocrx_word' id='word_1_24' title='bbox 1666 493 1736 517; x_wconf 83' lang='grc' dir='ltr'><strong><em>ουκ</em></strong></span> 
     </span>
     <span class='ocr_line' id='line_1_5' title="bbox 215 522 1737 584; baseline 0.002 -23.054"><span class='ocrx_word' id='word_1_25' title='bbox 215 522 419 571; x_wconf 86' lang='grc' dir='ltr'><strong><em>ἠγνόησεν</em></strong></span> <span class='ocrx_word' id='word_1_26' title='bbox 452 523 575 584; x_wconf 84' lang='grc' dir='ltr'><strong><em>ω’σπερ</em></strong></span> <span class='ocrx_word' id='word_1_27' title='bbox 606 529 771 572; x_wconf 88' lang='grc' dir='ltr'><strong><em>Ομηρος,</em></strong></span> <span class='ocrx_word' id='word_1_28' title='bbox 805 523 887 562; x_wconf 72' lang='grc' dir='ltr'><strong><em>ἀλλ’</em></strong></span> <span class='ocrx_word' id='word_1_29' title='bbox 915 522 981 562; x_wconf 81' lang='grc' dir='ltr'><strong><em>ἅτε</em></strong></span> <span class='ocrx_word' id='word_1_30' title='bbox 1015 524 1193 583; x_wconf 86' lang='grc' dir='ltr'><strong><em>μουσικὸς</em></strong></span> <span class='ocrx_word' id='word_1_31' title='bbox 1224 522 1276 561; x_wconf 75' lang='grc' dir='ltr'>ὢν</span> <span class='ocrx_word' id='word_1_32' title='bbox 1309 525 1403 572; x_wconf 81' lang='grc' dir='ltr'><strong><em>ἔγνω</em></strong></span> <span class='ocrx_word' id='word_1_33' title='bbox 1429 525 1497 572; x_wconf 86' lang='grc' dir='ltr'>τὴν</span> <span class='ocrx_word' id='word_1_34' title='bbox 1522 526 1647 563; x_wconf 76' lang='grc' dir='ltr'><strong><em>αἰτίαν</em></strong></span> <span class='ocrx_word' id='word_1_35' title='bbox 1672 527 1737 564; x_wconf 78' lang='grc' dir='ltr'>καὶ</span> 
     </span>
     <span class='ocr_line' id='line_1_6' title="bbox 213 570 1737 631; baseline 0.002 -23"><span class='ocrx_word' id='word_1_36' title='bbox 213 577 318 609; x_wconf 85' lang='grc' dir='ltr'><strong><em>ποιεῖ</em></strong></span> <span class='ocrx_word' id='word_1_37' title='bbox 341 570 477 614; x_wconf 80' lang='grc' dir='ltr'><strong><em>εὐθύς·</em></strong></span> <span class='ocrx_word' id='word_1_38' title='bbox 505 571 597 610; x_wconf 82' lang='grc' dir='ltr'>Οὐκ</span> <span class='ocrx_word' id='word_1_39' title='bbox 623 577 698 610; x_wconf 88' lang='grc' dir='ltr'><strong><em>κτλ.</em></strong></span> <span class='ocrx_word' id='word_1_40' title='bbox 725 573 790 609; x_wconf 83' lang='grc' dir='ltr'>καὶ</span> <span class='ocrx_word' id='word_1_41' title='bbox 815 573 975 619; x_wconf 84' lang='grc' dir='ltr'><strong><em>ποιήσας</em></strong></span> <span class='ocrx_word' id='word_1_42' title='bbox 1000 571 1046 619; x_wconf 82' lang='grc' dir='ltr'>δὴ</span> <span class='ocrx_word' id='word_1_43' title='bbox 1073 574 1199 609; x_wconf 79' lang='grc' dir='ltr'><strong><em>πᾶσαν</em></strong></span> <span class='ocrx_word' id='word_1_44' title='bbox 1224 571 1292 631; x_wconf 84' lang='grc' dir='ltr'>τὴν</span> <span class='ocrx_word' id='word_1_45' title='bbox 1318 573 1554 631; x_wconf 82' lang='grc' dir='ltr'><strong><em>καλουμένην</em></strong></span> <span class='ocrx_word' id='word_1_46' title='bbox 1579 578 1737 611; x_wconf 85' lang='grc' dir='ltr'><strong><em>παλιν·</em></strong></span> 
     </span>
     <span class='ocr_line' id='line_1_7' title="bbox 214 618 1738 668; baseline 0.003 -13"><span class='ocrx_word' id='word_1_47' title='bbox 214 622 357 667; x_wconf 83' lang='grc' dir='ltr'><strong><em>ῳὸίαν</em></strong></span> <span class='ocrx_word' id='word_1_48' title='bbox 382 622 609 666; x_wconf 84' lang='grc' dir='ltr'><strong><em>παραχρῆμα</em></strong></span> <span class='ocrx_word' id='word_1_49' title='bbox 634 618 858 668; x_wconf 76' lang='grc' dir='ltr'><strong><em>ἀνέβλεψεν.</em></strong></span> <span class='ocrx_word' id='word_1_50' title='bbox 885 642 929 647; x_wconf 89' lang='grc'>-</span> <span class='ocrx_word' id='word_1_51' title='bbox 956 622 999 658; x_wconf 95' lang='lat' dir='ltr'>V.</span> <span class='ocrx_word' id='word_1_52' title='bbox 1027 626 1057 656; x_wconf 87' lang='lat'>1.</span> <span class='ocrx_word' id='word_1_53' title='bbox 1085 619 1153 657; x_wconf 78' lang='grc' dir='ltr'><strong><em>οὐκ</em></strong></span> <span class='ocrx_word' id='word_1_54' title='bbox 1180 618 1270 665; x_wconf 79' lang='grc' dir='ltr'><strong><em>ἐ”,στ</em></strong></span> <span class='ocrx_word' id='word_1_55' title='bbox 1295 622 1364 657; x_wconf 89' lang='lat' dir='ltr'>DN</span> <span class='ocrx_word' id='word_1_56' title='bbox 1390 618 1532 657; x_wconf 81' lang='grc' dir='ltr'><strong><em>οὐκέτ’.</em></strong></span> <span class='ocrx_word' id='word_1_57' title='bbox 1559 642 1603 648; x_wconf 90' lang='grc'>-</span> <span class='ocrx_word' id='word_1_58' title='bbox 1628 619 1738 667; x_wconf 81' lang='grc' dir='ltr'><strong><em>λόγος</em></strong></span> 
     </span>
     <span class='ocr_line' id='line_1_8' title="bbox 215 649 1737 723; baseline 0.001 -20"><span class='ocrx_word' id='word_1_59' title='bbox 215 657 314 711; x_wconf 86' lang='lat' dir='ltr'>libri,</span> <span class='ocrx_word' id='word_1_60' title='bbox 341 668 453 723; x_wconf 74' lang='lat' dir='ltr'>vulgo</span> <span class='ocrx_word' id='word_1_61' title='bbox 478 667 498 704; x_wconf 84' lang='grc' dir='ltr'><strong>ὁ</strong></span> <span class='ocrx_word' id='word_1_62' title='bbox 525 667 644 715; x_wconf 84' lang='grc' dir='ltr'><strong><em>λόγος.</em></strong></span> <span class='ocrx_word' id='word_1_63' title='bbox 694 669 801 704; x_wconf 89' lang='lat' dir='ltr'>Hunc</span> <span class='ocrx_word' id='word_1_64' title='bbox 826 681 859 704; x_wconf 86' lang='lat' dir='ltr'>v.</span> <span class='ocrx_word' id='word_1_65' title='bbox 886 669 1045 704; x_wconf 76' lang='lat' dir='ltr'>afferunt</span> <span class='ocrx_word' id='word_1_66' title='bbox 1069 669 1204 704; x_wconf 89' lang='lat' dir='ltr'>Athen.</span> <span class='ocrx_word' id='word_1_67' title='bbox 1232 649 1282 704; x_wconf 81' lang='lat' dir='ltr'>X&#39;I</span> <span class='ocrx_word' id='word_1_68' title='bbox 1307 669 1430 704; x_wconf 80' lang='lat'>50513.</span> <span class='ocrx_word' id='word_1_69' title='bbox 1474 669 1624 705; x_wconf 83' lang='lat' dir='ltr'><strong>Maxim.</strong></span> <span class='ocrx_word' id='word_1_70' title='bbox 1650 670 1737 716; x_wconf 82' lang='lat' dir='ltr'>Tyr.</span> 
     </span>
     <span class='ocr_line' id='line_1_9' title="bbox 215 696 1737 763; baseline 0.002 -14"><span class='ocrx_word' id='word_1_71' title='bbox 215 696 353 751; x_wconf 86' lang='lat' dir='ltr'>XXVII</span> <span class='ocrx_word' id='word_1_72' title='bbox 378 715 457 751; x_wconf 90' lang='lat' dir='ltr'>init.</span> <span class='ocrx_word' id='word_1_73' title='bbox 485 716 636 775; x_wconf 83' lang='lat' dir='ltr'>Dionys.</span> <span class='ocrx_word' id='word_1_74' title='bbox 661 716 746 752; x_wconf 85' lang='lat' dir='ltr'>Hal.</span> <span class='ocrx_word' id='word_1_75' title='bbox 767 716 834 762; x_wconf 88' lang='lat' dir='ltr'>Ep</span> <span class='ocrx_word' id='word_1_76' title='bbox 854 716 871 750; x_wconf 92' lang='grc' dir='ltr'><strong>Ι</strong></span> <span class='ocrx_word' id='word_1_77' title='bbox 896 716 943 751; x_wconf 86' lang='lat' dir='ltr'>ad</span> <span class='ocrx_word' id='word_1_78' title='bbox 962 715 1182 752; x_wconf 72' lang='lat' dir='ltr'>Aminaeum</span> <span class='ocrx_word' id='word_1_79' title='bbox 1209 727 1239 752; x_wconf 90' lang='lat' dir='ltr'>c.</span> <span class='ocrx_word' id='word_1_80' title='bbox 1260 721 1293 752; x_wconf 89' lang='lat'>3.</span> <span class='ocrx_word' id='word_1_81' title='bbox 1328 715 1503 753; x_wconf 89' lang='lat' dir='ltr'>Philostr.</span> <span class='ocrx_word' id='word_1_82' title='bbox 1529 716 1595 752; x_wconf 87' lang='lat' dir='ltr'>vit.</span> <span class='ocrx_word' id='word_1_83' title='bbox 1613 717 1737 763; x_wconf 89' lang='lat' dir='ltr'>Apoll.</span> 
     </span>
     <span class='ocr_line' id='line_1_10' title="bbox 214 729 1736 821; baseline 0.001 -24"><span class='ocrx_word' id='word_1_84' title='bbox 214 763 265 797; x_wconf 93' lang='lat' dir='ltr'>VI</span> <span class='ocrx_word' id='word_1_85' title='bbox 294 767 335 798; x_wconf 85' lang='grc'>11</span> <span class='ocrx_word' id='word_1_86' title='bbox 362 775 397 808; x_wconf 88' lang='lat' dir='ltr'>p.</span> <span class='ocrx_word' id='word_1_87' title='bbox 419 768 487 799; x_wconf 84' lang='grc'>246</span> <span class='ocrx_word' id='word_1_88' title='bbox 513 729 606 799; x_wconf 78' lang='lat' dir='ltr'>ubiy</span> <span class='ocrx_word' id='word_1_89' title='bbox 605 762 704 799; x_wconf 74' lang='grc' dir='ltr'><strong><em>ἔστιν</em></strong></span> <span class='ocrx_word' id='word_1_90' title='bbox 731 765 769 799; x_wconf 89' lang='lat' dir='ltr'>et</span> <span class='ocrx_word' id='word_1_91' title='bbox 793 763 812 799; x_wconf 87' lang='grc' dir='ltr'><strong>ὁ</strong></span> <span class='ocrx_word' id='word_1_92' title='bbox 838 761 950 819; x_wconf 83' lang='grc' dir='ltr'><strong><em>λόγος</em></strong></span> <span class='ocrx_word' id='word_1_93' title='bbox 974 764 1127 809; x_wconf 83' lang='lat' dir='ltr'>legitur,</span> <span class='ocrx_word' id='word_1_94' title='bbox 1155 763 1314 821; x_wconf 90' lang='lat' dir='ltr'>denique</span> <span class='ocrx_word' id='word_1_95' title='bbox 1339 763 1411 800; x_wconf 89' lang='lat' dir='ltr'>Cic.</span> <span class='ocrx_word' id='word_1_96' title='bbox 1439 764 1486 799; x_wconf 88' lang='lat' dir='ltr'>ad</span> <span class='ocrx_word' id='word_1_97' title='bbox 1511 763 1588 799; x_wconf 86' lang='lat' dir='ltr'>Att.</span> <span class='ocrx_word' id='word_1_98' title='bbox 1608 764 1659 799; x_wconf 88' lang='lat' dir='ltr'>IX</span> <span class='ocrx_word' id='word_1_99' title='bbox 1681 768 1736 809; x_wconf 91' lang='grc'>12,</span> 
     </span>
    </p>
   </div>
   <div class='ocr_carea' id='block_1_4' title="bbox 213 777 1737 952">
    <p class='ocr_par' dir='ltr' id='par_1_4' title="bbox 213 777 1737 952">
     <span class='ocr_line' id='line_1_11' title="bbox 214 777 1737 859; baseline 0.001 -13"><span class='ocrx_word' id='word_1_100' title='bbox 214 810 278 846; x_wconf 90' lang='lat' dir='ltr'>ubi</span> <span class='ocrx_word' id='word_1_101' title='bbox 305 804 413 851; x_wconf 84' lang='grc' dir='ltr'><strong><em>οὗτος</em></strong></span> <span class='ocrx_word' id='word_1_102' title='bbox 438 822 510 847; x_wconf 86' lang='grc' dir='ltr'>οιιι.</span> <span class='ocrx_word' id='word_1_103' title='bbox 534 833 575 837; x_wconf 84' lang='grc'>-</span> <span class='ocrx_word' id='word_1_104' title='bbox 603 812 645 846; x_wconf 89' lang='lat' dir='ltr'>V.</span> <span class='ocrx_word' id='word_1_105' title='bbox 666 816 699 847; x_wconf 89' lang='grc'>2.</span> <span class='ocrx_word' id='word_1_106' title='bbox 725 811 758 848; x_wconf 62' lang='grc' dir='ltr'><em>Ἡ</em></span> <span class='ocrx_word' id='word_1_107' title='bbox 777 808 867 846; x_wconf 74' lang='grc' dir='ltr'><strong><em>οὐδὲ</em></strong></span> <span class='ocrx_word' id='word_1_108' title='bbox 885 777 968 859; x_wconf 78' lang='grc' dir='ltr'><strong><em>βὰς,</em></strong></span> <span class='ocrx_word' id='word_1_109' title='bbox 993 810 1023 846; x_wconf 87' lang='grc' dir='ltr'><strong>Τ</strong></span> <span class='ocrx_word' id='word_1_110' title='bbox 1043 811 1163 856; x_wconf 80' lang='grc' dir='ltr'><strong><em>κυσὶν,</em></strong></span> <span class='ocrx_word' id='word_1_111' title='bbox 1188 811 1223 846; x_wconf 83' lang='lat' dir='ltr'>N</span> <span class='ocrx_word' id='word_1_112' title='bbox 1244 808 1453 857; x_wconf 80' lang='grc' dir='ltr'><strong><em>εὗσεοὶμοις,</em></strong></span> <span class='ocrx_word' id='word_1_113' title='bbox 1479 813 1515 846; x_wconf 92' lang='grc' dir='ltr'><strong><em>Σ</em></strong></span> <span class='ocrx_word' id='word_1_114' title='bbox 1533 792 1737 858; x_wconf 81' lang='grc' dir='ltr'><strong><em>ε’ϋσὲλμοις.</em></strong></span> 
     </span>
     <span class='ocr_line' id='line_1_12' title="bbox 213 839 1736 904; baseline 0.001 -12"><span class='ocrx_word' id='word_1_115' title='bbox 213 879 257 884; x_wconf 94' lang='lat'>--</span> <span class='ocrx_word' id='word_1_116' title='bbox 284 858 417 893; x_wconf 83' lang='grc' dir='ltr'><strong><em>ναυσὶν</em></strong></span> <span class='ocrx_word' id='word_1_117' title='bbox 438 859 578 904; x_wconf 83' lang='lat' dir='ltr'>Naeke,</span> <span class='ocrx_word' id='word_1_118' title='bbox 604 858 691 894; x_wconf 82' lang='lat' dir='ltr'>libri</span> <span class='ocrx_word' id='word_1_119' title='bbox 716 858 859 904; x_wconf 85' lang='grc' dir='ltr'><strong><em>νηυσὶν.</em></strong></span> <span class='ocrx_word' id='word_1_120' title='bbox 887 879 930 885; x_wconf 90' lang='lat'>—-</span> <span class='ocrx_word' id='word_1_121' title='bbox 963 839 1174 904; x_wconf 83' lang='grc' dir='ltr'><strong><em>εὖσέλμοις,</em></strong></span> <span class='ocrx_word' id='word_1_122' title='bbox 1206 858 1397 894; x_wconf 79' lang='lat' dir='ltr'><strong>Rossbach</strong></span> <span class='ocrx_word' id='word_1_123' title='bbox 1423 855 1668 904; x_wconf 81' lang='grc' dir='ltr'><strong><em>εὖσέλμοισιν.</em></strong></span> <span class='ocrx_word' id='word_1_124' title='bbox 1690 880 1736 885; x_wconf 89' lang='grc'><strong>-</strong></span> 
     </span>
     <span class='ocr_line' id='line_1_13' title="bbox 214 906 1736 952; baseline 0.002 -12"><span class='ocrx_word' id='word_1_125' title='bbox 214 906 257 940; x_wconf 90' lang='lat' dir='ltr'>V.</span> <span class='ocrx_word' id='word_1_126' title='bbox 285 910 317 941; x_wconf 90' lang='lat'>3.</span> <span class='ocrx_word' id='word_1_127' title='bbox 343 907 442 949; x_wconf 83' lang='grc' dir='ltr'><strong><em>ἱ’,κεο</em></strong></span> <span class='ocrx_word' id='word_1_128' title='bbox 475 909 510 941; x_wconf 92' lang='grc' dir='ltr'>Γ</span> <span class='ocrx_word' id='word_1_129' title='bbox 531 907 616 942; x_wconf 65' lang='lat' dir='ltr'>{nov</span> <span class='ocrx_word' id='word_1_130' title='bbox 642 917 687 942; x_wconf 88' lang='lat' dir='ltr'>ex</span> <span class='ocrx_word' id='word_1_131' title='bbox 712 917 804 942; x_wconf 89' lang='lat' dir='ltr'>corr.</span> <span class='ocrx_word' id='word_1_132' title='bbox 842 927 884 931; x_wconf 89' lang='lat'>—-</span> <span class='ocrx_word' id='word_1_133' title='bbox 919 906 970 940; x_wconf 91' lang='lat' dir='ltr'>Hi</span> <span class='ocrx_word' id='word_1_134' title='bbox 999 906 1075 941; x_wconf 88' lang='lat' dir='ltr'>tres</span> <span class='ocrx_word' id='word_1_135' title='bbox 1106 917 1233 941; x_wconf 87' lang='lat' dir='ltr'>versus</span> <span class='ocrx_word' id='word_1_136' title='bbox 1269 906 1488 952; x_wconf 88' lang='lat' dir='ltr'>legebantur</span> <span class='ocrx_word' id='word_1_137' title='bbox 1516 906 1557 941; x_wconf 89' lang='lat' dir='ltr'>in</span> <span class='ocrx_word' id='word_1_138' title='bbox 1587 906 1736 943; x_wconf 85' lang='lat' dir='ltr'>exordio</span> 
     </span>
    </p>
   </div>
   <div class='ocr_carea' id='block_1_5' title="bbox 203 953 1740 2942">
    <p class='ocr_par' dir='ltr' id='par_1_5' title="bbox 206 953 1739 2942">
     <span class='ocr_line' id='line_1_14' title="bbox 212 953 1737 1001; baseline 0.001 -13"><span class='ocrx_word' id='word_1_139' title='bbox 212 953 386 988; x_wconf 74' lang='grc' dir='ltr'>οιιιιιίιιὶε</span> <span class='ocrx_word' id='word_1_140' title='bbox 411 953 651 999; x_wconf 79' lang='lat' dir='ltr'>nobilissimi,</span> <span class='ocrx_word' id='word_1_141' title='bbox 683 954 783 998; x_wconf 88' lang='lat' dir='ltr'>quod</span> <span class='ocrx_word' id='word_1_142' title='bbox 816 953 929 999; x_wconf 87' lang='lat' dir='ltr'>vulgo</span> <span class='ocrx_word' id='word_1_143' title='bbox 956 954 1176 1001; x_wconf 81' lang='grc' dir='ltr'><strong><em>Παλινῳδιά</em></strong></span> <span class='ocrx_word' id='word_1_144' title='bbox 1201 954 1422 989; x_wconf 84' lang='lat' dir='ltr'>vocabatur:</span> <span class='ocrx_word' id='word_1_145' title='bbox 1455 953 1520 989; x_wconf 88' lang='lat' dir='ltr'>sed</span> <span class='ocrx_word' id='word_1_146' title='bbox 1545 954 1737 990; x_wconf 74' lang='lat' dir='ltr'>consenta-</span> 
     </span>
     <span class='ocr_line' id='line_1_15' title="bbox 214 990 1738 1047; baseline 0.001 -12"><span class='ocrx_word' id='word_1_147' title='bbox 214 1012 325 1036; x_wconf 88' lang='lat' dir='ltr'>neum</span> <span class='ocrx_word' id='word_1_148' title='bbox 350 1002 424 1046; x_wconf 91' lang='lat' dir='ltr'>est,</span> <span class='ocrx_word' id='word_1_149' title='bbox 449 1002 630 1037; x_wconf 84' lang='lat' dir='ltr'>nonnulla</span> <span class='ocrx_word' id='word_1_150' title='bbox 655 1012 874 1047; x_wconf 86' lang='lat' dir='ltr'>praegressa</span> <span class='ocrx_word' id='word_1_151' title='bbox 900 1012 989 1036; x_wconf 90' lang='lat' dir='ltr'>esse.</span> <span class='ocrx_word' id='word_1_152' title='bbox 1039 990 1156 1036; x_wconf 83' lang='lat' dir='ltr'>Poeta</span> <span class='ocrx_word' id='word_1_153' title='bbox 1180 1000 1328 1036; x_wconf 86' lang='lat' dir='ltr'>videtur</span> <span class='ocrx_word' id='word_1_154' title='bbox 1353 1012 1456 1036; x_wconf 88' lang='lat' dir='ltr'>orsus</span> <span class='ocrx_word' id='word_1_155' title='bbox 1482 1011 1577 1036; x_wconf 88' lang='lat' dir='ltr'>esse:</span> <span class='ocrx_word' id='word_1_156' title='bbox 1609 1002 1738 1038; x_wconf 81' lang='lat' dir='ltr'>dicunt</span> 
     </span>
     <span class='ocr_line' id='line_1_16' title="bbox 213 1048 1738 1107; baseline 0.001 -24"><span class='ocrx_word' id='word_1_157' title='bbox 213 1048 390 1084; x_wconf 79' lang='lat' dir='ltr'><em>Helenam</em></span> <span class='ocrx_word' id='word_1_158' title='bbox 415 1060 535 1085; x_wconf 83' lang='lat' dir='ltr'>amore</span> <span class='ocrx_word' id='word_1_159' title='bbox 560 1049 769 1085; x_wconf 63' lang='lat' dir='ltr'>Alexandri</span> <span class='ocrx_word' id='word_1_160' title='bbox 799 1052 943 1107; x_wconf 80' lang='lat' dir='ltr'>captam</span> <span class='ocrx_word' id='word_1_161' title='bbox 972 1048 1023 1084; x_wconf 68' lang='lat' dir='ltr'>To</span> <span class='ocrx_word' id='word_1_162' title='bbox 1025 1059 1210 1105; x_wconf 76' lang='lat' dir='ltr'>mamque</span> <span class='ocrx_word' id='word_1_163' title='bbox 1213 1049 1406 1084; x_wconf 77' lang='lat' dir='ltr'>abductam</span> <span class='ocrx_word' id='word_1_164' title='bbox 1433 1059 1522 1084; x_wconf 84' lang='lat' dir='ltr'>esse:</span> <span class='ocrx_word' id='word_1_165' title='bbox 1556 1048 1648 1085; x_wconf 85' lang='lat' dir='ltr'>haec</span> <span class='ocrx_word' id='word_1_166' title='bbox 1678 1060 1738 1085; x_wconf 88' lang='lat' dir='ltr'>rc-</span> 
     </span>
     <span class='ocr_line' id='line_1_17' title="bbox 211 1090 1736 1149; baseline 0 -18"><span class='ocrx_word' id='word_1_167' title='bbox 211 1097 438 1132; x_wconf 71' lang='lat' dir='ltr'><strong>tractaturus</strong></span> <span class='ocrx_word' id='word_1_168' title='bbox 470 1096 630 1132; x_wconf 89' lang='lat' dir='ltr'>subiecit</span> <span class='ocrx_word' id='word_1_169' title='bbox 661 1093 730 1132; x_wconf 80' lang='grc' dir='ltr'><strong><em>οὐκ</em></strong></span> <span class='ocrx_word' id='word_1_170' title='bbox 763 1094 839 1132; x_wconf 80' lang='grc' dir='ltr'><strong><em>ἔστ’</em></strong></span> <span class='ocrx_word' id='word_1_171' title='bbox 868 1094 1000 1141; x_wconf 80' lang='grc' dir='ltr'><strong><em>ἐτυμος</em></strong></span> <span class='ocrx_word' id='word_1_172' title='bbox 1030 1093 1139 1141; x_wconf 82' lang='grc' dir='ltr'><strong><em>λόγος</em></strong></span> <span class='ocrx_word' id='word_1_173' title='bbox 1168 1090 1284 1136; x_wconf 84' lang='grc' dir='ltr'><strong><em>οὗτος</em></strong></span> <span class='ocrx_word' id='word_1_174' title='bbox 1336 1095 1477 1149; x_wconf 84' lang='lat' dir='ltr'>Deinde</span> <span class='ocrx_word' id='word_1_175' title='bbox 1504 1095 1736 1132; x_wconf 77' lang='lat' dir='ltr'>Stesichorus</span> 
     </span>
     <span class='ocr_line' id='line_1_18' title="bbox 211 1142 1736 1202; baseline 0.001 -24"><span class='ocrx_word' id='word_1_176' title='bbox 211 1145 336 1188; x_wconf 86' lang='lat' dir='ltr'>spreta</span> <span class='ocrx_word' id='word_1_177' title='bbox 354 1145 562 1189; x_wconf 86' lang='lat' dir='ltr'>pervagata</span> <span class='ocrx_word' id='word_1_178' title='bbox 586 1143 689 1179; x_wconf 86' lang='lat' dir='ltr'>fama</span> <span class='ocrx_word' id='word_1_179' title='bbox 719 1143 887 1179; x_wconf 85' lang='lat' dir='ltr'>narravit</span> <span class='ocrx_word' id='word_1_180' title='bbox 907 1144 1021 1178; x_wconf 83' lang='lat' dir='ltr'>Troes</span> <span class='ocrx_word' id='word_1_181' title='bbox 1040 1143 1203 1178; x_wconf 82' lang='lat' dir='ltr'>Helenae</span> <span class='ocrx_word' id='word_1_182' title='bbox 1223 1144 1371 1178; x_wconf 80' lang='lat' dir='ltr'>tantum</span> <span class='ocrx_word' id='word_1_183' title='bbox 1390 1142 1594 1202; x_wconf 83' lang='lat' dir='ltr'>imaginem</span> <span class='ocrx_word' id='word_1_184' title='bbox 1613 1155 1736 1179; x_wconf 87' lang='lat' dir='ltr'>secum</span> 
     </span>
     <span class='ocr_line' id='line_1_19' title="bbox 213 1186 1740 1252; baseline 0.001 -27"><span class='ocrx_word' id='word_1_185' title='bbox 213 1191 425 1235; x_wconf 87' lang='lat' dir='ltr'>abduxisse,</span> <span class='ocrx_word' id='word_1_186' title='bbox 460 1190 534 1226; x_wconf 87' lang='lat' dir='ltr'>vid.</span> <span class='ocrx_word' id='word_1_187' title='bbox 567 1191 717 1226; x_wconf 85' lang='lat' dir='ltr'>Aristid.</span> <span class='ocrx_word' id='word_1_188' title='bbox 751 1192 873 1226; x_wconf 78' lang='lat'><strong>1172:</strong></span> <span class='ocrx_word' id='word_1_189' title='bbox 912 1186 993 1226; x_wconf 77' lang='grc' dir='ltr'><strong><em>αλλ’</em></strong></span> <span class='ocrx_word' id='word_1_190' title='bbox 1032 1186 1152 1230; x_wconf 75' lang='grc' dir='ltr'><strong><em>ὸῧτως</em></strong></span> <span class='ocrx_word' id='word_1_191' title='bbox 1187 1202 1323 1247; x_wconf 86' lang='grc' dir='ltr'><strong><em>ωσπερ</em></strong></span> <span class='ocrx_word' id='word_1_192' title='bbox 1348 1191 1504 1226; x_wconf 81' lang='grc' dir='ltr'><strong><em>εἴδωλον</em></strong></span> <span class='ocrx_word' id='word_1_193' title='bbox 1541 1188 1740 1252; x_wconf 44' lang='grc' dir='ltr'><strong><em>ῥ”ῃτορικῆς</em></strong></span> 
     </span>
     <span class='ocr_line' id='line_1_20' title="bbox 211 1219 1740 1297; baseline 0.001 -24"><span class='ocrx_word' id='word_1_194' title='bbox 211 1219 431 1295; x_wconf 83' lang='grc' dir='ltr'><strong><em>απειληφώς</em></strong></span> <span class='ocrx_word' id='word_1_195' title='bbox 463 1235 526 1274; x_wconf 76' lang='grc' dir='ltr'>ἐπὶ</span> <span class='ocrx_word' id='word_1_196' title='bbox 556 1236 684 1297; x_wconf 81' lang='grc' dir='ltr'><strong><em>τούτῳ</em></strong></span> <span class='ocrx_word' id='word_1_197' title='bbox 709 1235 954 1282; x_wconf 82' lang='grc' dir='ltr'><strong><em>σπουδαζειν,</em></strong></span> <span class='ocrx_word' id='word_1_198' title='bbox 987 1234 1103 1279; x_wconf 81' lang='grc' dir='ltr'><strong><em>αὐτῆς</em></strong></span> <span class='ocrx_word' id='word_1_199' title='bbox 1128 1234 1164 1272; x_wconf 82' lang='grc' dir='ltr'>δ’</span> <span class='ocrx_word' id='word_1_200' title='bbox 1193 1234 1278 1273; x_wconf 81' lang='grc' dir='ltr'><strong><em>οὐδ’</em></strong></span> <span class='ocrx_word' id='word_1_201' title='bbox 1306 1233 1513 1281; x_wconf 75' lang='grc' dir='ltr'><strong><em>ἅπτεσθαι,</em></strong></span> <span class='ocrx_word' id='word_1_202' title='bbox 1549 1250 1674 1295; x_wconf 81' lang='grc' dir='ltr'><strong><em>ωσπερ</em></strong></span> <span class='ocrx_word' id='word_1_203' title='bbox 1700 1237 1740 1274; x_wconf 77' lang='grc' dir='ltr'><strong><em>οἱ</em></strong></span> 
     </span>
     <span class='ocr_line' id='line_1_21' title="bbox 210 1283 1736 1332; baseline 0.001 -11"><span class='ocrx_word' id='word_1_204' title='bbox 210 1283 442 1332; x_wconf 79' lang='grc' dir='ltr'><strong><em>Στησιχόρου</em></strong></span> <span class='ocrx_word' id='word_1_205' title='bbox 472 1283 684 1330; x_wconf 84' lang='grc' dir='ltr'><strong><em>Τρῶες,οἷ</em></strong></span> <span class='ocrx_word' id='word_1_206' title='bbox 705 1283 747 1321; x_wconf 84' lang='grc' dir='ltr'>τὸ</span> <span class='ocrx_word' id='word_1_207' title='bbox 774 1286 838 1331; x_wconf 85' lang='grc' dir='ltr'>τῆς</span> <span class='ocrx_word' id='word_1_208' title='bbox 859 1283 1011 1331; x_wconf 82' lang='grc' dir='ltr'><strong><em>Ελὲνης</em></strong></span> <span class='ocrx_word' id='word_1_209' title='bbox 1036 1286 1192 1320; x_wconf 81' lang='grc' dir='ltr'><strong><em>εἴδωλον</em></strong></span> <span class='ocrx_word' id='word_1_210' title='bbox 1219 1284 1367 1329; x_wconf 80' lang='grc' dir='ltr'><strong><em>ἔχοντες</em></strong></span> <span class='ocrx_word' id='word_1_211' title='bbox 1392 1283 1441 1326; x_wconf 83' lang='grc' dir='ltr'><strong><em>ὡς</em></strong></span> <span class='ocrx_word' id='word_1_212' title='bbox 1465 1283 1603 1330; x_wconf 75' lang='grc' dir='ltr'><strong><em>αὐτήν,</em></strong></span> <span class='ocrx_word' id='word_1_213' title='bbox 1637 1286 1736 1322; x_wconf 81' lang='lat' dir='ltr'>unde</span> 
     </span>
     <span class='ocr_line' id='line_1_22' title="bbox 211 1313 1737 1390; baseline 0.001 -22"><span class='ocrx_word' id='word_1_214' title='bbox 211 1344 357 1368; x_wconf 88' lang='lat' dir='ltr'>versum</span> <span class='ocrx_word' id='word_1_215' title='bbox 385 1333 660 1369; x_wconf 83' lang='lat' dir='ltr'>Stesichoreum</span> <span class='ocrx_word' id='word_1_216' title='bbox 684 1332 792 1368; x_wconf 86' lang='lat' dir='ltr'>finxit</span> <span class='ocrx_word' id='word_1_217' title='bbox 818 1333 965 1368; x_wconf 87' lang='lat' dir='ltr'>Tzetzes</span> <span class='ocrx_word' id='word_1_218' title='bbox 992 1332 1176 1389; x_wconf 58' lang='lat' dir='ltr'>Lycophr,</span> <span class='ocrx_word' id='word_1_219' title='bbox 1202 1336 1267 1367; x_wconf 91' lang='lat'>113</span> <span class='ocrx_word' id='word_1_220' title='bbox 1305 1333 1356 1376; x_wconf 88' lang='lat' dir='ltr'>(id</span> <span class='ocrx_word' id='word_1_221' title='bbox 1380 1333 1479 1390; x_wconf 90' lang='lat' dir='ltr'>quod</span> <span class='ocrx_word' id='word_1_222' title='bbox 1505 1313 1620 1368; x_wconf 73' lang='lat' dir='ltr'>etiam</span> <span class='ocrx_word' id='word_1_223' title='bbox 1645 1333 1737 1369; x_wconf 85' lang='lat' dir='ltr'>Geel</span> 
     </span>
     <span class='ocr_line' id='line_1_23' title="bbox 212 1376 1734 1438; baseline 0 -22"><span class='ocrx_word' id='word_1_224' title='bbox 212 1382 312 1416; x_wconf 79' lang='lat' dir='ltr'>lecte</span> <span class='ocrx_word' id='word_1_225' title='bbox 343 1380 472 1438; x_wconf 84' lang='lat' dir='ltr'>vidit).</span> <span class='ocrx_word' id='word_1_226' title='bbox 511 1379 682 1438; x_wconf 87' lang='grc' dir='ltr'><strong><em>λέγουσιν</em></strong></span> <span class='ocrx_word' id='word_1_227' title='bbox 714 1393 786 1425; x_wconf 87' lang='grc' dir='ltr'>γαρ</span> <span class='ocrx_word' id='word_1_228' title='bbox 817 1376 876 1416; x_wconf 79' lang='grc' dir='ltr'>ὅτι</span> <span class='ocrx_word' id='word_1_229' title='bbox 908 1378 1138 1438; x_wconf 81' lang='grc' dir='ltr'><strong><em>διερχομένῳ</em></strong></span> <span class='ocrx_word' id='word_1_230' title='bbox 1165 1376 1389 1436; x_wconf 79' lang='grc' dir='ltr'><strong><em>Ἀλεξάνδρῳ</em></strong></span> <span class='ocrx_word' id='word_1_231' title='bbox 1420 1377 1472 1415; x_wconf 82' lang='grc' dir='ltr'>δι’</span> <span class='ocrx_word' id='word_1_232' title='bbox 1500 1377 1687 1436; x_wconf 79' lang='grc' dir='ltr'><strong><em>Αἰγύπτου</em></strong></span> <span class='ocrx_word' id='word_1_233' title='bbox 1714 1377 1734 1416; x_wconf 87' lang='grc' dir='ltr'>ὁ</span> 
     </span>
     <span class='ocr_line' id='line_1_24' title="bbox 212 1423 1737 1488; baseline 0 -25"><span class='ocrx_word' id='word_1_234' title='bbox 212 1426 392 1473; x_wconf 88' lang='grc' dir='ltr'><strong><em>Πρωτευς</em></strong></span> <span class='ocrx_word' id='word_1_235' title='bbox 411 1425 567 1488; x_wconf 86' lang='grc' dir='ltr'><strong><em>Ελένην</em></strong></span> <span class='ocrx_word' id='word_1_236' title='bbox 600 1425 836 1484; x_wconf 83' lang='grc' dir='ltr'><strong><em>αφελόμενος</em></strong></span> <span class='ocrx_word' id='word_1_237' title='bbox 866 1429 1021 1463; x_wconf 74' lang='grc' dir='ltr'><strong><em>εἴδωλον</em></strong></span> <span class='ocrx_word' id='word_1_238' title='bbox 1042 1425 1194 1472; x_wconf 85' lang='grc' dir='ltr'><strong><em>Ελένης</em></strong></span> <span class='ocrx_word' id='word_1_239' title='bbox 1225 1424 1326 1475; x_wconf 78' lang='grc' dir='ltr'><strong><em>αὐτῷ</em></strong></span> <span class='ocrx_word' id='word_1_240' title='bbox 1359 1425 1503 1463; x_wconf 78' lang='grc' dir='ltr'><strong><em>δέδωκε</em></strong></span> <span class='ocrx_word' id='word_1_241' title='bbox 1529 1427 1594 1463; x_wconf 83' lang='grc' dir='ltr'>καὶ</span> <span class='ocrx_word' id='word_1_242' title='bbox 1619 1423 1737 1470; x_wconf 72' lang='grc' dir='ltr'><strong><em>οὕτως</em></strong></span> 
     </span>
     <span class='ocr_line' id='line_1_25' title="bbox 214 1464 1735 1533; baseline -0.001 -22"><span class='ocrx_word' id='word_1_243' title='bbox 214 1474 393 1511; x_wconf 75' lang='grc' dir='ltr'><strong><em>ἔπλευσεν</em></strong></span> <span class='ocrx_word' id='word_1_244' title='bbox 421 1473 459 1516; x_wconf 79' lang='grc' dir='ltr'><strong><em>ἐς</em></strong></span> <span class='ocrx_word' id='word_1_245' title='bbox 481 1477 640 1533; x_wconf 88' lang='grc' dir='ltr'><strong><em>Τροίαν,</em></strong></span> <span class='ocrx_word' id='word_1_246' title='bbox 666 1471 715 1516; x_wconf 75' lang='grc' dir='ltr'><strong><em>ὥς</em></strong></span> <span class='ocrx_word' id='word_1_247' title='bbox 740 1487 832 1520; x_wconf 82' lang='grc' dir='ltr'><strong><em>φησι</em></strong></span> <span class='ocrx_word' id='word_1_248' title='bbox 857 1476 1153 1520; x_wconf 86' lang='grc' dir='ltr'><strong><em>Στησίχορος·</em></strong></span> <span class='ocrx_word' id='word_1_249' title='bbox 1184 1464 1332 1519; x_wconf 87' lang='grc' dir='ltr'><strong><em>Τρῶες</em></strong></span> <span class='ocrx_word' id='word_1_250' title='bbox 1341 1474 1454 1531; x_wconf 82' lang='lat' dir='ltr'>(Par.</span> <span class='ocrx_word' id='word_1_251' title='bbox 1476 1473 1503 1509; x_wconf 90' lang='lat' dir='ltr'>C</span> <span class='ocrx_word' id='word_1_252' title='bbox 1523 1475 1597 1511; x_wconf 90' lang='lat' dir='ltr'>Vit.</span> <span class='ocrx_word' id='word_1_253' title='bbox 1621 1479 1638 1510; x_wconf 94' lang='lat'><strong>1</strong></span> <span class='ocrx_word' id='word_1_254' title='bbox 1660 1474 1735 1511; x_wconf 88' lang='lat' dir='ltr'>Ciz.</span> 
     </span>
     <span class='ocr_line' id='line_1_26' title="bbox 212 1516 1735 1581; baseline 0.001 -24.007"><span class='ocrx_word' id='word_1_255' title='bbox 212 1522 296 1558; x_wconf 28' lang='lat' dir='ltr'>hidd</span> <span class='ocrx_word' id='word_1_256' title='bbox 323 1520 411 1581; x_wconf 83' lang='grc' dir='ltr'>γὰρ)</span> <span class='ocrx_word' id='word_1_257' title='bbox 438 1522 480 1558; x_wconf 83' lang='grc' dir='ltr'><strong><em>οἳ</em></strong></span> <span class='ocrx_word' id='word_1_258' title='bbox 511 1521 587 1558; x_wconf 90' lang='grc' dir='ltr'>τότ</span> <span class='ocrx_word' id='word_1_259' title='bbox 637 1523 739 1558; x_wconf 76' lang='grc' dir='ltr'><strong><em>ἴσαν</em></strong></span> <span class='ocrx_word' id='word_1_260' title='bbox 765 1523 832 1568; x_wconf 88' lang='lat' dir='ltr'>(sic</span> <span class='ocrx_word' id='word_1_261' title='bbox 857 1523 940 1558; x_wconf 85' lang='lat' dir='ltr'>Par.</span> <span class='ocrx_word' id='word_1_262' title='bbox 968 1521 994 1558; x_wconf 88' lang='lat' dir='ltr'>C</span> <span class='ocrx_word' id='word_1_263' title='bbox 1015 1522 1090 1558; x_wconf 91' lang='lat' dir='ltr'>Vit.</span> <span class='ocrx_word' id='word_1_264' title='bbox 1113 1527 1131 1557; x_wconf 90' lang='lat'>1</span> <span class='ocrx_word' id='word_1_265' title='bbox 1160 1525 1195 1557; x_wconf 75' lang='lat' dir='ltr'>et</span> <span class='ocrx_word' id='word_1_266' title='bbox 1222 1522 1306 1565; x_wconf 63' lang='lat' dir='ltr'>Ciz„</span> <span class='ocrx_word' id='word_1_267' title='bbox 1332 1516 1428 1567; x_wconf 83' lang='grc' dir='ltr'><strong><em>ἦσαν</em></strong></span> <span class='ocrx_word' id='word_1_268' title='bbox 1454 1522 1535 1557; x_wconf 85' lang='lat' dir='ltr'>Par.</span> <span class='ocrx_word' id='word_1_269' title='bbox 1562 1522 1612 1564; x_wconf 88' lang='lat' dir='ltr'>D,</span> <span class='ocrx_word' id='word_1_270' title='bbox 1645 1521 1735 1558; x_wconf 83' lang='grc' dir='ltr'><strong><em>ἕσαν</em></strong></span> 
     </span>
     <span class='ocr_line' id='line_1_27' title="bbox 210 1536 1734 1616; baseline -0.001 -10"><span class='ocrx_word' id='word_1_271' title='bbox 210 1571 271 1606; x_wconf 89' lang='lat' dir='ltr'>vul</span> <span class='ocrx_word' id='word_1_272' title='bbox 276 1572 339 1616; x_wconf 87' lang='lat' dir='ltr'>go)</span> <span class='ocrx_word' id='word_1_273' title='bbox 360 1567 544 1616; x_wconf 86' lang='grc' dir='ltr'><strong><em>Ελένης</em></strong></span> <span class='ocrx_word' id='word_1_274' title='bbox 575 1571 765 1606; x_wconf 75' lang='grc' dir='ltr'><strong><em>εἴδωλον</em></strong></span> <span class='ocrx_word' id='word_1_275' title='bbox 803 1569 994 1615; x_wconf 81' lang='grc' dir='ltr'><strong><em>ἐ’.χοντες</em></strong></span> <span class='ocrx_word' id='word_1_276' title='bbox 1040 1569 1168 1605; x_wconf 85' lang='lat' dir='ltr'>eadem</span> <span class='ocrx_word' id='word_1_277' title='bbox 1194 1536 1354 1615; x_wconf 44' lang='lat' dir='ltr'>repetit?²</span> <span class='ocrx_word' id='word_1_278' title='bbox 1356 1569 1394 1604; x_wconf 91' lang='lat' dir='ltr'>in</span> <span class='ocrx_word' id='word_1_279' title='bbox 1419 1568 1626 1605; x_wconf 84' lang='lat' dir='ltr'>Homericis</span> <span class='ocrx_word' id='word_1_280' title='bbox 1651 1581 1686 1615; x_wconf 91' lang='lat' dir='ltr'>p.</span> <span class='ocrx_word' id='word_1_281' title='bbox 1714 1574 1734 1606; x_wconf 80' lang='grc'>’1</span> 
     </span>
     <span class='ocr_line' id='line_1_28' title="bbox 211 1583 1734 1675; baseline -0.001 -21"><span class='ocrx_word' id='word_1_282' title='bbox 211 1618 267 1654; x_wconf 91' lang='lat' dir='ltr'>ed.</span> <span class='ocrx_word' id='word_1_283' title='bbox 276 1583 452 1654; x_wconf 74' lang='lat' dir='ltr'>g·M01elli.</span> <span class='ocrx_word' id='word_1_284' title='bbox 503 1618 666 1653; x_wconf 82' lang='lat' dir='ltr'>Aristide</span> <span class='ocrx_word' id='word_1_285' title='bbox 673 1618 848 1674; x_wconf 80' lang='lat' dir='ltr'>gravior</span> <span class='ocrx_word' id='word_1_286' title='bbox 879 1619 1008 1653; x_wconf 80' lang='lat' dir='ltr'><strong>auctor</strong></span> <span class='ocrx_word' id='word_1_287' title='bbox 1039 1617 1147 1653; x_wconf 87' lang='lat' dir='ltr'>Plato</span> <span class='ocrx_word' id='word_1_288' title='bbox 1172 1617 1264 1662; x_wconf 88' lang='lat' dir='ltr'>Rep.</span> <span class='ocrx_word' id='word_1_289' title='bbox 1290 1616 1342 1651; x_wconf 88' lang='lat' dir='ltr'>IX</span> <span class='ocrx_word' id='word_1_290' title='bbox 1368 1616 1497 1653; x_wconf 82' lang='grc'>5860.</span> <span class='ocrx_word' id='word_1_291' title='bbox 1528 1613 1668 1675; x_wconf 77' lang='grc' dir='ltr'><strong><em>Ὥσπερ</em></strong></span> <span class='ocrx_word' id='word_1_292' title='bbox 1693 1615 1734 1653; x_wconf 84' lang='grc' dir='ltr'>τὸ</span> 
     </span>
     <span class='ocr_line' id='line_1_29' title="bbox 209 1661 1736 1726; baseline 0 -26"><span class='ocrx_word' id='word_1_293' title='bbox 209 1666 274 1710; x_wconf 87' lang='grc' dir='ltr'>τῆς</span> <span class='ocrx_word' id='word_1_294' title='bbox 296 1662 447 1721; x_wconf 85' lang='grc' dir='ltr'><strong><em>Ἑλένης</em></strong></span> <span class='ocrx_word' id='word_1_295' title='bbox 479 1666 633 1726; x_wconf 55' lang='grc' dir='ltr'><strong><em>εἶ”ὃωλον</em></strong></span> <span class='ocrx_word' id='word_1_296' title='bbox 665 1662 739 1700; x_wconf 84' lang='grc' dir='ltr'>υπὸ</span> <span class='ocrx_word' id='word_1_297' title='bbox 772 1665 845 1700; x_wconf 82' lang='grc' dir='ltr'>τῶν</span> <span class='ocrx_word' id='word_1_298' title='bbox 880 1662 921 1700; x_wconf 80' lang='grc' dir='ltr'>ἐν</span> <span class='ocrx_word' id='word_1_299' title='bbox 958 1666 1074 1713; x_wconf 87' lang='grc' dir='ltr'><strong><em>Τροία</em></strong></span> <span class='ocrx_word' id='word_1_300' title='bbox 1106 1661 1387 1710; x_wconf 78' lang='grc' dir='ltr'><strong><em>Στησίχορός</em></strong></span> <span class='ocrx_word' id='word_1_301' title='bbox 1424 1676 1517 1709; x_wconf 85' lang='grc' dir='ltr'><strong><em>φησι</em></strong></span> <span class='ocrx_word' id='word_1_302' title='bbox 1552 1663 1736 1710; x_wconf 79' lang='grc' dir='ltr'><strong><em>γενέσθαι</em></strong></span> 
     </span>
     <span class='ocr_line' id='line_1_30' title="bbox 209 1701 1736 1769; baseline -0.001 -21"><span class='ocrx_word' id='word_1_303' title='bbox 209 1709 464 1758; x_wconf 71' lang='grc' dir='ltr'><strong><em>περιμάχητον</em></strong></span> <span class='ocrx_word' id='word_1_304' title='bbox 496 1709 633 1762; x_wconf 78' lang='grc' dir='ltr'><strong><em>ἀγνοίᾳ</em></strong></span> <span class='ocrx_word' id='word_1_305' title='bbox 665 1713 732 1748; x_wconf 80' lang='grc' dir='ltr'><strong><em>τοῦ</em></strong></span> <span class='ocrx_word' id='word_1_306' title='bbox 764 1709 943 1769; x_wconf 77' lang='grc' dir='ltr'><strong><em>αληθοῦς.</em></strong></span> <span class='ocrx_word' id='word_1_307' title='bbox 993 1701 1099 1747; x_wconf 84' lang='lat' dir='ltr'>Adde</span> <span class='ocrx_word' id='word_1_308' title='bbox 1124 1711 1196 1747; x_wconf 89' lang='lat' dir='ltr'>Dio</span> <span class='ocrx_word' id='word_1_309' title='bbox 1222 1711 1350 1757; x_wconf 84' lang='lat' dir='ltr'>Chrys.</span> <span class='ocrx_word' id='word_1_310' title='bbox 1377 1711 1436 1747; x_wconf 86' lang='lat' dir='ltr'>Or.</span> <span class='ocrx_word' id='word_1_311' title='bbox 1462 1711 1514 1746; x_wconf 89' lang='lat' dir='ltr'>XI</span> <span class='ocrx_word' id='word_1_312' title='bbox 1541 1715 1625 1747; x_wconf 84' lang='lat'>182:</span> <span class='ocrx_word' id='word_1_313' title='bbox 1660 1714 1736 1747; x_wconf 79' lang='grc' dir='ltr'>Καὶ</span> 
     </span>
     <span class='ocr_line' id='line_1_31' title="bbox 209 1749 1734 1818; baseline -0.001 -23"><span class='ocrx_word' id='word_1_314' title='bbox 209 1759 275 1795; x_wconf 87' lang='grc' dir='ltr'>τὸν</span> <span class='ocrx_word' id='word_1_315' title='bbox 301 1759 370 1806; x_wconf 77' lang='grc' dir='ltr'>μὲν</span> <span class='ocrx_word' id='word_1_316' title='bbox 396 1749 681 1818; x_wconf 70' lang='grc' dir='ltr'><strong><em>Στησίχορον</em></strong></span> <span class='ocrx_word' id='word_1_317' title='bbox 717 1757 763 1796; x_wconf 80' lang='grc' dir='ltr'>ἐν</span> <span class='ocrx_word' id='word_1_318' title='bbox 795 1760 845 1817; x_wconf 85' lang='grc' dir='ltr'>τῇ</span> <span class='ocrx_word' id='word_1_319' title='bbox 879 1756 1070 1818; x_wconf 77' lang='grc' dir='ltr'><strong><em>ὕστερον</em></strong></span> <span class='ocrx_word' id='word_1_320' title='bbox 1102 1756 1190 1807; x_wconf 79' lang='grc' dir='ltr'>ᾠδῇ</span> <span class='ocrx_word' id='word_1_321' title='bbox 1223 1758 1373 1816; x_wconf 84' lang='grc' dir='ltr'><strong><em>λέγειν,</em></strong></span> <span class='ocrx_word' id='word_1_322' title='bbox 1396 1756 1454 1794; x_wconf 82' lang='grc' dir='ltr'>ὅτι</span> <span class='ocrx_word' id='word_1_323' title='bbox 1486 1757 1528 1794; x_wconf 90' lang='grc' dir='ltr'>τὸ</span> <span class='ocrx_word' id='word_1_324' title='bbox 1553 1757 1734 1803; x_wconf 80' lang='grc' dir='ltr'><strong><em>παράπαν</em></strong></span> 
     </span>
     <span class='ocr_line' id='line_1_32' title="bbox 210 1803 1734 1866; baseline 0 -24"><span class='ocrx_word' id='word_1_325' title='bbox 210 1804 301 1843; x_wconf 77' lang='grc' dir='ltr'><strong><em>οὐδὲ</em></strong></span> <span class='ocrx_word' id='word_1_326' title='bbox 328 1805 526 1843; x_wconf 85' lang='grc' dir='ltr'><strong><em>πλεύσειεν</em></strong></span> <span class='ocrx_word' id='word_1_327' title='bbox 552 1805 574 1852; x_wconf 83' lang='grc' dir='ltr'>ἡ</span> <span class='ocrx_word' id='word_1_328' title='bbox 597 1804 729 1852; x_wconf 81' lang='grc' dir='ltr'><strong><em>Ελένη</em></strong></span> <span class='ocrx_word' id='word_1_329' title='bbox 762 1804 970 1866; x_wconf 79' lang='grc' dir='ltr'><strong><em>οὐδαμόσε,</em></strong></span> <span class='ocrx_word' id='word_1_330' title='bbox 1002 1804 1107 1842; x_wconf 79' lang='grc' dir='ltr'><strong><em>ἄλλοι</em></strong></span> <span class='ocrx_word' id='word_1_331' title='bbox 1140 1807 1182 1842; x_wconf 81' lang='grc' dir='ltr'>δέ</span> <span class='ocrx_word' id='word_1_332' title='bbox 1208 1819 1323 1851; x_wconf 86' lang='grc' dir='ltr'><strong><em>τινες,</em></strong></span> <span class='ocrx_word' id='word_1_333' title='bbox 1350 1803 1399 1847; x_wconf 79' lang='grc' dir='ltr'><strong><em>ὡς</em></strong></span> <span class='ocrx_word' id='word_1_334' title='bbox 1423 1803 1639 1863; x_wconf 78' lang='grc' dir='ltr'><strong><em>ἁρπασθείη</em></strong></span> <span class='ocrx_word' id='word_1_335' title='bbox 1665 1805 1734 1853; x_wconf 74' lang='grc' dir='ltr'>μὲν</span> 
     </span>
     <span class='ocr_line' id='line_1_33' title="bbox 203 1851 1734 1901; baseline -0.001 -10.993"><span class='ocrx_word' id='word_1_336' title='bbox 203 1852 336 1899; x_wconf 84' lang='grc' dir='ltr'><strong><em>Ελένη</em></strong></span> <span class='ocrx_word' id='word_1_337' title='bbox 368 1852 442 1890; x_wconf 81' lang='grc' dir='ltr'>ὑπὸ</span> <span class='ocrx_word' id='word_1_338' title='bbox 473 1851 733 1901; x_wconf 80' lang='grc' dir='ltr'><strong><em>Ἀλεξανδρου,</em></strong></span> <span class='ocrx_word' id='word_1_339' title='bbox 771 1855 883 1900; x_wconf 85' lang='grc' dir='ltr'><strong><em>δευρο</em></strong></span> <span class='ocrx_word' id='word_1_340' title='bbox 922 1853 964 1890; x_wconf 77' lang='grc' dir='ltr'>δὲ</span> <span class='ocrx_word' id='word_1_341' title='bbox 999 1851 1091 1899; x_wconf 85' lang='grc' dir='ltr'><strong><em>παρ’</em></strong></span> <span class='ocrx_word' id='word_1_342' title='bbox 1124 1851 1223 1900; x_wconf 76' lang='grc' dir='ltr'><strong><em>ἡμᾶς</em></strong></span> <span class='ocrx_word' id='word_1_343' title='bbox 1255 1853 1308 1894; x_wconf 82' lang='grc' dir='ltr'><strong><em>εἰς</em></strong></span> <span class='ocrx_word' id='word_1_344' title='bbox 1337 1855 1525 1899; x_wconf 78' lang='grc' dir='ltr'><strong><em>Αἴγυπτον</em></strong></span> <span class='ocrx_word' id='word_1_345' title='bbox 1562 1851 1734 1899; x_wconf 85' lang='grc' dir='ltr'><strong><em>αφίκετο.</em></strong></span> 
     </span>
     <span class='ocr_line' id='line_1_34' title="bbox 210 1901 1735 1948; baseline 0 -12"><span class='ocrx_word' id='word_1_346' title='bbox 210 1902 283 1938; x_wconf 85' lang='lat' dir='ltr'>Sed</span> <span class='ocrx_word' id='word_1_347' title='bbox 309 1902 495 1947; x_wconf 90' lang='lat' dir='ltr'>quomodo</span> <span class='ocrx_word' id='word_1_348' title='bbox 527 1903 640 1947; x_wconf 84' lang='lat' dir='ltr'>poeta</span> <span class='ocrx_word' id='word_1_349' title='bbox 672 1913 807 1938; x_wconf 86' lang='lat' dir='ltr'>novam</span> <span class='ocrx_word' id='word_1_350' title='bbox 837 1903 935 1937; x_wconf 82' lang='lat' dir='ltr'>hanc</span> <span class='ocrx_word' id='word_1_351' title='bbox 965 1901 1132 1937; x_wconf 82' lang='lat' dir='ltr'>fabulam</span> <span class='ocrx_word' id='word_1_352' title='bbox 1164 1901 1413 1945; x_wconf 85' lang='lat' dir='ltr'>exornaverit,</span> <span class='ocrx_word' id='word_1_353' title='bbox 1445 1901 1735 1948; x_wconf 87' lang='lat' dir='ltr'>incompertum,</span> 
     </span>
     <span class='ocr_line' id='line_1_35' title="bbox 208 1930 1733 1994; baseline -0.001 -9"><span class='ocrx_word' id='word_1_354' title='bbox 208 1960 296 1985; x_wconf 84' lang='lat' dir='ltr'>vcra</span> <span class='ocrx_word' id='word_1_355' title='bbox 321 1950 464 1985; x_wconf 85' lang='lat' dir='ltr'>Helena</span> <span class='ocrx_word' id='word_1_356' title='bbox 489 1950 552 1984; x_wconf 89' lang='lat' dir='ltr'>ubi</span> <span class='ocrx_word' id='word_1_357' title='bbox 578 1951 758 1984; x_wconf 82' lang='lat' dir='ltr'>terrarum</span> <span class='ocrx_word' id='word_1_358' title='bbox 785 1948 914 1994; x_wconf 88' lang='lat' dir='ltr'>fuerit,</span> <span class='ocrx_word' id='word_1_359' title='bbox 941 1949 1030 1984; x_wconf 92' lang='lat' dir='ltr'>dum</span> <span class='ocrx_word' id='word_1_360' title='bbox 1050 1948 1183 1984; x_wconf 84' lang='lat' dir='ltr'>Graeci</span> <span class='ocrx_word' id='word_1_361' title='bbox 1209 1949 1247 1984; x_wconf 90' lang='lat' dir='ltr'>et</span> <span class='ocrx_word' id='word_1_362' title='bbox 1267 1930 1418 1984; x_wconf 80' lang='lat' dir='ltr'>Troiani</span> <span class='ocrx_word' id='word_1_363' title='bbox 1443 1951 1597 1994; x_wconf 83' lang='lat' dir='ltr'>propter</span> <span class='ocrx_word' id='word_1_364' title='bbox 1622 1949 1733 1984; x_wconf 90' lang='lat' dir='ltr'>simu-</span> 
     </span>
     <span class='ocr_line' id='line_1_36' title="bbox 210 1995 1734 2042; baseline -0.001 -10"><span class='ocrx_word' id='word_1_365' title='bbox 210 1998 351 2032; x_wconf 80' lang='lat' dir='ltr'>lacrum</span> <span class='ocrx_word' id='word_1_366' title='bbox 377 2008 443 2042; x_wconf 90' lang='lat' dir='ltr'>per</span> <span class='ocrx_word' id='word_1_367' title='bbox 468 1996 597 2032; x_wconf 90' lang='lat' dir='ltr'>decem</span> <span class='ocrx_word' id='word_1_368' title='bbox 623 2007 740 2032; x_wconf 82' lang='lat' dir='ltr'>annos</span> <span class='ocrx_word' id='word_1_369' title='bbox 771 1997 956 2042; x_wconf 85' lang='lat' dir='ltr'>pugnant,</span> <span class='ocrx_word' id='word_1_370' title='bbox 987 1995 1189 2031; x_wconf 87' lang='lat' dir='ltr'>nescimus:</span> <span class='ocrx_word' id='word_1_371' title='bbox 1220 2006 1341 2039; x_wconf 87' lang='lat' dir='ltr'>neque</span> <span class='ocrx_word' id='word_1_372' title='bbox 1372 1995 1471 2031; x_wconf 89' lang='lat' dir='ltr'>enim</span> <span class='ocrx_word' id='word_1_373' title='bbox 1501 1995 1572 2031; x_wconf 90' lang='lat' dir='ltr'>fide</span> <span class='ocrx_word' id='word_1_374' title='bbox 1599 1995 1734 2041; x_wconf 87' lang='lat' dir='ltr'>dignus</span> 
     </span>
     <span class='ocr_line' id='line_1_37' title="bbox 210 2039 1733 2100; baseline -0.001 -21"><span class='ocrx_word' id='word_1_375' title='bbox 210 2044 332 2080; x_wconf 90' lang='lat' dir='ltr'>Schol.</span> <span class='ocrx_word' id='word_1_376' title='bbox 360 2043 509 2080; x_wconf 80' lang='lat' dir='ltr'>Aristid.</span> <span class='ocrx_word' id='word_1_377' title='bbox 536 2043 589 2079; x_wconf 80' lang='grc' dir='ltr'>ΙΙΙ</span> <span class='ocrx_word' id='word_1_378' title='bbox 615 2047 699 2079; x_wconf 87' lang='lat'>150:</span> <span class='ocrx_word' id='word_1_379' title='bbox 738 2043 792 2084; x_wconf 81' lang='grc' dir='ltr'><strong><em>εἰς</em></strong></span> <span class='ocrx_word' id='word_1_380' title='bbox 825 2045 1055 2100; x_wconf 87' lang='grc' dir='ltr'><strong><em>Στησίχορον</em></strong></span> <span class='ocrx_word' id='word_1_381' title='bbox 1086 2042 1306 2078; x_wconf 80' lang='grc' dir='ltr'><strong><em>αἰνίττεται·</em></strong></span> <span class='ocrx_word' id='word_1_382' title='bbox 1341 2041 1448 2100; x_wconf 83' lang='grc' dir='ltr'><strong><em>λέγει</em></strong></span> <span class='ocrx_word' id='word_1_383' title='bbox 1472 2040 1545 2088; x_wconf 83' lang='grc' dir='ltr'>γὰρ</span> <span class='ocrx_word' id='word_1_384' title='bbox 1577 2039 1733 2088; x_wconf 74' lang='grc' dir='ltr'><strong><em>ἐκεῖνος,</em></strong></span> 
     </span>
     <span class='ocr_line' id='line_1_38' title="bbox 208 2071 1733 2136; baseline -0.001 -10"><span class='ocrx_word' id='word_1_385' title='bbox 208 2105 268 2127; x_wconf 90' lang='grc' dir='ltr'><strong><em>οτι</em></strong></span> <span class='ocrx_word' id='word_1_386' title='bbox 302 2088 426 2127; x_wconf 72' lang='grc' dir='ltr'><strong><em>ἐλθών</em></strong></span> <span class='ocrx_word' id='word_1_387' title='bbox 458 2087 478 2126; x_wconf 86' lang='grc' dir='ltr'>ὁ</span> <span class='ocrx_word' id='word_1_388' title='bbox 508 2087 744 2135; x_wconf 79' lang='grc' dir='ltr'><strong><em>Ἀλέξανδρος</em></strong></span> <span class='ocrx_word' id='word_1_389' title='bbox 781 2088 842 2126; x_wconf 80' lang='grc' dir='ltr'>ἐπὶ</span> <span class='ocrx_word' id='word_1_390' title='bbox 874 2089 1011 2135; x_wconf 86' lang='grc' dir='ltr'><strong><em>ταύτης</em></strong></span> <span class='ocrx_word' id='word_1_391' title='bbox 1046 2091 1112 2135; x_wconf 87' lang='grc' dir='ltr'>τῆς</span> <span class='ocrx_word' id='word_1_392' title='bbox 1147 2087 1264 2135; x_wconf 86' lang='grc' dir='ltr'><strong><em>νήσου</em></strong></span> <span class='ocrx_word' id='word_1_393' title='bbox 1295 2090 1361 2134; x_wconf 84' lang='grc' dir='ltr'>τῆς</span> <span class='ocrx_word' id='word_1_394' title='bbox 1393 2087 1519 2135; x_wconf 90' lang='grc' dir='ltr'><strong><em>Φαρου</em></strong></span> <span class='ocrx_word' id='word_1_395' title='bbox 1550 2071 1733 2136; x_wconf 79' lang='grc' dir='ltr'><strong><em>αφῃρέθη</em></strong></span> 
     </span>
     <span class='ocr_line' id='line_1_39' title="bbox 209 2126 1734 2230; baseline -0.001 -9"><span class='ocrx_word' id='word_1_396' title='bbox 209 2135 637 2230; x_wconf 58' lang='grc' dir='ltr'>’ζῗῃὲἷῖιζἩοῗρὲζὲἔὲ</span> <span class='ocrx_word' id='word_1_397' title='bbox 659 2135 1220 2221; x_wconf 53' lang='lat' dir='ltr'>²12vferff²fssz⁷320ff²3535²222</span> <span class='ocrx_word' id='word_1_398' title='bbox 1230 2126 1734 2220; x_wconf 51' lang='lat' dir='ltr'>“v&#39;Zffiffii‘ZZgffi&#39;teffiZiicii</span> 
     </span>
     <span class='ocr_line' id='line_1_40' title="bbox 208 2229 1731 2291; baseline -0.001 -23"><span class='ocrx_word' id='word_1_399' title='bbox 208 2233 312 2269; x_wconf 88' lang='lat' dir='ltr'>aliud.</span> <span class='ocrx_word' id='word_1_400' title='bbox 339 2233 435 2268; x_wconf 85' lang='lat' dir='ltr'>dixit</span> <span class='ocrx_word' id='word_1_401' title='bbox 462 2233 479 2267; x_wconf 97' lang='lat' dir='ltr'>I</span> <span class='ocrx_word' id='word_1_402' title='bbox 509 2237 577 2268; x_wconf 83' lang='grc'>212</span> <span class='ocrx_word' id='word_1_403' title='bbox 603 2232 692 2268; x_wconf 87' lang='lat' dir='ltr'>nisi:</span> <span class='ocrx_word' id='word_1_404' title='bbox 731 2229 812 2268; x_wconf 90' lang='grc' dir='ltr'><strong><em>αλλ’</em></strong></span> <span class='ocrx_word' id='word_1_405' title='bbox 846 2244 969 2278; x_wconf 85' lang='grc' dir='ltr'><strong><em>ωσπερ</em></strong></span> <span class='ocrx_word' id='word_1_406' title='bbox 1003 2232 1078 2267; x_wconf 82' lang='grc' dir='ltr'>τῶν</span> <span class='ocrx_word' id='word_1_407' title='bbox 1114 2232 1280 2288; x_wconf 83' lang='grc' dir='ltr'><strong><em>ποιητῶν</em></strong></span> <span class='ocrx_word' id='word_1_408' title='bbox 1305 2233 1403 2291; x_wconf 86' lang='grc' dir='ltr'><strong><em>φασί</em></strong></span> <span class='ocrx_word' id='word_1_409' title='bbox 1429 2245 1528 2273; x_wconf 90' lang='grc' dir='ltr'><strong><em>τινες</em></strong></span> <span class='ocrx_word' id='word_1_410' title='bbox 1551 2229 1618 2268; x_wconf 83' lang='grc' dir='ltr'>τὸν</span> <span class='ocrx_word' id='word_1_411' title='bbox 1641 2229 1731 2268; x_wconf 83' lang='grc' dir='ltr'><strong><em>Ἀλέ-</em></strong></span> 
     </span>
     <span class='ocr_line' id='line_1_41' title="bbox 208 2275 1732 2334; baseline -0.001 -18"><span class='ocrx_word' id='word_1_412' title='bbox 208 2282 371 2325; x_wconf 83' lang='grc' dir='ltr'><strong><em>ξανδρον</em></strong></span> <span class='ocrx_word' id='word_1_413' title='bbox 408 2281 474 2325; x_wconf 86' lang='grc' dir='ltr'>τῆς</span> <span class='ocrx_word' id='word_1_414' title='bbox 507 2277 660 2326; x_wconf 86' lang='grc' dir='ltr'><strong><em>Ελένης</em></strong></span> <span class='ocrx_word' id='word_1_415' title='bbox 696 2277 737 2315; x_wconf 85' lang='grc' dir='ltr'>τὸ</span> <span class='ocrx_word' id='word_1_416' title='bbox 778 2281 932 2316; x_wconf 80' lang='grc' dir='ltr'><strong><em>εἴδωλον</em></strong></span> <span class='ocrx_word' id='word_1_417' title='bbox 974 2281 1122 2334; x_wconf 79' lang='grc' dir='ltr'><strong><em>λαβεῖν,</em></strong></span> <span class='ocrx_word' id='word_1_418' title='bbox 1168 2275 1287 2325; x_wconf 75' lang='grc' dir='ltr'><strong><em>αὐτὴν</em></strong></span> <span class='ocrx_word' id='word_1_419' title='bbox 1331 2277 1373 2315; x_wconf 84' lang='grc' dir='ltr'><strong><em>δε</em></strong></span> <span class='ocrx_word' id='word_1_420' title='bbox 1419 2276 1464 2314; x_wconf 82' lang='grc' dir='ltr'><strong><em>οὖ</em></strong></span> <span class='ocrx_word' id='word_1_421' title='bbox 1505 2279 1732 2325; x_wconf 76' lang='grc' dir='ltr'><strong><em>δυνηθῆναι.</em></strong></span> 
     </span>
     <span class='ocr_line' id='line_1_42' title="bbox 208 2326 1732 2374; baseline -0.001 -11"><span class='ocrx_word' id='word_1_422' title='bbox 208 2328 335 2364; x_wconf 83' lang='lat' dir='ltr'>Facile</span> <span class='ocrx_word' id='word_1_423' title='bbox 379 2330 535 2374; x_wconf 86' lang='lat' dir='ltr'>apparet</span> <span class='ocrx_word' id='word_1_424' title='bbox 579 2339 641 2373; x_wconf 86' lang='lat' dir='ltr'>ea,</span> <span class='ocrx_word' id='word_1_425' title='bbox 686 2338 781 2373; x_wconf 85' lang='lat' dir='ltr'>quae</span> <span class='ocrx_word' id='word_1_426' title='bbox 825 2328 938 2364; x_wconf 90' lang='lat' dir='ltr'>schol.</span> <span class='ocrx_word' id='word_1_427' title='bbox 977 2327 1090 2363; x_wconf 87' lang='lat' dir='ltr'>Arist.</span> <span class='ocrx_word' id='word_1_428' title='bbox 1132 2327 1263 2370; x_wconf 84' lang='lat' dir='ltr'>refert,</span> <span class='ocrx_word' id='word_1_429' title='bbox 1307 2326 1464 2363; x_wconf 83' lang='lat' dir='ltr'>adversa</span> <span class='ocrx_word' id='word_1_430' title='bbox 1503 2326 1625 2362; x_wconf 86' lang='lat' dir='ltr'>fronte</span> <span class='ocrx_word' id='word_1_431' title='bbox 1666 2339 1732 2372; x_wconf 89' lang='lat' dir='ltr'>pu-</span> 
     </span>
     <span class='ocr_line' id='line_1_43' title="bbox 208 2373 1732 2430; baseline -0.001 -19"><span class='ocrx_word' id='word_1_432' title='bbox 208 2387 323 2430; x_wconf 75' lang='lat' dir='ltr'>gnare</span> <span class='ocrx_word' id='word_1_433' title='bbox 361 2387 443 2411; x_wconf 87' lang='lat' dir='ltr'>cum</span> <span class='ocrx_word' id='word_1_434' title='bbox 482 2375 685 2430; x_wconf 79' lang='lat' dir='ltr'>Stesichori</span> <span class='ocrx_word' id='word_1_435' title='bbox 726 2375 907 2411; x_wconf 80' lang='lat' dir='ltr'>versibus,</span> <span class='ocrx_word' id='word_1_436' title='bbox 968 2375 1108 2419; x_wconf 79' lang='lat' dir='ltr'>Poeta,</span> <span class='ocrx_word' id='word_1_437' title='bbox 1150 2375 1349 2420; x_wconf 83' lang='lat' dir='ltr'>postquam</span> <span class='ocrx_word' id='word_1_438' title='bbox 1386 2373 1550 2410; x_wconf 84' lang='lat' dir='ltr'>Helenae</span> <span class='ocrx_word' id='word_1_439' title='bbox 1593 2385 1732 2410; x_wconf 88' lang='lat' dir='ltr'>memo-</span> 
     </span>
     <span class='ocr_line' id='line_1_44' title="bbox 208 2421 1732 2469; baseline -0.001 -11"><span class='ocrx_word' id='word_1_440' title='bbox 208 2423 303 2459; x_wconf 76' lang='lat' dir='ltr'>iiam</span> <span class='ocrx_word' id='word_1_441' title='bbox 341 2435 363 2458; x_wconf 86' lang='lat' dir='ltr'>a</span> <span class='ocrx_word' id='word_1_442' title='bbox 401 2422 630 2468; x_wconf 86' lang='lat' dir='ltr'>gravissimis</span> <span class='ocrx_word' id='word_1_443' title='bbox 670 2423 815 2469; x_wconf 84' lang='lat' dir='ltr'>probris</span> <span class='ocrx_word' id='word_1_444' title='bbox 858 2421 1050 2466; x_wconf 87' lang='lat' dir='ltr'>liberavit,</span> <span class='ocrx_word' id='word_1_445' title='bbox 1093 2421 1242 2457; x_wconf 86' lang='lat' dir='ltr'>videtur</span> <span class='ocrx_word' id='word_1_446' title='bbox 1278 2421 1443 2458; x_wconf 86' lang='lat' dir='ltr'>Castoris</span> <span class='ocrx_word' id='word_1_447' title='bbox 1489 2423 1527 2456; x_wconf 87' lang='lat' dir='ltr'>et</span> <span class='ocrx_word' id='word_1_448' title='bbox 1570 2421 1732 2457; x_wconf 82' lang='lat' dir='ltr'>Pollucis</span> 
     </span>
     <span class='ocr_line' id='line_1_45' title="bbox 208 2468 1734 2525; baseline -0.002 -18"><span class='ocrx_word' id='word_1_449' title='bbox 208 2482 341 2517; x_wconf 84' lang='lat' dir='ltr'>pacem</span> <span class='ocrx_word' id='word_1_450' title='bbox 378 2469 654 2525; x_wconf 79' lang='lat' dir='ltr'>imploravisse3</span> <span class='ocrx_word' id='word_1_451' title='bbox 693 2470 781 2505; x_wconf 86' lang='lat' dir='ltr'>hinc</span> <span class='ocrx_word' id='word_1_452' title='bbox 829 2470 955 2505; x_wconf 85' lang='lat' dir='ltr'>Horat.</span> <span class='ocrx_word' id='word_1_453' title='bbox 993 2469 1111 2524; x_wconf 80' lang='lat' dir='ltr'>Epod.</span> <span class='ocrx_word' id='word_1_454' title='bbox 1151 2473 1212 2512; x_wconf 84' lang='grc'>17,</span> <span class='ocrx_word' id='word_1_455' title='bbox 1255 2473 1319 2504; x_wconf 81' lang='lat'>42:</span> <span class='ocrx_word' id='word_1_456' title='bbox 1364 2469 1527 2512; x_wconf 66' lang='lat' dir='ltr'>Infantis</span> <span class='ocrx_word' id='word_1_457' title='bbox 1573 2468 1734 2504; x_wconf 79' lang='lat' dir='ltr'>Helenae</span> 
     </span>
     <span class='ocr_line' id='line_1_46' title="bbox 210 2497 1731 2563; baseline -0.003 -9"><span class='ocrx_word' id='word_1_458' title='bbox 210 2518 339 2554; x_wconf 79' lang='lat' dir='ltr'>Castor</span> <span class='ocrx_word' id='word_1_459' title='bbox 377 2518 534 2562; x_wconf 79' lang='lat' dir='ltr'>offensus</span> <span class='ocrx_word' id='word_1_460' title='bbox 569 2518 697 2561; x_wconf 84' lang='lat' dir='ltr'>vicem,</span> <span class='ocrx_word' id='word_1_461' title='bbox 735 2517 939 2563; x_wconf 79' lang='lat' dir='ltr'>Fraterque</span> <span class='ocrx_word' id='word_1_462' title='bbox 968 2517 1095 2562; x_wconf 74' lang='lat' dir='ltr'>mayni</span> <span class='ocrx_word' id='word_1_463' title='bbox 1133 2497 1310 2560; x_wconf 65' lang='lat' dir='ltr'>Gas’toris,</span> <span class='ocrx_word' id='word_1_464' title='bbox 1345 2517 1433 2552; x_wconf 81' lang='lat' dir='ltr'>victi</span> <span class='ocrx_word' id='word_1_465' title='bbox 1462 2526 1566 2561; x_wconf 81' lang='lat' dir='ltr'>prece</span> <span class='ocrx_word' id='word_1_466' title='bbox 1600 2516 1731 2551; x_wconf 80' lang='lat' dir='ltr'>Adem-</span> 
     </span>
     <span class='ocr_line' id='line_1_47' title="bbox 206 2563 1732 2611; baseline -0.002 -10"><span class='ocrx_word' id='word_1_467' title='bbox 206 2569 274 2611; x_wconf 82' lang='lat' dir='ltr'>pta</span> <span class='ocrx_word' id='word_1_468' title='bbox 309 2566 387 2601; x_wconf 79' lang='lat' dir='ltr'>vati</span> <span class='ocrx_word' id='word_1_469' title='bbox 422 2565 609 2601; x_wconf 80' lang='lat' dir='ltr'>reddidere</span> <span class='ocrx_word' id='word_1_470' title='bbox 646 2566 798 2601; x_wconf 77' lang='lat' dir='ltr'>lumina.</span> <span class='ocrx_word' id='word_1_471' title='bbox 861 2565 1026 2600; x_wconf 79' lang='lat' dir='ltr'>Helenae</span> <span class='ocrx_word' id='word_1_472' title='bbox 1070 2563 1184 2609; x_wconf 88' lang='lat' dir='ltr'>igitur</span> <span class='ocrx_word' id='word_1_473' title='bbox 1227 2564 1360 2599; x_wconf 82' lang='lat' dir='ltr'>fratres</span> <span class='ocrx_word' id='word_1_474' title='bbox 1395 2563 1609 2598; x_wconf 84' lang='lat' dir='ltr'>ferebantur</span> <span class='ocrx_word' id='word_1_475' title='bbox 1644 2573 1732 2608; x_wconf 89' lang='lat' dir='ltr'>poe-</span> 
     </span>
     <span class='ocr_line' id='line_1_48' title="bbox 209 2609 1730 2658; baseline -0.002 -10"><span class='ocrx_word' id='word_1_476' title='bbox 209 2624 276 2649; x_wconf 88' lang='lat' dir='ltr'>nas</span> <span class='ocrx_word' id='word_1_477' title='bbox 309 2623 332 2647; x_wconf 84' lang='lat' dir='ltr'>a</span> <span class='ocrx_word' id='word_1_478' title='bbox 361 2614 474 2658; x_wconf 81' lang='lat' dir='ltr'>poeta</span> <span class='ocrx_word' id='word_1_479' title='bbox 506 2612 742 2657; x_wconf 84' lang='lat' dir='ltr'>repetivisse,</span> <span class='ocrx_word' id='word_1_480' title='bbox 777 2612 840 2658; x_wconf 91' lang='lat' dir='ltr'>qui</span> <span class='ocrx_word' id='word_1_481' title='bbox 871 2623 955 2647; x_wconf 89' lang='lat' dir='ltr'>cum</span> <span class='ocrx_word' id='word_1_482' title='bbox 987 2610 1180 2647; x_wconf 83' lang='lat' dir='ltr'>Castorum</span> <span class='ocrx_word' id='word_1_483' title='bbox 1211 2611 1307 2647; x_wconf 86' lang='lat' dir='ltr'>iram</span> <span class='ocrx_word' id='word_1_484' title='bbox 1336 2610 1576 2656; x_wconf 74' lang='lat' dir='ltr'>placavisset,</span> <span class='ocrx_word' id='word_1_485' title='bbox 1610 2609 1730 2646; x_wconf 88' lang='lat' dir='ltr'>visum</span> 
     </span>
     <span class='ocr_line' id='line_1_49' title="bbox 209 2657 1732 2714; baseline -0.002 -19"><span class='ocrx_word' id='word_1_486' title='bbox 209 2660 496 2714; x_wconf 78' lang='lat' dir='ltr'>recuperaverit.</span> <span class='ocrx_word' id='word_1_487' title='bbox 545 2660 718 2695; x_wconf 85' lang='lat' dir='ltr'>Fortasse</span> <span class='ocrx_word' id='word_1_488' title='bbox 745 2671 790 2695; x_wconf 88' lang='lat' dir='ltr'>ex</span> <span class='ocrx_word' id='word_1_489' title='bbox 814 2659 1010 2694; x_wconf 83' lang='lat' dir='ltr'>Palinodia</span> <span class='ocrx_word' id='word_1_490' title='bbox 1039 2659 1235 2712; x_wconf 69' lang='lat' dir='ltr'>praeterea,</span> <span class='ocrx_word' id='word_1_491' title='bbox 1264 2658 1525 2704; x_wconf 87' lang='lat' dir='ltr'>depromptum</span> <span class='ocrx_word' id='word_1_492' title='bbox 1549 2657 1593 2692; x_wconf 90' lang='lat' dir='ltr'>fr.</span> <span class='ocrx_word' id='word_1_493' title='bbox 1618 2660 1664 2693; x_wconf 84' lang='grc'>46</span> <span class='ocrx_word' id='word_1_494' title='bbox 1690 2659 1732 2693; x_wconf 94' lang='lat' dir='ltr'>ut</span> 
     </span>
     <span class='ocr_line' id='line_1_50' title="bbox 209 2704 1731 2752; baseline -0.003 -9"><span class='ocrx_word' id='word_1_495' title='bbox 209 2706 363 2743; x_wconf 87' lang='lat' dir='ltr'>conieci.</span> <span class='ocrx_word' id='word_1_496' title='bbox 400 2707 484 2752; x_wconf 89' lang='lat' dir='ltr'>Ipse</span> <span class='ocrx_word' id='word_1_497' title='bbox 510 2708 622 2752; x_wconf 85' lang='lat' dir='ltr'>poeta</span> <span class='ocrx_word' id='word_1_498' title='bbox 645 2708 769 2742; x_wconf 88' lang='lat' dir='ltr'>utrum</span> <span class='ocrx_word' id='word_1_499' title='bbox 794 2705 834 2742; x_wconf 92' lang='lat' dir='ltr'>in</span> <span class='ocrx_word' id='word_1_500' title='bbox 858 2707 931 2742; x_wconf 86' lang='lat' dir='ltr'>hoc</span> <span class='ocrx_word' id='word_1_501' title='bbox 949 2706 1111 2742; x_wconf 79' lang='lat' dir='ltr'>carmine</span> <span class='ocrx_word' id='word_1_502' title='bbox 1131 2706 1320 2742; x_wconf 87' lang='lat' dir='ltr'>oculorum</span> <span class='ocrx_word' id='word_1_503' title='bbox 1340 2705 1583 2750; x_wconf 82' lang='lat' dir='ltr'>aegritudinis</span> <span class='ocrx_word' id='word_1_504' title='bbox 1604 2704 1731 2740; x_wconf 88' lang='lat' dir='ltr'>memi-</span> 
     </span>
     <span class='ocr_line' id='line_1_51' title="bbox 208 2751 1732 2806; baseline -0.001 -17"><span class='ocrx_word' id='word_1_505' title='bbox 208 2754 307 2791; x_wconf 85' lang='lat' dir='ltr'>nerit</span> <span class='ocrx_word' id='word_1_506' title='bbox 337 2765 474 2798; x_wconf 84' lang='lat' dir='ltr'>necne,</span> <span class='ocrx_word' id='word_1_507' title='bbox 506 2753 545 2789; x_wconf 88' lang='lat' dir='ltr'>in</span> <span class='ocrx_word' id='word_1_508' title='bbox 574 2754 700 2790; x_wconf 88' lang='lat' dir='ltr'>medio</span> <span class='ocrx_word' id='word_1_509' title='bbox 729 2753 1023 2799; x_wconf 87' lang='lat' dir='ltr'>relinquendum.</span> <span class='ocrx_word' id='word_1_510' title='bbox 1073 2753 1280 2789; x_wconf 81' lang='lat' dir='ltr'>Memorant</span> <span class='ocrx_word' id='word_1_511' title='bbox 1303 2763 1415 2798; x_wconf 78' lang='lat' dir='ltr'>grave</span> <span class='ocrx_word' id='word_1_512' title='bbox 1439 2753 1511 2788; x_wconf 88' lang='lat' dir='ltr'>hoc</span> <span class='ocrx_word' id='word_1_513' title='bbox 1537 2751 1732 2806; x_wconf 87' lang='lat' dir='ltr'>discrimen</span> 
     </span>
     <span class='ocr_line' id='line_1_52' title="bbox 212 2766 1732 2860; baseline -0.001 -24"><span class='ocrx_word' id='word_1_514' title='bbox 212 2800 461 2846; x_wconf 85' lang='lat' dir='ltr'>antiquissimi</span> <span class='ocrx_word' id='word_1_515' title='bbox 491 2803 606 2837; x_wconf 86' lang='lat' dir='ltr'>testes</span> <span class='ocrx_word' id='word_1_516' title='bbox 637 2801 746 2837; x_wconf 82' lang='lat' dir='ltr'>Plato</span> <span class='ocrx_word' id='word_1_517' title='bbox 779 2802 817 2837; x_wconf 92' lang='lat' dir='ltr'>et</span> <span class='ocrx_word' id='word_1_518' title='bbox 826 2766 1037 2838; x_wconf 81' lang='lat' dir='ltr'>q.Isocrates</span> <span class='ocrx_word' id='word_1_519' title='bbox 1087 2801 1224 2836; x_wconf 74' lang='lat' dir='ltr'>Postea</span> <span class='ocrx_word' id='word_1_520' title='bbox 1259 2812 1316 2847; x_wconf 87' lang='lat' dir='ltr'>res</span> <span class='ocrx_word' id='word_1_521' title='bbox 1371 2811 1442 2844; x_wconf 90' lang='lat' dir='ltr'>quo</span> <span class='ocrx_word' id='word_1_522' title='bbox 1468 2799 1601 2860; x_wconf 83' lang='lat' dir='ltr'>magis</span> <span class='ocrx_word' id='word_1_523' title='bbox 1637 2798 1732 2835; x_wconf 83' lang='lat' dir='ltr'>mira</span> 
     </span>
     <span class='ocr_line' id='line_1_53' title="bbox 209 2845 1732 2894; baseline -0.002 -10"><span class='ocrx_word' id='word_1_524' title='bbox 209 2849 410 2891; x_wconf 87' lang='lat' dir='ltr'>videretur,</span> <span class='ocrx_word' id='word_1_525' title='bbox 436 2848 572 2884; x_wconf 83' lang='lat' dir='ltr'>fabulis</span> <span class='ocrx_word' id='word_1_526' title='bbox 592 2850 780 2894; x_wconf 86' lang='lat' dir='ltr'>exornata,</span> <span class='ocrx_word' id='word_1_527' title='bbox 805 2848 879 2884; x_wconf 88' lang='lat' dir='ltr'>vid.</span> <span class='ocrx_word' id='word_1_528' title='bbox 901 2849 1055 2884; x_wconf 82' lang='lat' dir='ltr'>Pausan.</span> <span class='ocrx_word' id='word_1_529' title='bbox 1078 2847 1130 2883; x_wconf 86' lang='grc' dir='ltr'>ΙΙΙ</span> <span class='ocrx_word' id='word_1_530' title='bbox 1151 2852 1205 2892; x_wconf 86' lang='grc'>19,</span> <span class='ocrx_word' id='word_1_531' title='bbox 1222 2851 1282 2882; x_wconf 85' lang='lat'>11:</span> <span class='ocrx_word' id='word_1_532' title='bbox 1309 2860 1355 2883; x_wconf 92' lang='grc' dir='ltr'><strong><em>ον</em></strong></span> <span class='ocrx_word' id='word_1_533' title='bbox 1381 2845 1423 2882; x_wconf 80' lang='grc' dir='ltr'>δὲ</span> <span class='ocrx_word' id='word_1_534' title='bbox 1444 2845 1531 2882; x_wconf 79' lang='grc' dir='ltr'><strong><em>οἶδα</em></strong></span> <span class='ocrx_word' id='word_1_535' title='bbox 1555 2845 1732 2892; x_wconf 84' lang='grc' dir='ltr'><strong><em>λέγοντας</em></strong></span> 
     </span>
     <span class='ocr_line' id='line_1_54' title="bbox 210 2875 1733 2942; baseline -0.001 -11"><span class='ocrx_word' id='word_1_536' title='bbox 210 2894 474 2941; x_wconf 85' lang='grc' dir='ltr'><strong><em>Κροτωνιάτας</em></strong></span> <span class='ocrx_word' id='word_1_537' title='bbox 500 2895 586 2941; x_wconf 84' lang='grc' dir='ltr'><strong><em>περὶ</em></strong></span> <span class='ocrx_word' id='word_1_538' title='bbox 606 2893 759 2942; x_wconf 85' lang='grc' dir='ltr'><strong><em>Ἑλένης</em></strong></span> <span class='ocrx_word' id='word_1_539' title='bbox 772 2877 907 2941; x_wconf 91' lang='grc' dir='ltr'><strong><em>λόγον,</em></strong></span> <span class='ocrx_word' id='word_1_540' title='bbox 933 2875 1209 2941; x_wconf 81' lang='grc' dir='ltr'><strong><em>ὁμολογοῦντας</em></strong></span> <span class='ocrx_word' id='word_1_541' title='bbox 1235 2894 1276 2931; x_wconf 83' lang='grc' dir='ltr'>δέ</span> <span class='ocrx_word' id='word_1_542' title='bbox 1303 2906 1407 2940; x_wconf 86' lang='grc' dir='ltr'>σφισι</span> <span class='ocrx_word' id='word_1_543' title='bbox 1430 2894 1495 2930; x_wconf 82' lang='grc' dir='ltr'>καὶ</span> <span class='ocrx_word' id='word_1_544' title='bbox 1515 2891 1733 2940; x_wconf 83' lang='grc' dir='ltr'><strong><em>Ιμεραίους,</em></strong></span> 
     </span>
    </p>
   </div>
  </div>
 </body>
</html>
