1864 3126
238 11 253 60 t

233 125 322 166 482
547 129 549 133 ·
795 125 987 162 POETAE
1011 126 1189 165 Mamm.

391 230 579 274 ἐστάθεν
611 230 846 288 εὐξάμεναι
880 232 1077 291 Κύπριδι
1109 237 1336 293 δαιμονίᾳ·

331 300 385 345 οὐ
416 300 501 358 γὰρ
532 302 848 360 τοξοφόροισιν
881 303 1072 360 ἐμήσατο
1105 302 1165 349 δῖ’
1196 303 1435 363 Ἀφροδίτα

388 372 567 429 Μήδοις
590 371 819 418 Ἑλλάνων
850 372 1093 432 ἀκρόπολιν
1123 374 1360 433 προδόμεν.

235 515 393 562 paret*).
434 515 723 552 Chamaeleonte
744 516 858 551 etiam
875 516 1027 552 Pindari
1046 517 1268 563 interpretes
1287 517 1345 553 usi
1364 519 1460 563 sunt,
1485 517 1615 554 addito
1635 516 1756 556 Theo·

235 563 363 609 pompi
387 563 615 608 testimonio,
642 563 707 599 sed
732 574 827 608 quae
852 564 899 599 de
925 564 1130 610 originibus
1154 564 1289 611 templi
1314 565 1468 601 Veneris
1498 567 1661 610 narrant,
1685 565 1755 602 ali-

236 611 333 646 1111ᾶο
359 611 560 669 petierunt,
586 622 630 646 ex
655 610 944 666 Chamaeleonte
970 611 1166 658 depromta.
1198 611 1291 647 ἔστι
1321 610 1364 648 δὲ
1391 612 1455 648 καὶ
1485 613 1557 648 νῦν
1589 610 1756 658 ἐλεγεῖον

235 656 572 712 ἀναγεγραμμένον
586 660 660 694 κτλ.
669 657 735 703 **>,
754 657 808 693 ita
827 658 925 694 enim
945 659 1192 703 scribendum,
1213 659 1437 705 epitomator
1450 670 1644 705 perperam
1657 657 1756 695 εἶναι

236 705 399 759 scripsit,
425 705 550 741 omnia
574 705 622 741 ad
648 705 931 751 Theopompum
955 705 1128 742 referens.
1166 706 1388 742 Plutarchus
1408 707 1522 752 deniq
1523 718 1568 742 ue
1587 706 1755 743 Pindari-

238 753 289 788 cis
316 752 594 788 commentariis
617 763 704 788 usus
732 754 803 796 est,
834 753 921 788 inde
953 753 1068 789 etiam
1094 753 1294 790 Simonidis
1317 765 1453 790 nomen
1478 753 1632 800 ascivit,
1655 753 1767 799 quod.

237 812 334 836 nunc
359 800 413 836 ibi
437 800 680 835 desideratur.
729 800 808 835 Iam
831 801 990 846 apparet
1012 800 1226 837 meretrices
1250 801 1343 837 haec
1367 803 1458 838 vota
1481 801 1626 845 fecisse,
1656 812 1756 838 com—

236 849 419 892 modeque
445 847 694 883 Chamaeleon
718 846 871 883 Pindari
903 847 1045 883 scolion
1071 859 1246 884 enarrans
1278 849 1350 884 hoc
1375 849 1545 894 exemplo
1571 860 1659 884 usus
1683 849 1758 894 θῇς

237 906 357 940 neque
382 895 473 930 fides
500 894 671 930 habenda
696 894 952 940 Theopompo,
983 895 1048 939 qui
1077 895 1202 931 nescio
1235 906 1308 941 quo
1334 895 1756 932 errore-Corinthiorum
1788 904 1791 907 ⁴

236 953 369 978 uxores
395 941 607 986 substituit,
641 953 752 987 quem
784 942 951 986 sequitur
974 942 1215 987 Plutarchus,
1247 943 1311 988 qui
1337 954 1420 978 011111
1445 943 1484 978 111
1509 942 1660 978 scholiis
1685 944 1756 979 hoc

236 991 484 1035 propagatum
508 989 671 1034 legisset,
697 989 856 1025 fortasse
882 989 996 1024 etiam
1022 990 1256 1035 Theopompi
1280 990 1417 1025 librum
1442 990 1592 1026 evolvit.
1638 990 1760 1026 Tabu-

234 1038 311 1072 lam
343 1037 486 1082 pictam
525 1035 736 1071 Corinthios
773 1035 911 1071 Veneri
947 1036 1137 1072 dedicasse
1174 1036 1397 1073 testificatur
1433 1038 1600 1083 locuples
1629 1038 1761 1073 auctor

235 1083 471 1128 Chamaeleo,
496 1083 716 1118 Plutarchus
742 1083 901 1119 aheneas
922 1085 1077 1127 statuas,
1101 1095 1296 1130 perperam
1315 1085 1580 1130 interpretatus
1600 1096 1657 1130 ep.
1676 1084 1722 1120 V.
1739 1088 1761 1119 2

237 1129 413 1176 ἔσταθεν,
427 1131 728 1184 quandoquidem
744 1127 892 1166 ἱστάναι
905 1129 996 1166 vel
980 1129 1128 1166 ισταναι
1146 1132 1312 1177 χαλκοῦν
1329 1145 1415 1166 τινα
1434 1132 1546 1177 vulgo
1561 1132 1607 1167 de
1627 1131 1761 1167 statuis

235 1177 386 1214 honoris
419 1189 508 1232 ergo
537 1177 670 1231 positis
704 1177 780 1213 dici
816 1178 927 1222 solet,
965 1178 1031 1214 sed
1061 1178 1200 1224 pariter
1231 1178 1359 1214 Nossis
1395 1178 1506 1215 Anth.
1538 1178 1578 1215 P.
1611 1178 1663 1214 IX
1691 1182 1760 1214 605

235 1226 282 1261 de
308 1225 472 1261 mulieris
498 1224 679 1270 imagine,
717 1236 829 1270 quam
858 1225 961 1271 picta
985 1191 1117 1261 tabupla
1142 1225 1327 1270 exhibuit,
1353 1222 1403 1267 ὡς
1427 1223 1578 1271 αγανῶς
1604 1225 1761 1262 ἕστακεν

236 1272 341 1310 dixit.
383 1293 427 1298 -—
469 1272 712 1317 Epigramma
751 1283 905 1317 gravem
945 1272 1071 1308 labem
1112 1273 1312 1316 contraxit,
1352 1285 1440 1308 nam
1480 1275 1638 1318 apparet
1675 1276 1763 1327 post

237 1333 270 1357 v.
298 1324 318 1355 2
346 1332 461 1355 unum
488 1320 696 1355 alterumve
722 1319 909 1355 distichon
933 1319 1183 1356 intercidisse:
1210 1321 1408 1366 oportebat
1426 1319 1525 1355 enim
1543 1320 1654 1366 plane
1673 1319 1760 1364 dici,

236 1367 448 1403 meretrices
474 1367 553 1403 voti
578 1368 768 1412 compotes
793 1366 912 1402 factas
937 1378 1034 1411 esse3
1066 1366 1216 1403 videtur
1246 1368 1359 1413 poeta
1391 1379 1463 1403 non
1489 1367 1607 1403 solum
1631 1378 1761 1412 preces

236 1415 434 1450 mulierum
466 1414 514 1449 ad
540 1425 624 1449 eum
649 1414 811 1459 modum,
837 1425 947 1458 quem
973 1414 1236 1460 Theopompus
1259 1414 1493 1459 testificatur,
1521 1414 1760 1459 enarravisse,

238 1463 302 1498 sed
328 1462 443 1498 etiam
469 1463 511 1496 ut
536 1461 632 1497 solet
651 1443 927 1496 Corinthiorum
947 1461 1205 1497 fortitudinem
1223 1462 1395 1497 laudibus
1414 1461 1599 1498 extulisse.
1633 1460 1761 1498 Ambi-

236 1522 303 1555 gas
329 1510 562 1562 epigramma
586 1511 711 1544 utrum
739 1509 911 1545 consulto
937 1520 985 1544 an
1012 1520 1100 1544 casu
1125 1509 1175 1544 sit
1203 1509 1435 1545 mutilatum:
1468 1508 1640 1554 equidem
1665 1507 1760 1545 inte-

237 1569 346 1602 grum
373 1555 615 1602 adscripsisse
647 1555 978 1592 Chamaeleontem
1011 1556 1195 1592 existimo
1244 1557 1342 1592 Nam
1372 1570 1406 1593 v.
1432 1561 1454 1592 2
1485 1557 1572 1602 post
1595 1554 1762 1601 Κύπριδι

238 1605 336 1650 quod
362 1604 520 1640 infertur
539 1604 718 1652 δαιμονία
738 1603 880 1649 (paullo
901 1603 1129 1639 commodius
1155 1603 1254 1640 foret
1277 1605 1492 1650 δαιμονίως)
1512 1604 1622 1640 valde
1641 1603 1762 1639 offen-

237 1652 311 1696 dit,
329 1664 416 1687 nam
439 1648 628 1707 ευχεσθαι
644 1639 824 1699 δαιμονία
845 1651 934 1695 quid
955 1650 1027 1686 sibi
1045 1651 1149 1697 velit,
1168 1662 1278 1696 aeg-re
1293 1651 1488 1697 expedias3
1508 1650 1760 1695 Plutarchum,

238 1699 302 1744 qui
322 1697 522 1745 δαιμόνιον
543 1694 657 1743 εὐχὴν
676 1687 954 1743 interpretatur,
973 1698 1069 1733 nihil
1095 1709 1230 1742 moror,
1258 1698 1323 1744 qui
1342 1679 1509 1744 repperit
1531 1699 1763 1744 epigramma

237 1748 280 1781 ut
304 1758 401 1781 nunc
426 1746 575 1792 legitur.
626 1745 763 1781 Contra
797 1747 975 1794 δαιμονία
999 1746 1023 1782 i.
1051 1757 1081 1781 e.
1107 1747 1303 1790 divinitus,
1335 1747 1463 1782 divino
1493 1746 1636 1782 auxilio
1660 1747 1764 1782 areta

237 1793 510 1829 necessitudine
537 1804 620 1827 cum
645 1793 845 1828 novissimo
872 1781 1036 1829 disticho
1063 1793 1320 1828 coniunctum:
1345 1805 1432 1829 nam
1457 1807 1491 1829 v.
1517 1797 1538 1828 3
1564 1794 1603 1829 et
1626 1796 1650 1828 4
1674 1792 1762 1828 deos

238 1840 402 1876 adfuisse
435 1839 636 1875 Corinthiis
668 1839 814 1875 Medico
846 1841 1011 1875 tumultu
1040 1840 1253 1896 planissime
1285 1842 1482 1877 testantur.
1531 1840 1623 1876 Hiat
1645 1840 1762 1896 igitur

239 1888 358 1923 oratio
385 1888 460 1922 iam
485 1899 519 1922 v
547 1891 581 1931 2,
608 1898 717 1940 quem
743 1886 798 1922 ita
821 1887 1132 1932 redintegraveris
1166 1885 1329 1924 ἐστάθεν
1363 1884 1570 1934 εὖξαμεναι
1600 1886 1765 1932 Κύπριδι

238 1936 454 1983 δαμοσία,
481 1934 568 1979 apte
594 1934 692 1968 enim
717 1936 831 1979 poeta
855 1934 1059 1979 publicum,
1084 1945 1157 1970 non
1176 1935 1364 1980 privatum
1385 1946 1464 1971 esse
1483 1936 1762 1971 monumentum

240 1982 385 2027 asserit,
411 1971 457 2018 cf.
485 1992 541 2026 ep.
568 1984 625 2016 89.
676 1980 866 2016 Librarius
891 1981 1068 2016 aberrans
1095 1982 1144 2016 ad
1169 1982 1349 2030 δαιμονία
1374 1982 1473 2036 quod
1497 1982 1763 2027 insequebatur

238 2041 353 2075 grave
389 2030 460 2065 hoc
499 2027 765 2064 detrimentum
811 2029 957 2073 attulit,
996 2029 1097 2072 quod
1127 2028 1305 2064 resarcire
1343 2030 1555 2074 nequimus,
1592 2040 1677 2064 cum
1716 2039 1761 2064 ex

241 2075 542 2112 Chamaeleontis
581 2075 695 2120 libro,
733 2075 796 2120 qui
834 2057 1123 2121 exscripserunt,
1166 2075 1423 2121 imprudenter
1459 2075 1759 2122 propagaverint.

241 2124 409 2168 Denique
441 2124 538 2159 addo
576 2133 696 2167 neque
729 2123 1004 2168 lunghahnium
1036 2134 1156 2168 neque
1186 2122 1400 2159 Kaibelium
1432 2124 1503 2159 hoc
1533 2123 1761 2170 poematium

242 2171 426 2207 Simonidi
446 2170 672 2215 abiudicare‚
693 2181 919 2214 quamquam
938 2170 1036 2205 hunc
1056 2171 1354 2216 exspectaveram
1369 2170 1476 2206 obelo
1489 2171 1762 2216 adpuncturum

242 2230 332 2264 esse,
371 2218 555 2263 siquidem
592 2229 724 2263 parum
758 2217 929 2263 congruit
960 2229 1044 2253 eum
1083 2217 1206 2263 specie
1237 2217 1441 2253 Simonidei
1471 2217 1762 2264 epigrammatis,

242 2277 354 2310 quam
378 2267 459 2311 ipse
485 2265 697 2308 delineavit,
734 2267 778 2300 ut
809 2265 857 2300 ad
887 2276 969 2300 eam
1000 2275 1169 2301 normam
1201 2266 1368 2301 carmina
1391 2276 1486 2310 quae
1505 2266 1621 2322 vulgo
1637 2265 1760 2301 ferun·

242 2315 301 2349 tar
328 2314 564 2348 examinaret.
592 2333 635 2338 —
663 2312 705 2348 V.
734 2317 765 2348 1.
787 2309 986 2358 Ελλοὶνων,
1022 2309 1398 2358 Α111.Ελλήνων.-
1430 2311 1643 2359 ἰθυμάχων,
1673 2313 1760 2348 Ath.

242 2357 473 2406 εὐθυμάχων
500 2361 543 2404 (Ρ
570 2356 802 2405 ἐθυμαχων),
829 2360 951 2395 801101.
965 2341 1203 2413 ἀγχεμάχων
1228 2359 1347 2406 (Vitat.
1374 2357 1473 2404 Dssy
1474 2372 1543 2406 χμε
1546 2361 1583 2406 .,)
1616 2360 1761 2395 Dobree

243 2407 447 2467 ἰθυμαχᾱν.
470 2428 514 2432 -
536 2408 578 2442 V.
600 2411 632 2442 2.
660 2388 823 2460 ἐστᾴθεν
844 2406 986 2463 scripsi,
1012 2407 1110 2442 Plut.
1132 2406 1306 2451 ἔσταθεν,
1332 2407 1420 2443 Ath.
1442 2373 1616 2452 ἔσταθεν,
1637 2406 1759 2444 801101.

244 2454 416 2491 ἔστασαν.
444 2475 486 2480 -
514 2448 1087 2511 ευξάμεναιῬ1111;.,ενχόμεναι
1107 2454 1244 2499 801101.,
1269 2452 1453 2500 εὔχεσθαι
1477 2455 1564 2490 Ath.
1591 2434 1635 2500 (Β
1654 2450 1759 2512 εὔχε-

243 2504 338 2548 σθε).
367 2523 412 2528 -
438 2503 628 2550 δαιμονίᾳ,
655 2502 751 2536 Plut.
779 2482 985 2559 δαιμόνιαι,
1018 2500 1167 2537 Lobeck
1191 2502 1240 2536 δα
1242 2504 1367 2546 μοσία,
1398 2502 1543 2538 Hecker
1565 2502 1762 2558 καδεμονι,

247 2550 285 2586 C.
312 2551 370 2585 Fr.
397 2550 587 2584 Hermann
599 2550 766 2605 δαίμονι
791 2543 834 2597 ᾇ,
862 2549 961 2593 (111οᾱ
989 2549 1137 2584 0111111110
1162 2549 1308 2593 falsum,
1332 2529 1380 2585 M.
1409 2548 1576 2586 Schmidt
1599 2546 1658 2583 τὶν
1677 2546 1762 2583 στά-

247 2600 322 2633 θεν
343 2594 527 2643 εὔχεσθαι
551 2593 677 2643 Κύπρι
696 2577 940 2642 λιλαιόμεναι.
960 2615 1004 2621 --
1024 2595 1068 2631 V.
1082 2600 1114 2631 3.
1135 2576 1308 2642 ἐμήσατο
1318 2596 1454 2643 801101.,
1473 2592 1631 2642 ἐμήδετο
1652 2595 1760 2642 Plut.,

366 2730 401 2774 *)
427 2730 727 2783 Theopompum,
757 2737 877 2775 neque
901 2737 989 2767 vero
1013 2723 1205 2766 Timaeum
1230 2726 1406 2767 adhibere
1435 2727 1560 2776 potnit
1584 2725 1761 2765 chamae

241 2776 311 2821 100,
339 2778 403 2812 sed
428 2788 547 2822 neque
572 2776 640 2812 illo
664 2778 813 2814 videtur
836 2789 924 2813 usus
949 2789 1040 2814 esse.

343 2824 398 2869 **)
423 2824 630 2860 Aristarchi
668 2825 816 2861 saeculo
852 2825 985 2860 tabula
1014 2823 1117 2871 picta
1148 2827 1334 2872 superstes
1363 2824 1494 2869 fuerit,
1532 2835 1642 2869 quam
1674 2831 1761 2861 mox

243 2870 343 2906 urbis
368 2871 538 2908 Corinthi
561 2872 772 2908 incendium
798 2873 1012 2917 absumpsit.
