1864 3126
220 118 308 160 446
528 129 530 133 “
788 119 980 154 ΡΟΕΤΑΕ
1006 119 1181 156 MELICI.

216 220 412 268 derogare
453 218 513 256 his
551 231 692 257 nomen
732 219 961 267 Simonidis,
1001 220 1186 269 quoniam
1218 220 1415 260 Aristides
1454 222 1631 274 reticuit,
1675 224 1744 274 qui

215 283 381 322 eruditis
408 283 633 323 hominibus
663 284 765 322 hunc
795 284 974 323 libellum
1001 284 1288 324 destinaverat:
1314 299 1406 324 nam
1425 287 1738 336 putidiusculum

215 350 373 398 fuisset,
418 348 586 399 singulis
625 350 765 400 elogiis
804 362 912 388 more
948 351 1301 399 grammaticorum
1345 351 1556 391 Simonidis
1599 364 1744 391 nomeu

213 413 488 463 praemittere:
526 413 648 452 etiam
687 417 782 453 tunc
819 427 866 452 ea
898 414 1079 453 omnibus
1112 415 1209 454 satis
1242 418 1356 454 erant
1387 419 1499 465 nota,
1537 418 1641 469 etsi
1673 418 1742 467 qui

214 479 317 517 forte
349 478 479 516 minus
517 479 708 517 memoria
745 480 923 527 tenebat,
963 479 1079 519 facile
1117 482 1250 519 tamen
1295 482 1468 520 rhetoris
1512 481 1769 538 institutum·

213 543 426 593 perspexit.

959 629 993 665 7.

333 707 390 746 At
414 723 492 759 quo
517 709 604 748 iure
630 711 789 759 singula
815 710 1106 760 epigrammata
1130 711 1181 748 ab
1206 711 1267 760 iis,
1294 711 1361 760 qui
1387 712 1504 761 primi
1529 712 1740 751 Simonidis

214 772 388 811 carmina
419 775 667 825 collegerunt
703 776 766 814 vel
804 778 945 825 postea
981 776 1260 814 additamentis
1299 777 1608 826 amplificarunt,
1649 778 1741 816 huic

213 839 354 886 poetae
393 840 473 878 sint
510 841 722 888 attributa,
766 843 808 878 in
845 840 1076 890 quaestione
1114 844 1310 881 versatur.
1378 841 1501 880 Velut
1540 843 1742 892 poematia

219 903 299 941 105
335 906 375 942 et
404 906 499 955 142,
532 918 632 954 quae
660 904 834 943 Cimonis
860 917 923 943 res
951 905 1000 942 ad
1020 905 1356 955 Eurymedontem
1384 911 1521 957 gestas
1547 910 1741 958 spectant,

213 967 338 1006 critici
364 969 447 1008 fere
474 972 771 1020 abrogaverunt
797 970 1007 1020 Simonidi,
1040 971 1224 1020 quoniam
1259 972 1489 1011 existimant
1519 976 1637 1022 poeta
1661 974 1741 1011 iam

214 1033 399 1072 defuncto
439 1035 510 1074 has
542 1036 681 1074 laudes
714 1035 867 1074 Cimoni
908 1038 1044 1085 partas
1078 1048 1176 1074 esse.
1238 1037 1433 1086 Equidem
1471 1039 1743 1088 quaestionem

212 1098 313 1138 hanc
338 1100 508 1138 maxime
532 1101 766 1150 impeditam
792 1100 976 1150 expedire
1002 1102 1166 1139 conatus
1193 1102 1333 1140 rettuli
1358 1103 1428 1142 has
1454 1116 1517 1142 res
1537 1115 1561 1142 a
1581 1102 1741 1142 Cimone

212 1165 350 1211 gestas
383 1166 434 1203 ad
467 1164 526 1205 Ol.
557 1168 623 1215 77,
649 1167 674 1203 4
709 1167 807 1204 extr.
840 1165 922 1204 sive
954 1163 1013 1203 Ol.
1049 1167 1114 1213 78,
1151 1168 1171 1203 1
1207 1166 1258 1205 in.
1292 1162 1411 1218 (vide,
1444 1180 1546 1217 quae
1578 1169 1741 1218 exposui

212 1228 262 1266 ad
295 1242 356 1278 ep.
391 1231 491 1278 142,
529 1244 657 1281 neque
695 1231 874 1280 poenitet
911 1243 1065 1277 eorum,
1110 1244 1211 1280 quae
1252 1228 1349 1270 olim
1387 1230 1566 1285 scripsi),
1605 1233 1742 1283 itaque

213 1293 308 1332 olim
335 1295 559 1334 existimavi
585 1296 838 1346 Simonidem,
865 1296 930 1345 qui
952 1294 1011 1335 Ol.
1036 1296 1102 1346 78,
1127 1299 1146 1334 1
1178 1299 1353 1336 extremo
1380 1298 1485 1336 diem
1512 1310 1740 1347 supremum

211 1359 320 1407 obiit,
347 1360 418 1399 has
439 1361 626 1400 victorias
651 1360 860 1411 praeconio
887 1373 957 1399 suo
985 1372 1126 1399 ornare
1155 1361 1352 1412 potuisse3
1377 1375 1481 1401 nune
1506 1363 1602 1402 mihi
1629 1376 1742 1402 secus

211 1423 381 1464 videtur.
438 1425 660 1465 Simonides
693 1425 798 1464 enim
831 1425 1040 1474 Syracusis
1074 1426 1285 1465 defunctus
1313 1430 1353 1465 et
1379 1428 1559 1478 sepultus
1585 1431 1664 1477 est,
1695 1430 1742 1466 ut

210 1490 413 1529 testantur
450 1491 641 1541 reliquiae
680 1490 979 1540 epigrammatis
1013 1489 1270 1531 Callimachei
1301 1493 1349 1531 fr.
1384 1496 1448 1532 71.
1510 1493 1614 1532 Fieri
1645 1506 1740 1532 sane

212 1557 365 1604 potest,
391 1559 436 1595 ut
463 1556 565 1595 Ceus
590 1558 709 1606 poeta
730 1555 914 1595 Hieronis
948 1556 1120 1606 hospitio
1145 1569 1216 1606 per
1243 1559 1463 1607 complures
1490 1571 1612 1598 annos
1644 1571 1739 1598 usus

210 1619 376 1659 redierit
394 1621 574 1660 Athenas
601 1634 646 1660 ac
673 1621 814 1660 deinde
841 1633 980 1659 rursus
1002 1621 1220 1672 Syracusas
1247 1623 1488 1662 domicilium
1514 1623 1739 1674 contulerit,

198 1685 281 1727 ,sed
314 1685 348 1724 si
378 1687 561 1735 ponimus
587 1689 748 1736 poetam
776 1684 835 1724 Ol.
865 1687 931 1734 78,
960 1689 981 1725 1
1012 1686 1181 1725 Athenis
1214 1690 1500 1726 commoratum
1531 1689 1629 1727 haec
1660 1688 1739 1738 epi-

210 1753 435 1798 grammata
478 1751 717 1799 condidisse,
763 1752 840 1789 iter
879 1740 1083 1790 Siciliense
1121 1754 1161 1790 et
1202 1753 1346 1802 poetae
1385 1753 1538 1791 obitum
1575 1753 1738 1792 minimo

210 1816 401 1865 temporis
440 1819 640 1856 momento
679 1817 851 1855 diremta
886 1817 1010 1856 fuisse
1049 1819 1272 1857 statuamus
1311 1830 1472 1858 necesse
1513 1820 1590 1868 est,
1634 1818 1740 1869 quod

209 1892 352 1929 parum
385 1884 446 1921 est
476 1881 702 1932 probabile:
744 1894 872 1931 neque
909 1884 1068 1931 poetam
1107 1882 1313 1932 Syracusis
1352 1885 1659 1922 commorantem
1696 1883 1739 1922 in

210 1945 516 1985 Atheniensium
555 1947 729 1996 gratiam
765 1946 864 1984 haec
900 1947 1100 1995 poematia
1130 1947 1271 1986 fecisse
1310 1948 1535 1986 verisimile.
1597 1949 1738 1998 Itaque

210 2010 290 2049 iam
322 2012 418 2050 haec
451 2012 742 2062 epigrammata
773 2010 964 2050 Simonidi
1003 2011 1184 2050 abiudico
1216 2024 1317 2061 quae
1354 2012 1455 2050 alius
1495 2013 1583 2062 quis
1621 2015 1738 2063 poeta

211 2076 408 2126 aequalis,
442 2076 683 2115 Melanthius
715 2075 854 2125 opinor
884 2076 949 2114 vel
974 2075 1196 2114 Archelaus
1222 2075 1287 2115 vel
1312 2075 1384 2114 Ion
1409 2076 1576 2127 denique
1603 2077 1735 2125 Chius,

211 2140 355 2190 quibus
401 2140 604 2180 Cimonem
643 2139 894 2179 familiariter
931 2154 1049 2179 usum
1087 2153 1173 2179 esse
1213 2142 1387 2189 constat,
1430 2141 1620 2181 condidit:
1668 2141 1737 2180 sed

210 2218 299 2244 cum
337 2205 556 2245 Simonides
588 2206 842 2256 potissimum
879 2206 1040 2255 publica
1082 2207 1339 2244 monumenta
1380 2205 1577 2244 berrum
1617 2206 1737 2245 Medi-

209 2283 346 2309 corum
376 2272 590 2311 memoriae
623 2271 804 2310 dedicata
834 2270 1016 2310 versibus
1056 2270 1340 2321 decoravisset,
1371 2283 1450 2309 non
1487 2273 1549 2310 est
1580 2271 1734 2318 mirum,

210 2338 241 2375 si
275 2337 381 2375 haud
418 2337 475 2376 ita
506 2337 632 2375 multo
670 2339 762 2386 post
791 2336 903 2374 tituli
939 2335 1116 2374 eiusdem
1155 2335 1320 2385 saeculi,
1365 2335 1434 2374 sed
1475 2348 1499 2374 a
1537 2335 1736 2375 Simonide

211 2403 347 2451 alieni,
384 2402 475 2440 huic
501 2403 643 2452 poetae
668 2401 856 2441 attributi
882 2401 993 2450 sunt,
1026 2412 1123 2450 quos
1150 2399 1219 2450 qui
1244 2400 1395 2449 primus
1422 2401 1584 2451 collegit
1609 2400 1734 2440 Simo-

210 2468 312 2506 nidis
363 2472 562 2517 poemata,
614 2467 855 2506 tralaticiam
905 2467 1053 2505 famam
1105 2467 1283 2514 secutus,
1331 2478 1410 2504 non
1454 2465 1653 2505 dubitavit
1693 2465 1736 2503 in

210 2533 387 2572 ordinem
373 2527 648 2629 recipere*).
698 2532 807 2571 Haec
832 2531 956 2581 igitur
982 2532 1058 2571 duo
1085 2532 1373 2582 epigrammata
1398 2532 1438 2569 et
1463 2530 1498 2570 si
1529 2543 1629 2580 quae
1654 2530 1734 2569 alia

214 2687 309 2721 quae
335 2676 382 2711 ad
413 2675 535 2721 ipsum
568 2676 719 2729 poetam
745 2674 975 2718 attinebant,
1006 2674 1306 2720 praemitterent·
1340 2672 1587 2726 sequebantur
1611 2672 1735 2718 elogia

211 2723 426 2759 civitatibus
451 2716 633 2758 ordinatis
672 2722 984 2777 quemadmodum
1023 2722 1061 2757 in
1097 2721 1246 2767 tripode
1272 2721 1454 2766 Delphico
1479 2720 1519 2755 et
1541 2719 1580 2754 in
1605 2731 1733 2755 monu-

211 2772 337 2805 mento
358 2770 551 2815 Olympiae
571 2781 698 2805 earum
718 2770 870 2805 nomina
895 2769 1012 2805 incisa
1037 2773 1157 2814 erant,
1184 2780 1294 2812 quem
1320 2767 1487 2804 ordinem
1513 2766 1626 2802 etiam
1654 2767 1734 2802 Ari-

212 2818 326 2852 stides
353 2819 498 2853 secutus
524 2819 588 2853 est.

309 2864 342 2909 ²¹²)
367 2865 451 2900 Non
477 2866 603 2901 tamen
634 2866 774 2900 temere
799 2864 1026 2899 abutendum
1052 2866 1108 2900 est
1132 2864 1201 2899 hac
1226 2861 1482 2899 observatione
1507 2861 1554 2897 ad
1574 2860 1732 2897 auctori-
