1864 3126
199 126 286 168 512
505 151 507 155 v
685 139 688 141 ’
765 129 956 183 ΡΟΕΤᾼΕ
979 129 1157 165 MELICI.
1854 98 1864 107 ⁸

294 238 360 276 καί
391 253 457 288 μιν
489 234 549 277 ἆεὶ
578 236 704 291 τέγγοι
735 236 872 292 νοτερὴ
905 237 1061 292 δρόσος,
1091 234 1140 292 ἧς
1171 237 1192 281 ὁ
1222 234 1378 294 γεραιός
1627 250 1720 284 1186

227 311 269 341 10
354 299 562 355 λαρότερον
592 306 776 355 μαλακῶν
807 303 944 344 ἔπνεεν
975 303 1016 344 ἐκ
1048 302 1259 357 στομάτων.

831 421 927 463 184.
961 422 1095 475 [171]

298 497 423 551 Οὗτος
449 500 724 557 Ἀνακρείοντα
754 501 823 546 τὸν
853 503 1029 557 ἄφθιτον
1059 506 1189 546 εἵνεκα
1220 508 1406 546 Μουσῶν

301 597 308 604 .
354 565 580 621 ὑμνοπόλον
610 568 759 623 πάτρης
789 567 935 623 τύμβος
966 570 1096 611 ἔδεκτο
1130 570 1227 619 Τέω,

293 630 338 682 ὃς
369 635 553 686 Χαρίτων
583 636 767 676 πνείοντα
797 634 905 688 μέλη,
936 636 1119 676 πνείοντα
1151 633 1186 675 δ’
1218 633 1398 688 Ἐρώτων

351 695 419 739 τὸν
449 696 597 752 γλυκὺν
628 699 668 748 ἐς
698 701 855 741 παίδων
885 701 1019 753 ἵμερον
1047 697 1254 754 ἡρμόσατο.

247 773 268 804 5
294 766 440 816 μοῦνος
472 761 511 803 δ’
548 765 606 805 εἰν
634 759 828 818 ’.Αχέροντι
859 763 1079 819 βαρύνεται,
1111 763 1183 819 οὐχ
1212 763 1271 806 ὅτι
1300 767 1445 806 λείπων

352 825 498 880 ἠέλιον,
529 826 679 883 Λήθης
710 827 849 871 ἐνθάδ’
885 830 1022 885 ἕκυρσε
1054 827 1196 883 δόμων,

294 890 376 934 ἀλλ’
412 891 470 934 ὅτι
500 890 569 934 τὸν
599 896 778 948 χαρίεντα
809 892 890 948 μετ’
925 892 1097 948 ἠιθέοισι
1127 894 1326 950 Μεγιστέα

352 959 418 1000 καὶ
447 956 516 1000 τὸν
548 961 748 1013 Σμερδίεω
783 962 921 1016 Θρῇκα
951 960 1101 1002 λέλοιπε
1131 956 1282 1002 πόθον·

292 1029 442 1078 μολπῆς
474 1020 511 1064 δ’
547 1022 595 1066 οὐ
627 1022 733 1078 λήθη
765 1025 1019 1078 μελιτερπέος,
1051 1022 1132 1066 ἀλλ’
1169 1023 1219 1066 ἔτ’
1255 1025 1406 1067 ε’κεῖνον

226 1100 268 1131 10
353 1087 542 1144 βάρβιτον
573 1087 666 1130 οὐδὲ
696 1088 838 1132 θανὼν
869 1089 1034 1132 εὔνασεν
1065 1092 1123 1131 εἰν
1149 1087 1272 1147 Ἀΐδῃ.

888 1208 972 1251 185
984 1207 1036 1250 A.

200 1293 249 1333 A.
300 1294 366 1341 Τίς
397 1289 487 1339 ἅδε;
518 1293 563 1331 Β.
595 1289 740 1345 Βάκχα.
789 1293 837 1334 A.
869 1287 1000 1341 τίςδέ
1031 1308 1099 1345 μιν
1130 1291 1231 1341 ξέσε;
1262 1294 1309 1332 Β.
1340 1289 1516 1340 Σκόπας.

198 1358 246 1398 A.
296 1358 363 1406 Τίς
395 1354 433 1397 δ’
469 1356 640 1410 ἐξέμηνε,
672 1352 826 1411 Βάκχος
855 1354 882 1410 ἢ
914 1355 1098 1406 Σκόπας;
1128 1359 1177 1398 Β.
1207 1354 1380 1405 Σκόπας.

872 1486 973 1534 185
987 1486 1034 1528 Β.
1857 1478 1864 1536 ἶ

299 1568 379 1612 Τὸν
410 1570 453 1611 ἕν
477 1567 599 1626 Ῥόδῳ
631 1568 822 1612 κολοσσὸν
852 1568 1007 1619 ὀκτάκις
1039 1570 1133 1611 δέκα
1857 1568 1864 1586 ¹

295 1631 434 1689 Χάρης
466 1635 588 1676 ἐποίει
618 1635 775 1689 πηχέων
806 1632 826 1676 ὁ
858 1637 1038 1684 Λίνδιος.

278 1785 337 1821 ·.V
364 1790 397 1822 9.
423 1798 487 1831 μιν
511 1785 743 1822 P1.Suidas
779 1786 818 1822 in
852 1784 985 1833 λαρόν,
1022 1798 1112 1831 σφιν
1150 1787 1179 1822 Ρ
1217 1786 1282 1822 sed
1314 1798 1335 1822 σ
1365 1786 1511 1822 addidit
1534 1799 1582 1823 m.
1615 1798 1643 1822 s.
1676 1807 1721 1813 —

199 1832 699 1916 tgyyot‚sseie.Dfibne1-um
734 1834 764 1868 P
794 1833 929 1879 τέγγει.
968 1855 1011 1860 -
1049 1834 1140 1869 Inde
1171 1845 1195 1869 a
1224 1833 1347 1870 verbis
1377 1828 1424 1880 ἧς
1453 1831 1473 1870 ὁ
1505 1847 1583 1880 yse.
1614 1834 1724 1870 affert

199 1892 218 1916 e
238 1892 314 1916 lam
367 1891 406 1915 αι
432 1891 473 1915 as
498 1892 532 1915 v.
558 1878 719 1925 γεραιὸς.

294 1927 422 1982 Epigr.=
448 1930 525 1963 184.
576 1927 689 1963 Anth.
715 1927 754 1964 P.
776 1928 845 1963 VII
864 1932 926 1964 25:
954 1929 988 1963 A
1013 1929 1079 1964 τοῦ
1107 1924 1225 1964 αυτοῦ
1251 1927 1305 1969 εἰς
1329 1926 1396 1964 τὸν
1421 1924 1551 1964 αυτὸν.
1579 1928 1606 1964 C
1626 1925 1720 1964 ἄνα-

199 1974 359 2021 κρέοντα
385 1971 452 2009 τὸν
464 1971 593 2031 τήιον.
633 1973 732 2010 ἔστιν
760 1971 798 2010 δ’
826 1974 981 2021 ηπόλις
1006 1989 1100 2032 αντη
1128 1989 1204 2032 ουχ
1222 1973 1245 2020 ἡ
1271 1973 1430 2034 ποντικὴ
1462 1972 1544 2011 αλλ’
1578 1973 1601 2021 ἡ
1627 1973 1723 2021 πρὸς

201 2022 249 2068 ἕφ
253 2034 339 2057 εσον
364 2019 519 2067 κειμένη
545 2023 613 2068 μία
638 2019 752 2057 τῖαΔ’
780 2023 853 2068 πο).
898 2023 998 2058 Corr.
1025 2019 1083 2058 ὅτι
1113 2020 1226 2068 νῆσός
1258 2019 1359 2058 ἐστιν
1390 2021 1413 2068 ἡ
1439 2021 1531 2063 τέως
1554 2024 1622 2068 μία
1645 2023 1721 2058 τῶν

199 2036 664 2105 nvuzdsm.cf.1riarte
690 2073 746 2105 95.
795 2069 891 2105 Vide
923 2070 968 2105 de
993 2070 1064 2106 hoe
1096 2081 1152 2128 ep.
1179 2081 1299 2126 supra.
1332 2089 1377 2095 —
1411 2070 1452 2105 V.
1481 2074 1512 2105 1.
1544 2070 1720 2114 Μουσῶν,

201 2116 330 2153 Iacobs
355 2115 553 2153 Μουσέων.
581 2137 625 2142 -
651 2117 695 2153 V.
722 2121 755 2154 2.
787 2114 1020 2163 ὑμνοπόλον,
1052 2116 1082 2151 Ρ
1106 2114 1340 2162 υμνοπόλων.
1367 2137 1412 2143 -
1438 2117 1482 2153 V.
1507 2121 1541 2152 5.
1567 2117 1719 2163 μοῦνος,

199 2165 282 2200 fort.
311 2164 504 2220 μοῦνον,
537 2164 637 2209 quod
663 2164 776 2200 etiam
795 2165 914 2200 Bothe
935 2164 1060 2200 suasit.
1083 2185 1126 2191 —
1153 2165 1303 2209 λείπων,
1328 2164 1357 2199 Ρ
1381 2161 1531 2199 λείπών.
1551 2185 1596 2191 -——
1622 2163 1667 2200 V.
1687 2169 1720 2201 6.

200 2210 338 2258 δόμων,
364 2211 416 2246 Pl.
433 2208 562 2269 δόμῳ.
587 2231 632 2237 --
657 2212 702 2248 V.
729 2215 760 2248 8
787 2209 926 2257 πόθον,
951 2211 1142 2247 Benndorf
1162 2192 1314 2247 πλόκον.
1347 2232 1391 2238 —
1424 2211 1467 2248 V.
1493 2215 1526 2247 9.
1553 2211 1582 2246 Ρ
1607 2212 1647 2247 in
1670 2224 1718 2247 m.

199 2259 305 2295 addit
335 2257 389 2299 εἰς
420 2255 667 2304 ανακρέοντα.
701 2280 745 2285 —
776 2256 877 2305 λήθη
908 2259 1039 2306 vulgo,
1071 2257 1183 2319 λήθει
1213 2258 1243 2294 Ρ
1270 2258 1341 2302 PL,
1366 2259 1417 2315 λη
1419 2271 1486 2304 ’γεν
1520 2258 1652 2294 Suidas
1684 2271 1718 2295 v.

198 2303 354 2351 Μολπή,
379 2306 477 2341 unde
495 2306 638 2342 Porson
655 2304 769 2366 λήγει.
792 2327 835 2334 ·-
859 2305 1006 2343 ἐκεῖνον
1026 2288 1074 2352 P,
1101 2304 1226 2342 ε’κεῖνο
1246 2306 1312 2351 Pl.‚
1338 2303 1380 2341 τὸ
1395 2271 1549 2341 κλεινὸν
1568 2305 1721 2342 Schnei-

199 2354 345 2436 (18πὶηὲ
358 2350 545 2436 ποί-Ξεινὸν
569 2354 631 2389 vel
657 2351 852 2399 ἐρατεινὸν
878 2354 1087 2400 Emperius‚
1111 2353 1237 2399 potius
1263 2353 1497 2389 scribendum
1523 2365 1608 2389 oum
1631 2353 1721 2389 Kai-

200 2401 301 2437 belio
348 2413 375 2436 π
439 2401 586 2438 κείνων.

294 2448 421 2493 Epigr.
451 2450 574 2484 185A.
624 2448 712 2484 Cod.
739 2449 819 2484 Pal.
844 2449 956 2484 Anth.
982 2449 1067 2494 post
1091 2448 1252 2484 indicem
1275 2460 1311 2493 p.
1333 2447 1360 2483 C
1386 2449 1424 2483 et
1447 2448 1560 2483 Anth.
1579 2448 1634 2483 Pl.
1655 2452 1718 2484 60:

199 2497 427 2542 Σιμωνίδου.
465 2495 510 2531 ef.
536 2495 667 2532 Iriarte
686 2500 743 2532 95.
781 2495 1015 2532 Recentioris
1039 2498 1172 2542 poetae
1198 2506 1275 2531 esse
1300 2495 1537 2531 manifestum
1556 2496 1630 2538 est;
1654 2495 1719 2531 isti

199 2544 298 2578 enim
324 2544 456 2600 poetae
482 2543 553 2578 hoc
578 2545 835 2588 argumentum
862 2543 1007 2589 saepius
1031 2543 1252 2587 tractarunt,
1283 2542 1329 2578 cf.
1353 2542 1465 2578 Anth.
1491 2541 1543 2577 IX
1566 2545 1646 2578 774.
1673 2562 1718 2568 ·-

199 2590 243 2626 V.
266 2595 296 2625 1.
322 2591 378 2630 τίς
402 2588 446 2624 δέ
471 2603 534 2635 μιν
553 2591 738 2627 Planudes
757 2602 801 2626 ex
821 2591 1047 2635 coniectura,
1070 2591 1115 2626 ut
1133 2590 1293 2634 videtur,
1318 2590 1347 2624 P
1366 2603 1387 2624 τ
1401 2603 1419 2630 ς
1437 2587 1602 2635 ὃεῆξέσε.
1631 2589 1718 2625 For-

198 2640 300 2674 tasse
324 2639 379 2678 τίς
403 2634 440 2672 δ’
470 2635 521 2674 ἐῢ
544 2636 640 2680 ξέσε.

293 2684 392 2730 Epig
391 2697 419 2721 r.
448 2685 568 2721 1853.
618 2685 729 2721 Anth.
755 2685 859 2721 Plan.
887 2689 949 2720 82:
982 2686 1209 2731 Σιμωνίδου.
1254 2684 1299 2720 cf.
1326 2684 1458 2720 Iriarte
1483 2687 1539 2720 96.
1590 2683 1715 2719 Const.

199 2732 379 2788 Porphyr.
405 2732 450 2768 de
476 2731 613 2767 admin.
638 2733 736 2789 imp.
748 2736 792 2767 21
817 2734 997 2789 tanquam
1021 2733 1227 2778 adespoton
1252 2731 1360 2767 affert
1384 2728 1515 2771 καθὼς
1539 2734 1724 2776 μαρτυρεῖ·

198 2776 239 2814 τὸ
268 2778 483 2832 ἐπίγραμμα
514 2777 556 2815 τὸ
581 2777 674 2825 πρὸς
698 2777 767 2824 τὴν
792 2777 902 2826 βάσιν
933 2780 1008 2815 τῶν
1039 2780 1166 2815 ποδῶν
1197 2776 1472 2825 γεγραμμένον.
1512 2779 1717 2822 sequuntur
1773 2782 1786 2789 ⁴

199 2826 362 2861 trimetri
386 2827 497 2872 plane
527 2827 584 2862 ita
614 2827 759 2873 scripti,
790 2826 1103 2872 quemadmodum
1135 2826 1235 2872 apud
1264 2826 1367 2862 Plan.
1410 2825 1490 2860 Hoc
1521 2836 1667 2870 quoque
1693 2836 1717 2860 a

200 2872 389 2909 Simonide
420 2874 582 2910 alienum
614 2885 694 2910 esse
726 2877 897 2920 apparet:
928 2885 1016 2910 nam
1048 2874 1185 2916 Chares
1216 2873 1368 2923 Lysippi
1398 2872 1603 2918 discipulus
1642 2872 1713 2908 hoc
