1864 3126
816 135 1048 175 ALCAEUS.
1613 135 1699 179 175

795 247 898 291 *69.
931 247 1067 301 [123]

238 344 333 386 Καί
359 358 426 394 τις
456 338 523 386 ἐπ’
558 341 829 399 ἐσχατίαισιν
861 345 1010 393 οἴκεις.

897 474 965 516 70.

239 557 394 612 Merca
425 554 663 613 μάλευρον.

899 687 967 729 71.

233 779 308 835 Ὡς
337 780 471 838 λόγος
502 782 549 826 ἐκ
580 781 783 838 πατέρων
815 778 1000 838 ὄρωρεν.

813 914 870 956 *7
875 915 914 956 2.
947 912 1054 966 [73.]
1629 924 1698 955 952

234 993 434 1056 Ἐμαύτῳ
465 994 794 1054 παλαμάσομαι.

833 1128 901 1171 73.
934 1127 1040 1182 [8ο]

186 1249 190 1251 -
226 1220 316 1266 ''Ot'
351 1219 460 1279 ἄσφ’
495 1219 821 1279 ἀπολλυμένοις
851 1221 980 1273 σᾶως.

261 1377 321 1412 Fr.
347 1381 403 1413 69.
454 1376 655 1423 Hephaest.
681 1376 760 1414 sine
785 1378 919 1423 poetae
943 1387 1041 1412 nom.
1067 1380 1130 1412 43:
1162 1372 1409 1422 Καλούμενον
1443 1374 1486 1412 δὲ
1509 1372 1702 1412 Ἀλκαϊκὸν

168 1421 467 1472 δεκασύλλαβον·
506 1426 587 1460 Καί
607 1438 767 1466 τις..
801 1423 927 1465 οἰκεῖς.
977 1423 1221 1470 Participium
1256 1423 1372 1464 οἰκείς
1402 1424 1568 1469 (οἴκεις),
1601 1424 1702 1469 quod

168 1472 440 1508 restituendum
471 1483 552 1508 esee
584 1471 673 1508 olim
707 1472 801 1516 dixi,
833 1474 964 1517 postea
995 1471 1142 1508 codices
1173 1483 1292 1517 nuper
1324 1471 1453 1507 collati
1485 1471 1701 1516 suppedita-

168 1521 319 1556 verunt:
339 1519 430 1555 PSA
451 1521 579 1563 οἴκεις,
605 1519 672 1555 CM
693 1520 821 1574 magale,
841 1519 942 1555 solus
961 1518 992 1576 Ε
1012 1518 1139 1560 οἰκεῖς.
1178 1519 1282 1554 Idem
1301 1517 1525 1554 testificatur
1542 1530 1701 1564 gramm.

169 1566 288 1603 Cram.
315 1567 383 1603 An.
411 1566 478 1602 Ox.
505 1568 520 1603 1
546 1571 627 1612 327,
654 1571 693 1602 4.
725 1564 775 1608 ὡς
800 1564 870 1612 γὰρ
895 1563 974 1602 ἀπὸ
1000 1567 1068 1603 τοῦ
1095 1565 1185 1602 οἰκῶ
1211 1563 1235 1612 ἡ
1262 1563 1417 1612 μετοχή·
1445 1567 1525 1602 Καί
1544 1579 1600 1607 τις
1625 1569 1700 1601 κτλ.

172 1614 373 1651 Praeterea
398 1615 482 1651 fort.
509 1615 593 1650 και
611 1627 673 1656 τις·
692 1614 939 1652 scribendum.

262 1685 321 1721 Fr.
349 1689 404 1722 70.
455 1684 612 1721 Photius
636 1689 788 1731 244,11
816 1682 1038 1742 Μαλευρον·
1064 1682 1105 1721 τὸ
1127 1683 1304 1743 ἄλευρον·
1326 1680 1479 1731 Ἀχαιός.
1506 1684 1593 1730 Ipsa
1612 1695 1701 1730 poe-

114 1739 127 1756 ·
167 1734 229 1769 tae
254 1733 368 1769 verba
392 1733 556 1769 servavit
580 1733 742 1769 Zonaras
764 1737 872 1769 1334.
904 1730 1104 1779 μάλευρον,
1129 1730 1170 1768 τὸ
1196 1730 1358 1778 ἄλευρον
1384 1732 1449 1768 καὶ
1475 1733 1698 1788 πλεονασμῷ

166 1781 235 1816 τοῦ
255 1794 282 1826 μ
300 1778 504 1835 μα’λευρον·
530 1781 646 1826 μίγδα
664 1779 864 1838 μάλευρον.
890 1781 955 1816 ubi
974 1780 1207 1817 scribendum
1227 1782 1319 1826 puto
1338 1780 1459 1836 μίγδα
1474 1777 1702 1828 μαλεύρῳ,

169 1828 216 1864 cf.
243 1827 435 1865 Theocriti
459 1827 528 1864 XV
557 1832 642 1864 115.
674 1827 807 1865 εἴδατά
833 1824 878 1864 θ’
911 1825 1006 1864 ὅσσα
1030 1833 1209 1885 γυναῖκες
1241 1825 1303 1864 ἐπὶ
1328 1824 1515 1881 πλαθάνῳ
1541 1817 1699 1863 πονέον·

169 1889 242 1920 ται,
268 1873 397 1912 ἄνθεα
421 1876 611 1922 μίσγοισαι
638 1876 766 1936 λευκῷ
791 1880 954 1912 παντοῖα
980 1873 1170 1924 μαλεύρῳ,
1201 1875 1258 1911 ita
1289 1873 1390 1910 enim
1422 1863 1564 1911 correxi
1589 1874 1702 1911 libro-

169 1935 250 1959 rum
276 1923 348 1959 scri
377 1924 499 1960 tutam
518 1922 676 1960 παντοῖ’
697 1913 766 1970 ἅμ’
788 1920 946 1972 ἀλεύρῳ,
971 1935 1088 1981 quam
1104 1904 1403 1959 emendationem
1423 1923 1558 1980 postea
1576 1923 1701 1958 firma-

170 1970 227 2006 vit
251 1971 333 2008 cod.
381 1970 561 2007 anticanus.
611 1972 722 2018 Apud
740 1960 919 2008 Photium
937 1974 1062 2007 autem
1078 1968 1109 2007 A
1117 1973 1275 2012 λκαιος
1292 1981 1360 2016 pro
1377 1967 1519 2016 Ἀχαιὸς
1540 1970 1704 2006 scribere

170 2029 244 2054 non
276 2018 457 2062 dubitavi,
494 2019 672 2064 quoniam
704 2021 743 2055 et
771 2018 857 2074 ipsa
887 2019 1002 2055 verba
1040 2017 1248 2065 Sapphicae
1286 2017 1462 2064 strophae
1494 2017 1702 2053 clausulam

170 2065 348 2111 efficiunt,
373 2068 412 2102 et
436 2066 654 2102 Theocritus
680 2068 816 2122 aperte
833 2066 1001 2103 imitatus
1027 2069 1100 2112 est,
1125 2066 1191 2112 qni
1210 2065 1340 2102 Alcaei
1365 2064 1527 2119 vestigia
1553 2065 1702 2110 saepius

158 2113 275 2159 legit.
327 2113 422 2150 Sunt
445 2115 573 2150 autem
599 2115 691 2151 haec
716 2114 869 2151 nomina
892 2113 986 2150 alias
1011 2125 1158 2160 quoque
1185 2124 1206 2149 a
1232 2111 1395 2150 librariis
1419 2113 1642 2159 permutata.

266 2185 324 2221 Fr.
351 2189 406 2222 71.
457 2184 704 2222 Commentar.
730 2185 770 2221 in
794 2185 899 2222 Atat.
923 2197 983 2231 ap.
1004 2185 1125 2221 Iriart.
1146 2197 1180 2231 p.
1202 2188 1288 2220 239:
1314 2183 1380 2219 καὶ
1404 2179 1491 2218 τάδ’
1518 2181 1568 2224 ὡς
1592 2180 1702 2229 λόγος

173 2228 215 2268 ἐκ
241 2229 461 2278 navt-'mnu'
440 2245 558 2278 ορωρε
585 2229 670 2269 κατ’
694 2229 860 2269 ’Λλκαῖον
884 2232 950 2269 καὶ
975 2245 1094 2274 ουτως
1119 2230 1254 2278 ἔχοντα
1278 2228 1467 2277 τυγχάνει.

266 2301 324 2340 Fr.
352 2307 407 2339 72.
457 2303 630 2362 Apollon.
656 2304 703 2340 de
727 2315 832 2351 pron.
859 2305 986 2341 363Α.
1019 2303 1095 2340 Καὶ
1119 2299 1223 2347 παρὰ
1255 2306 1334 2343 τοῖς
1365 2301 1551 2342 Αἰολικοῖς
1581 2299 1623 2337 δὲ
1651 2297 1702 2342 ὦς

173 2348 215 2386 ἐν
239 2348 454 2396 παραθέσει
479 2348 734 2396 ανεγνῶσθη.
821 2348 888 2398 ἔμ’
916 2348 1034 2399 αῧτῳ
1055 2354 1129 2388 κτλ.
1172 2349 1303 2386 Alcaei
1328 2349 1429 2385 haud
1455 2349 1567 2384 dubie
1586 2349 1702 2384 verba

171 2398 276 2443 sunt,
307 2397 622 2444 quemadmodum
654 2410 749 2443 quae
755 2365 1020 2456 praecedunt
1038 2397 1212 2456 Sapphus
1243 2396 1300 2443 (fr.
1329 2399 1399 2441 15).
1454 2398 1623 2454 Apparet
1653 2407 1698 2431 ex

171 2426 374 2492 Apollonio
397 2446 573 2503 paradosi
598 2446 786 2487 firmatum
810 2457 887 2483 eene
920 2443 980 2492 ἔμ’
1009 2442 1130 2492 αὕτῳ,
1163 2445 1227 2482 sed
1259 2445 1396 2481 rectius
1429 2441 1577 2492 ἐμαυτῳ
1610 2443 1699 2479 scri-

171 2490 497 2578 ἓὲεήιιξωσαύτω,
531 2490 689 2542 &mingo
679 2505 718 2529 ιιι
738 2493 874 2539 quibus
900 2494 1067 2530 membra
1088 2481 1205 2539 plane
1238 2491 1419 2529 coaluisse
1450 2480 1626 2537 appaiet3
1653 2491 1701 2527 cf.

267 2611 326 2648 Fr.
353 2617 409 2669 ⁷9.
449 2613 633 2680 Adpollou.
660 2612 707 2649 de
731 2622 836 2671 pron.
856 2612 983 2649 388Β·
1007 2609 1096 2670 ’Άσφ
1099 2624 1116 2647 ε
1143 2610 1304 2652 Αἰολεῖς
1329 2606 1390 2646 ὅτ’
1417 2606 1513 2655 ασφ’
1540 2606 1700 2646 ἀπολλυ-

172 2657 322 2717 μένους
342 2658 458 2701 adme·
491 2663 650 2701 Αλκαῖος
681 2658 894 2717 δευτέρῳ.
926 2655 1022 2704 ασφ’
1049 2625 1268 2706 Αφροὶὶοιιὶιιε
1301 2659 1313 2694 l
1365 2657 1404 2703 t,
1439 2658 1503 2694 sed
1533 2657 1607 2693 fuit
1629 2657 1701 2695 for·

173 2709 275 2744 tasso
300 2720 381 2743 οτα
401 2704 487 2753 σφ’.
533 2709 677 2744 Ahrena
695 2695 968 2753 ἀπολλυμένοις
984 2706 1211 2742 emendavit.
1224 2726 1272 2732 —
1290 2705 1342 2740 Be
1371 2705 1439 2742 ker
1457 2704 1552 2742 coni.
1572 2702 1700 2742 σάωσα

175 2754 234 2790 vel
260 2753 417 2792 σάωσεν.
467 2755 586 2792 Cobet
618 2754 723 2791 Mise.
756 2754 844 2790 Crit.
870 2757 940 2789 298
971 2752 1072 2794 σάως
1101 2752 1315 2798 similesque
1346 2753 1482 2788 formas
1512 2753 1623 2799 plane
1653 2754 1700 2790 de

174 2802 299 2838 medio
323 2800 513 2839 tollendas
535 2802 740 2847 existimat,
765 2802 905 2847 quippe
928 2811 1025 2846 quae
1050 2802 1155 2836 ortae
1178 2800 1256 2835 aiut
1279 2811 1324 2836 ex
1342 2800 1500 2846 antiqua
1516 2800 1702 2846 scriptura

174 2850 455 2896 transfigurata.
490 2851 554 2886 aed
586 2851 632 2887 de
664 2852 832 2886 veterum
869 2848 1055 2885 erroribus
1086 2847 1271 2893 simulque
1301 2848 1347 2883 dc
1379 2847 1510 2884 Cobeti
1535 2848 1700 2895 peccatis

174 2907 259 2933 cnm
283 2908 374 2934 cura
397 2908 510 2943 agere
534 2909 607 2934 non
633 2899 691 2934 est
715 2897 824 2933 huius
849 2896 934 2933 loci.
