1864 3126
198 149 285 191 322
539 160 541 163 ’
766 151 956 188 ΡΟΕΤΑΕ
982 152 1157 189 MELICI.

270 256 501 314 στομάτων
533 255 623 301 ἁδὺ
653 257 882 303 πνεόντων
1050 259 1156 317 μετὰ
1187 263 1268 305 τοῦ
1298 264 1438 306 καλοῦ
1470 266 1644 308 Λυαίου

200 341 242 372 10
267 328 470 385 προχέων
501 332 671 385 λίγειαν
703 328 853 387 ὀμφήν
1048 332 1122 382 καὶ
1153 334 1230 388 τῆς
1258 334 1395 389 καλῆς
1425 332 1645 392 Κυθήρης

266 397 376 443 κατὰ
407 403 632 456 πηκτίδων
664 398 840 458 ἀθύρει.
981 415 1022 446 15
1048 401 1128 447 τὸν
1161 402 1379 461 ἐπήρατον
1410 413 1607 462 γεραιοῖς

267 468 291 514 6
325 469 367 515 δ’
391 469 535 529 ’Ἐρως
566 469 591 518 ὃ,
621 475 913 529 χρυσοχαίτας
1048 476 1200 530 κῶμον
1231 472 1396 532 μέτεισι
1427 477 1607 533 χαίρων.

868 605 938 647 42.
971 605 1046 659 [5.]

631 687 762 721 ΑΛΛΟ
788 687 996 722 ΟΜΟΙΩΣ
1018 688 1271 724 ΩιιΔΛΡΙΟΝ.

269 766 328 811 Τὸ
355 767 495 825 ῥόδον
520 766 570 812 τὸ
596 770 687 812 τῶν
706 766 908 826 Ἐρώτων
1047 770 1202 827 ῥόδον,
1235 764 1270 830 ᾦ
1294 779 1396 822 παῖς
1422 768 1445 815 6
1472 769 1690 827 Κυθήρης

263 840 456 896 μίξωμεν
487 838 720 897 Διονύσῳ·
977 854 1021 885 10
1046 840 1250 898 στέφεται
1280 841 1443 894 καλοὺς
1475 842 1654 893 ἰούλους

261 908 312 954 τὸ
347 909 485 966 ῥόδον
516 909 566 954 τὸ
598 914 901 967 καλλίφυλλον
1045 916 1282 970 Χαρίτεσσι
1314 911 1610 970 συγχορεύων.

259 980 553 1039 κροτάφοισιν
586 979 859 1040 ἁρμόσαντες
1045 983 1209 1037 στέψον
1229 978 1312 1028 οὗν
1332 1001 1398 1040 με,
1411 983 1485 1027 καὶ
1498 986 1687 1041 λυρίζων

213 1063 234 1094 5
260 1055 458 1108 πίνωμεν
467 1050 606 1137 ἁβρὰ
638 1056 862 1109 γελωντες.
1042 1053 1160 1112 παρὰ
1175 1063 1283 1110 σοῖς,
1299 1053 1511 1110 Διόνυσε,
1526 1062 1691 1110 σηκοῖς,

261 1122 416 1179 ῥόδον,
449 1117 484 1167 ὠ
510 1122 722 1182 φέριστον
748 1123 903 1180 ἄνθος,
1042 1125 1147 1182 μετὰ
1179 1125 1344 1184 κούρης
1375 1124 1669 1182 βαθυκόλπου

259 1193 399 1250 ῥόδον
431 1199 579 1252 εἴαρος
609 1195 795 1252 μέλημα,
972 1210 1014 1240 15
1041 1199 1264 1252 ῥοδίνοισι
1297 1199 1607 1253 στεφανίσκοις

261 1264 391 1323 [ῥόδα
422 1265 496 1309 καὶ
520 1271 669 1310 θεοῖσι
699 1266 901 1324 τερπνά·]
1039 1267 1374 1325 πεπυκασμένος
1404 1266 1615 1325 χορεύσω.

188 1406 552 1453 κοῦροι.1111)1’0.110
583 1407 782 1464 pluralem
799 1408 975 1445 inferenti
1005 1409 1127 1445 fraudi
1164 1410 1237 1445 fuit
1260 1409 1519 1445 versificatoris
1544 1409 1715 1454 infantia,

188 1456 252 1500 qui
281 1455 371 1491 satis
398 1456 526 1500 inepte
552 1452 743 1500 στομάτων
771 1456 809 1491 et
832 1458 1023 1502 πηκτίδων
1049 1456 1244 1503 pluraliter
1269 1456 1414 1493 extulit.
1445 1478 1490 1482 —
1521 1456 1565 1492 V.
1601 1461 1644 1492 10
1675 1438 1715 1492 et,

190 1507 231 1537 11
258 1502 298 1538 in
331 1503 409 1539 cod.
444 1503 482 1538 et
511 1502 625 1548 vulgo
662 1503 809 1539 inverso
841 1504 968 1540 ordine
999 1504 1191 1550 leguntur,
1223 1515 1316 1562 quos
1347 1503 1495 1548 traieci,
1526 1505 1569 1539 ut
1600 1503 1712 1540 libi-a—

187 1550 340 1596 riorum,
364 1561 441 1585 non
466 1549 657 1595 scriptoris
683 1561 844 1587 errorem
869 1552 1052 1588 tollerem.
1092 1573 1136 1578 ——
1168 1550 1338 1598 προχέων
1370 1579 1378 1588 .
1411 1581 1419 1588 .
1451 1532 1591 1597 οἶθύρει
1627 1551 1712 1587 scri-

190 1633 260 1678 psi,
287 1633 367 1670 cod.
393 1610 569 1678 nooxbglv
594 1635 633 1669 et
657 1629 835 1679 αθύρειν,
869 1634 1080 1688 Stephanus
1093 1631 1271 1691 αθύρων
1296 1633 1449 1679 προχέει
1480 1633 1616 1690 edidit,
1647 1633 1713 1669 sed

186 1680 293 1716 illam
319 1691 466 1726 quoque
493 1680 714 1726 scripturam
742 1682 907 1739 agnovit.
934 1703 976 1707 —
1010 1680 1106 1717 κατὰ
1133 1683 1336 1738 πηκτίδων,
1367 1681 1516 1726 requiro
1549 1662 1634 1716 ὑπὸ
1659 1693 1710 1725 π.,

186 1727 233 1763 cf:
258 1728 294 1763 h.
326 1727 433 1765 Hom.
467 1727 507 1762 in
532 1729 671 1764 Panem
699 1732 742 1763 15
776 1727 948 1764 δονακων
982 1725 1056 1765 ὕπο
1091 1730 1236 1775 μοῦσαν
1262 1725 1432 1774 ἀθύρων.
1469 1729 1568 1764 Fort.
1601 1709 1710 1774 μετὰ

186 1787 432 1822 scribendum.
460 1808 502 1812 —
529 1787 572 1823 V.
602 1791 644 1823 12
672 1788 752 1824 cod.
778 1787 1035 1834 χρυσοχαίτας,
1062 1800 1136 1834 qua
1155 1788 1402 1834 ambiguitate
1421 1787 1619 1834 prosodiae
1637 1799 1712 1823 11011

184 1836 269 1869 utar
303 1834 351 1869 ad
384 1833 566 1870 aeolicam
598 1835 759 1870 formam
791 1836 1048 1871 revocandam.
1084 1857 1127 1861 -
1162 1836 1206 1872 V.
1235 1840 1289 1871 14.
1322 1835 1405 1881 καὶ,
1436 1836 1575 1871 Baxter
1606 1832 1710 1881 μετὰ,

184 1882 283 1926 quod
310 1893 393 1916 cum
420 1880 495 1927 alii,
522 1883 602 1917 tum
627 1894 746 1928 nuper
777 1883 874 1919 Rose
908 1883 1170 1928 probaverunt.
1202 1904 1246 1909 —
1278 1864 1462 1928 Κυθήρης
1488 1883 1710 1929 Stephanus,

183 1952 263 2005 cod.
289 1943 506 1998 κυθερειας.
556 1953 691 1989 Totum
717 1965 864 1990 versum
889 1954 1088 1990 Mehlhorn
1119 1953 1364 1999 probabiliter
1398 1955 1523 1989 censet
1555 1952 1708 1989 subditi-

151 2045 153 2047 ,
184 1999 280 2035 0111111
307 2011 397 2035 esse.
427 2020 468 2025 —
495 2000 539 2036 V.
568 2004 622 2036 16.
650 1999 789 2046 μέτεισι
817 2001 1038 2060 Stephanus,
1065 2002 1142 2037 cod.
1170 2001 1335 2060 μεθίησι.

277 2051 333 2082 42.
385 2046 474 2083 Cod.
506 2047 545 2082 in
576 2058 693 2105 marg.
729 2047 783 2089 εἰς
815 2046 940 2094 ῥόδον.
982 2069 1026 2074 -·
1061 2049 1104 2085 V.
1133 2053 1164 2083 1.
1197 2045 1313 2093 ῥόδον
1345 2048 1426 2084 cod.
1458 2058 1580 2093 supra,
1611 2047 1710 2083 infra

182 2091 316 2140 ῥόδων.
345 2115 388 2120 -
415 2094 459 2129 V.
486 2098 517 2130 2.
546 2093 731 2144 Διονύσῳ,
758 2095 838 2132 cod.
864 2096 915 2144 τῷ
943 2093 1128 2144 Διονύσῳ,
1155 2096 1220 2131 sed
1244 2096 1295 2143 τῷ
1322 2094 1500 2151 expunxit
1523 2094 1707 2132 librarius.

182 2162 226 2167 —-
252 2141 296 2178 V.
324 2146 344 2177 5
370 2141 489 2187 possis
514 2132 704 2179 habiliore
725 2154 878 2179 numero
892 2132 1076 2179 traiicere
1092 2132 1222 2179 verba
1240 2131 1352 2199 ἁβρὰ
1378 2144 1545 2200 πίνωμεν
1571 2143 1708 2188 γελῶν-

182 2203 258 2234 τες,
292 2191 356 2225 sed
388 2188 475 2225 vide
507 2189 555 2224 ad
585 2193 740 2235 40,15,
773 2191 845 2226 huc
875 2190 970 2226 adde
1003 2194 1066 2236 41,
1097 2195 1118 2225 3
1151 2187 1354 2236 μεθύωμεν
1385 2187 1494 2245 ἁβρὰ
1516 2190 1706 2235 γελῶντες.

181 2258 223 2262 -
250 2218 297 2272 V.
325 2242 346 2273 6
363 2258 404 2263 -
423 2241 465 2272 11
500 2237 732 2273 enuntiatum
763 2238 972 2274 absolvitur
1005 2237 1308 2283 compellatione,
1340 2239 1384 2273 ut
1410 2237 1454 2272 fit
1483 2237 1523 2273 in
1558 2237 1707 2283 hymnis

182 2284 278 2329 apud
313 2285 449 2330 lyricos
482 2286 520 2320 et
552 2285 715 2321 scenicos
741 2287 886 2343 poetas·
921 2296 1041 2330 neque
1073 2285 1188 2330 enim,
1220 2285 1319 2330 quod
1342 2284 1455 2321 Rosio
1486 2284 1607 2320 visum
1639 2285 1706 2329 est,

183 2332 421 2368 continuatur
444 2344 478 2368 v.
507 2336 550 2367 12
577 2331 717 2393 στέψον
744 2327 811 2368 οὖν
837 2346 895 2379 με,
921 2332 1055 2389 quibus
1075 2331 1198 2368 verbis
1214 2343 1352 2368 novum
1377 2332 1575 2368 inchoatur
1594 2343 1707 2368 enun-

181 2379 328 2415 tiatum.
361 2400 406 2405 —-
440 2379 483 2414 V.
496 2384 542 2416 ..6
576 2377 710 2426 ῥόδον,
744 2395 790 2424 ω,
825 2381 977 2425 Lennep
1003 2377 1044 2415 τὸ
1078 2377 1191 2438 ῥόδον
1217 2378 1394 2424 φέριστον
1419 2377 1556 2424 ανθος,
1588 2379 1706 2415 Bothe

181 2424 297 2472 ῥόδον
323 2426 406 2472 φέρ.
434 2440 493 2462 αν.
522 2448 566 2453 -
576 2394 641 2463 Q.V
670 2432 700 2464 7.
721 2429 853 2473 εἴαρος
877 2428 1030 2473 Baxter,
1057 2427 1137 2463 cod.
1165 2425 1284 2472 ἐ’.οιρος
1318 2448 1360 2452 --
1395 2427 1438 2462 V.
1465 2430 1497 2462 8.
1523 2426 1705 2471 Importu-

180 2487 266 2510 num
299 2475 371 2510 hoc
402 2474 715 2518 additamentum,
749 2441 849 2520 quood
881 2475 1040 2510 fortasse
1073 2486 1117 2510 ex
1156 2475 1303 2520 perdito
1340 2485 1507 2510 rosarum
1539 2473 1704 2509 encomio

180 2522 460 2579 depromptum,
501 2522 780 2568 circumscripsi
831 2523 1020 2558 Audacter
1050 2522 1205 2558 novavit
1235 2522 1332 2557 Rose
1364 2518 1496 2567 ῥόδον,
1523 2515 1551 2555 ὦ
1576 2522 1703 2556 θεοῖσι

179 2566 357 2614 τερπνόν,
384 2569 560 2615 supplens
586 2569 807 2614 στέφεσθαι.
859 2570 1016 2605 Versum
1042 2568 1282 2604 subditicium
1308 2579 1388 2604 esse
1411 2568 1487 2604 iam
1487 2547 1703 2603 Hermann

180 2617 448 2653 animadvertit
472 2618 654 2662 probante
679 2617 926 2674 Mehlhornio,
952 2616 1016 2662 qui
1042 2627 1190 2652 carmen
1215 2616 1255 2652 in
1277 2616 1355 2674 tres
1375 2615 1547 2661 strophas
1572 2614 1701 2671 quino-

180 2677 262 2699 rum
287 2675 460 2700 versuum
485 2664 640 2711 redegit.
673 2685 717 2691 -—
750 2665 792 2700 V.
821 2669 852 2700 9.
880 2658 908 2712 ᾦ
933 2664 1140 2709 Hermann,
1166 2663 1245 2699 cod.
1272 2660 1304 2699 6.
1339 2683 1382 2689 —-
1412 2662 1458 2698 V.
1485 2666 1539 2697 10.
1566 2659 1703 2702 καλοὺς

180 2709 328 2752 ἰούλους
352 2711 478 2754 PauW,
506 2712 584 2747 cod.
611 2715 738 2752 καλοῖς
764 2701 911 2752 ἰούλοις.
946 2732 989 2737 -
1022 2711 1067 2746 V.
1095 2715 1149 2746 12.
1176 2709 1315 2756 στέψον
1347 2723 1416 2745 ουν
1447 2722 1491 2755 με
1518 2708 1582 2744 καὶ
1607 2708 1700 2754 cod„

179 2759 377 2795 Mehlhorn
414 2758 555 2804 στέψον
581 2772 624 2806 με
657 2759 734 2804 καὶ,
759 2760 855 2795 Rose
886 2757 999 2804 στέφε
1026 2772 1096 2794 νυν
1127 2771 1193 2804 με,
1223 2757 1287 2793 καὶ
1310 2760 1354 2793 λυ
1357 2757 1462 2803 ρι’ξω,
1493 2757 1564 2792 1100
1594 2737 1701 2792 vermi

179 2807 380 2842 terminans
407 2807 575 2851 superius
601 2788 845 2842 enuntiatum.
873 2827 916 2832 —
942 2808 1097 2863 λυρίζων
1122 2806 1249 2849 Pauw,
1275 2805 1353 2840 cod.
1357 2770 1523 2849 ρλυρίζω,
1549 2803 1701 2839 Fischei

178 2854 324 2898 λυρίξω.
350 2874 396 2880 -
427 2854 470 2889 V.
499 2858 553 2889 13.
581 2851 757 2899 Διόνυσε,
781 2853 968 2890 Hermann
995 2851 1176 2898 Δεύνυσε,
1209 2862 1284 2898 qua
1313 2851 1431 2888 forma
1454 2850 1563 2887 Teius
1588 2852 1702 2896 poeta

178 2911 265 2935 usus
292 2903 357 2945 est,
384 2912 457 2937 non
482 2901 621 2938 novicii
645 2901 926 2938 versificatores.
