1864 3126
779 152 1054 205 smomnns
1599 166 1687 210 393

244 272 449 330 ’Eageao'
485 272 509 320 ὁ
542 273 685 334 Κριὸς
716 273 800 320 οὐκ
831 274 1013 328 ἀεικέως

248 345 476 400 ἐλθὼν-ἐς
506 345 755 405 εὔδενδρον
786 344 958 404 ἀγλαὸν
993 344 1105 399 Διὸς

246 418 439 476 τέμενος.

816 504 881 547 14.
915 505 956 558 [ι
972 506 1002 547 1.
1006 506 1020 557 J

245 587 601 609 LU-UU-U-

247 662 382 715 Πϊνε,
415 655 508 703 πῖν’
544 658 614 703 ἐπὶ
646 668 910 717 συμφοραῖς.

792 779 815 803 *
834 779 899 823 15.
932 779 1038 834 [15.]
1597 790 1684 821 1122

237 1001 529 1064 Ἱπποτροφία
559 1003 646 1063 γὰρ
678 1003 734 1050 οὐ
766 1004 1013 1065 Ζακύνθῳ,

243 1073 342 1121 ἀλλ’
377 1076 617 1135 ἀρούραισι
648 1076 929 1136 πυροφόροις
960 1074 1130 1122 ὀπαδεῖ.

152 1218 295 1255 tuenda
336 1218 538 1277 Antipatro
575 1220 688 1256 Anth.
727 1220 806 1257 Pal.
844 1219 897 1255 IX
933 1223 1002 1256 567
1048 1217 1209 1261 Λύσιδος
1253 1216 1481 1266 ἆλκυδών,
1519 1217 1684 1267 τερπνὸν

151 1264 308 1312 ἄθυρμα
334 1265 474 1312 Μέθης
498 1267 563 1304 ubi
589 1267 781 1322 corrigunt
805 1264 994 1309 ἁλκυονίς.

243 1314 302 1350 Fr.
331 1319 385 1352 13.
436 1315 559 1352 Schol.
586 1314 737 1373 Aristop
740 1317 775 1351 h.
800 1316 898 1352 Nub.
938 1319 1046 1352 1356:
1089 1312 1208 1362 Ἀρχὴ
1249 1312 1350 1363 ᾠδῆς
1381 1315 1435 1356 εἰς
1467 1313 1584 1362 Κριὸν
1616 1314 1684 1351 τὸν

152 1360 370 1419 Αἰγινήτην·
406 1360 570 1407 ἕπέξαθ’
597 1360 618 1399 ὁ
646 1328 762 1408 Κριὸς
786 1361 856 1399 οὐκ
882 1361 1057 1404 ἄεικέως·
1090 1365 1269 1410 φαίνεται
1301 1363 1343 1399 δὲ
1376 1330 1594 1409 εὐδοκιμεῖν
1620 1363 1685 1398 καὶ

150 1407 343 1456 διαφανὴς
367 1408 479 1447 εἶναι.
528 1411 584 1447 ita
609 1409 731 1447 Schol.
760 1411 838 1448 cod.
859 1411 950 1448 Rav.
973 1413 1011 1447 et
1028 1410 1135 1455 Ven.‚
1161 1411 1260 1447 unde
1286 1410 1548 1447 Schneidewin
1572 1412 1685 1447 antea

149 1457 377 1494 existimavit
401 1469 550 1494 carmen
575 1459 614 1494 in
634 1458 759 1494 Crium
779 1458 959 1495 victorem
979 1458 1160 1505 scriptum
1182 1470 1274 1503 esse,
1301 1460 1434 1505 postea
1459 1459 1684 1495 scholiastae

148 1515 309 1541 errorem
336 1506 506 1552 agnovit:
533 1507 590 1542 est
614 1506 713 1542 enim
732 1506 886 1553 potius
876 1519 914 1542 m
935 1506 1011 1542 orii
1030 1505 1218 1543 aemulum
1239 1487 1403 1564 aliquem
1423 1507 1683 1564 compositum.

147 1552 255 1588 Alius
281 1552 394 1589 schol.
421 1554 533 1590 τοῦτο
559 1553 600 1589 τὸ
628 1553 738 1611 μέλος
756 1555 974 1598 Σιμωνίδου
1001 1551 1041 1598 ἐξ
1069 1551 1257 1590 ἐπινίκου·
1286 1551 1344 1590 έπ.
1370 1551 1391 1590 ὁ
1418 1551 1524 1600 κριὸς
1549 1551 1620 1590 οὐκ
1645 1550 1683 1590 ἆ.

146 1594 194 1646 ἦν
221 1598 264 1636 δὲ
290 1599 497 1660 παλαιστὴς
522 1598 731 1658 Αἰγινήτης.
774 1599 919 1643 Ἄλλως·
946 1603 991 1660 τῇ
1017 1599 1111 1647 πρὸς
1135 1599 1177 1637 τὸ
1206 1602 1300 1645 ζῶον
1325 1603 1506 1659 κοινωνίᾳ
1532 1602 1598 1658 τῆς
1623 1601 1682 1638 λέ-

146 1649 239 1691 ξεως
265 1647 465 1692 συνέπλεξέ
492 1646 561 1690 τὰς
585 1651 787 1690 κοινωνίας
812 1647 832 1685 ὁ
859 1648 1018 1696 ποιητὴς
1047 1649 1186 1695 λέγων
1246 1663 1283 1687 π.
1316 1646 1336 1686 ὁ
1370 1638 1499 1695 κριὸς
1530 1646 1614 1685 οὐκ
1645 1646 1682 1686 ἆ.

147 1692 325 1732 ἐλθὼν.
377 1695 632 1742 .τέμενος.
714 1694 786 1733 .τὸ
816 1695 858 1733 δὲ
887 1694 1033 1743 ἐπέχθη
1059 1697 1124 1732 καὶ
1149 1695 1213 1733 διὰ
1239 1698 1323 1735 τοῦ
1333 1710 1350 1733 ε
1376 1697 1490 1741 ψιλοῦ
1518 1693 1595 1732 ἀπὸ
1616 1697 1683 1733 τοῦ

148 1742 252 1779 πέκη
280 1743 344 1779 καὶ
354 1723 780 1802 διφθογγογραφεῖται
830 1744 917 1781 deni
946 1757 992 1781 ue
1016 1756 1142 1781 rursus
1163 1757 1195 1783 v.
1219 1749 1236 1781 1
1263 1745 1418 1781 affertur
1444 1745 1497 1780 sic
1522 1743 1683 1791 scriptus

148 1787 312 1834 &nc-‘eae'
347 1788 368 1828 ὁ
394 1791 526 1837 καιρὸς
562 1793 642 1838 (sed
675 1793 755 1829 cod.
788 1792 890 1829 Harl.
920 1757 1092 1838 ‘Lustrum’
1131 1790 1151 1828 ὁ
1183 1790 1301 1849 κριὸς)
1340 1790 1421 1829 οὐκ
1460 1789 1684 1837 ἀκαίρως,

151 1849 246 1884 quae
271 1838 386 1875 lectio
413 1841 515 1876 recte
540 1851 579 1876 se
604 1840 773 1885 haberet,
799 1841 831 1877 si
855 1840 1075 1878 adverbium
1098 1841 1147 1876 ad
1173 1837 1300 1877 ἐλθών
1318 1840 1553 1876 referendum
1574 1842 1683 1876 esset.

150 1907 192 1913 —
221 1886 264 1923 V.
294 1891 324 1922 1.
353 1884 532 1933 ἐπέξαθ’,
568 1899 651 1924 οιιιιι
678 1869 779 1934 apati
804 1887 1094 1945 Aristophanem
1119 1887 1186 1924 alii
1210 1888 1373 1934 legerint
1399 1885 1572 1934 ἐπείχθη,
1598 1899 1684 1924 con-

147 1933 254 1989 iicias
286 1934 400 1971 etiam
430 1935 492 1971 hic
523 1935 614 1972 olim
646 1932 824 1979 ἔπείξαθ’
860 1935 1043 1992 scriptum
1073 1935 1205 1980 fuisse,
1239 1935 1305 1971 sed
1339 1936 1433 1971 haec
1463 1936 1576 1972 lectio
1608 1946 1683 1971 non

149 1981 271 2028 magis
296 1982 506 2028 probanda,
533 1994 646 2028 quam
671 1980 768 2020 ἄκαί
765 1997 848 2029 ρ.ως
875 2004 918 2010 -
946 1981 1080 2029 Κριὸς,
1105 1983 1296 2019 Hermann
1321 1986 1435 2027 Κρῐος
1460 1983 1683 2019 adversante

147 2029 375 2074 Aristarcho,
401 2029 474 2066 vid.
498 2010 615 2067 ’Lehrs
641 2031 687 2067 de
713 2031 827 2067 Arist.
853 2031 951 2068 stud.
978 2031 1084 2067 Ηοιιι.
1113 2035 1194 2067 296.
1215 2051 1260 2057 -
1281 2031 1324 2066 V.
1349 2035 1382 2067 2.
1411 2028 1449 2071 ἐς
1474 2027 1682 2076 εὔδενδρον

146 2076 296 2123 scripsi,
321 2077 436 2123 vulgo
462 2077 517 2119 εἰς
541 2078 713 2123 δένδρον,
740 2078 976 2115 Valckenaer
1005 2076 1044 2120 ἐς
1071 2075 1366 2136 ἀγλαόδενδρον,
1391 2079 1583 2115 Hermann
1609 2090 1683 2114 non

147 2125 248 2161 recte
272 2124 464 2161 trimetros
488 2126 700 2184 restituens,
727 2123 880 2170 §negas
894 2121 972 2183 ἆρ’
1001 2153 1008 2161 .
1095 2127 1233 2170 δενδρ
1243 2122 1344 2162 εῶν’
1373 2123 1579 2162 ἐσελθών
1606 2125 1682 2182 (vel

146 2170 441 2265 δέῖδρεδωνδέσ.)
468 2171 624 2219 τέμενος
655 2155 798 2220 ἀγλαὸν
833 2171 941 2218 Διός,
981 2174 1128 2210 Hecker
1160 2171 1285 2210 έλθών
1317 2173 1372 2215 εἰς
1402 2172 1557 2220 τέμενος
1590 2170 1683 2214 Διὸς

147 2232 195 2265 ay
219 2232 267 2255 αο
295 2233 336 2255 εν
386 2233 430 2256 ον

250 2266 308 2304 Fr.
331 2271 385 2303 14.
429 2268 621 2323 Aristoph.
646 2268 743 2315 qu.
768 2273 855 2305 405·
874 2266 1033 2326 ’Ἀισαιμι
1058 2283 1130 2315 γαρ
1155 2267 1236 2305 τότ’
1264 2282 1312 2304 αν
1338 2266 1471 2324 μόνον
1498 2272 1583 2304 πῖνε
1605 2264 1681 2303 πῖν’

155 2310 218 2350 ἐπὶ
243 2319 464 2372 συμφοραῖς.
514 2315 579 2351 ubi
605 2314 838 2353 801101.τότε
863 2330 948 2362 γαρ,
974 2318 1103 2363 φησίν,
1130 2314 1342 2372 ἐπᾴσαιμί
1336 2328 1395 2352 σοι
1420 2314 1461 2351 τὸ
1483 2317 1681 2357 Σιμωνί-

155 2363 234 2397 δου
261 2359 409 2407 μέλος·
436 2365 567 2408 Πῖνε,
592 2361 686 2399 πῖν’
715 2362 762 2400 ἐν
788 2369 887 2406 ταῖς
913 2369 1181 2423 συμφοραῖς.
1227 2362 1268 2400 ἐκ
1294 2364 1369 2400 τῶν
1394 2364 1611 2421 Σιμωνίδου
1638 2361 1679 2399 δὲ

154 2409 266 2445 τοῦτο
295 2411 418 2466 Τεθρ
426 2411 586 2446 ίππων.
636 2409 678 2447 τὸ
704 2410 746 2447 δὲ
773 2417 1030 2458 συμφοραῖς
1065 2409 1132 2448 ἐπ’
1172 2409 1335 2452 ἐσθλοῖς·
1362 2412 1436 2447 τῶν
1462 2409 1585 2456 μέσων
1610 2408 1682 2455 γὰρ

152 2452 176 2502 ἡ
198 2468 387 2503 συμφορα.
398 2423 714 2493 ⁰Schneidewin·
703 2470 743 2494 ιιι
758 2459 947 2495 Simonide
966 2458 1132 2506 scripsit:
1157 2464 1262 2504 πῖνε,
1287 2456 1369 2494 πιν’
1399 2456 1439 2494 ἐν
1460 2462 1683 2512 συμφοραῖς,

155 2504 470 2587 guemadmodum
495 2505 764 2551 Aristophanes
798 2506 960 2543 scribere
992 2507 1133 2552 potuit,
1166 2507 1230 2543 sed
1262 2518 1408 2542 servare
1440 2505 1504 2541 ille
1535 2505 1683 2550 integra

181 2551 357 2588 imonidis
377 2552 510 2588 maluit
530 2553 654 2597 verba,
674 2554 802 2598 itaque
822 2553 915 2589 haec
933 2554 1098 2598 restitui3
1118 2555 1242 2590 firmat
1261 2558 1387 2590 autem
1401 2554 1515 2589 etiam
1530 2552 1632 2589 Suid.
1646 2564 1681 2588 v.

155 2610 349 2657 συμφορα,
384 2598 449 2636 ubi
474 2603 532 2635 est
558 2597 620 2636 ἐπὶ
646 2601 840 2650 συμφορᾷ,
877 2601 973 2637 adde
997 2600 1438 2647 Eustath.0pusc.‘279,
1467 2605 1527 2636 13:
1560 2602 1683 2645 παῖζε,

153 2643 258 2690 παῖζ’
299 2627 362 2683 ἐπὶ
398 2652 621 2693 συμφοραῖς.
671 2648 727 2683 Ex
757 2637 872 2685 schol.
902 2649 1094 2709 Aristoph.
1131 2649 1334 2685 fluctuante
1372 2629 1573 2684 traditione
1611 2647 1682 2683 for-

153 2696 252 2731 tasse
277 2693 415 2740 aliquis
440 2694 618 2731 coniiciat
642 2695 814 2731 melicum
842 2695 978 2732 dixisse
1002 2701 1102 2740 πῖνε,
1126 2693 1207 2731 πῖν’
1237 2693 1298 2732 ἐπὶ
1325 2694 1514 2736 ἐσθλαῖς
1523 2706 1683 2754 συμφο-

155 2746 253 2786 ραῖς,
280 2742 326 2778 cf.
352 2742 479 2788 Eurip.
504 2741 633 2779 Alcest
664 2747 779 2779 ,116οι
812 2740 947 2788 χοροὺς
972 2739 1035 2779 ἐπ’
1064 2724 1218 2784 ἕσθλαῖς
1243 2745 1494 2789 ξυμφοραῖσιν
1520 2739 1683 2787 ἱστάναι,

155 2788 495 2883 οοιιᾶιιοιιιιιὺαιιιοιιι
528 2790 691 2836 simplici
720 2790 904 2826 vocabulo
936 2795 1147 2836 συμφοραις
1177 2803 1283 2826 usum
1310 2802 1410 2836 esse,
1447 2790 1512 2826 sed
1542 2790 1614 2826 hoc
1643 2790 1681 2825 in

152 2847 211 2872 me
254 2847 276 2872 o
300 2848 340 2873 re
395 2847 444 2873 uo

249 2884 308 2922 Fr.
336 2849 394 2920 lbq
440 2885 628 2921 Plutarch.
655 2886 700 2921 de
726 2885 888 2922 discrim.
913 2885 1021 2942 amic.
1047 2886 1086 2921 et
1109 2885 1209 2922 adul.
1236 2897 1266 2921 c.
1293 2890 1332 2922 2:
1366 2885 1421 2922 ἔτι
1446 2882 1483 2921 δ’
1511 2897 1635 2943 ωσπερ
1661 2882 1682 2921 ὁ

156 2931 371 2978 Σιμωνίδης
394 2929 463 2978 τὴν
488 2931 745 2979 ἴπποτροφίαν
771 2932 886 2979 φησὶν
912 2930 958 2969 οὐ
978 2930 1167 2985 Ζακύνθου
1190 2936 1290 2980 (pars
1309 2933 1490 2970 librorum
1509 2931 1682 2983 λακύθῳ)
