1864 3126
802 92 1016 131 ALCMAN.
1614 94 1670 137 39

278 213 323 246 45
350 199 456 246 οὐδὲ
487 198 596 246 λῶσ’
631 200 700 259 ἑῇ·
732 199 876 245 δοκέει
908 199 994 259 γὰρ
1026 199 1139 259 ἦμεν
1171 199 1284 247 αὕτα

349 270 570 331 ἐμπρεπὴς
600 270 706 328 τώς,
739 269 857 333 ᾧπερ
890 276 942 315 αἴ
967 290 1033 326 τις

350 344 399 389 ἐν
433 354 625 392 ΒΟΤΟΙΟ
656 342 859 388 στάσειεν
890 344 1028 388 ἵππον
1601 358 1669 390 834

347 412 493 473 παγὰν
524 412 815 473 ἀεθλοφόρου
846 414 1158 473 καναχάποὸα,

385 523 394 532 .
420 522 430 532 .
462 484 792 545 ὑποπετριὸίων
824 486 1036 546 ὀνείρων;
1626 501 1667 533 15

131 667 276 715 μαίνει.
326 665 377 703 At
408 666 591 713 chora-goe
621 665 684 702 hic
715 667 871 703 vocatur
896 666 1136 713 Agesichora,
1169 666 1273 703 cuius
1305 667 1434 703 laudes
1459 667 1533 704 iam
1559 671 1672 714 poeta

68 743 80 756 .
131 713 384 763 persequitur,
415 724 491 751 non
521 712 665 761 Agido,
695 715 739 750 ut
767 714 951 751 Ahrensio
981 714 1113 752 visum.
1146 735 1191 741 —
1226 714 1268 751 V.
1295 718 1352 751 45.
1385 711 1476 752 οὐδὲ
1508 713 1598 751 λῶσ’
1626 713 1668 764 ἑῇ

131 785 276 833 soelpsi,
300 785 433 823 charte.
450 787 494 822 ut
512 785 662 822 videtur
680 771 928 832 ΟΥΔΕΑώΕ,
979 787 1054 823 uod
1081 798 1165 823 cum
1184 787 1330 823 Aurora
1348 788 1549 823 memorari
1568 788 1669 824 vide-

131 835 245 881 retur,
269 844 330 870 me
355 837 469 870 antea
492 833 633 870 frustra
658 834 838 879 exercuit,
864 834 929 870 sed
971 835 1026 871 uit
1050 835 1208 871 fortasse
1233 834 1273 870 id
1292 835 1426 881 ipsum,
1452 835 1552 881 quod
1572 847 1669 872 nune

130 881 292 928 restitui,
316 881 371 917 ibi
395 881 588 928 seriptum,
613 891 701 918 nam
727 883 766 918 et
788 882 965 929 prosodia.
984 884 1023 919 et
1047 882 1177 919 littera
1196 883 1229 918 A
1248 883 1437 929 ambigua.
1476 883 1556 919 Hoc
1576 883 1668 919 dicit

131 930 261 976 poete:
294 927 526 976 Agesichora
557 940 677 975 neque
703 930 735 966 si
767 930 861 967 velit
890 941 951 966 me
976 930 1066 966 sinit
1093 931 1153 966 vel
1185 930 1340 970 laudare
1371 931 1431 966 vel
1459 930 1671 977 vituperare

131 977 240 1014 illam
259 975 458 1024 virginem,
477 976 560 1023 ipsa
578 977 678 1013 enim
697 977 834 1014 eximia
859 988 927 1014 sua
951 978 1206 1024 pulcritudine
1232 978 1398 1015 animum
1417 989 1542 1014 meum
1561 978 1673 1025 plane

133 1026 304 1072 occupat.
354 1024 438 1061 Huc
462 1024 620 1061 fortasse
645 1025 804 1071 Hesych.
832 1026 995 1072 spectat:
1020 1027 1138 1062 λῶσα·
1164 1025 1344 1063 θέλουσα.
1383 1027 1530 1062 Ahrens
1557 1023 1670 1062 οὖδα-

158 1069 209 1116 αὶς
235 1069 440 1119 (οὐδαμῶς)
466 1072 640 1118 correxit,
664 1072 777 1119 idque
801 1073 924 1120 ipsum
950 1074 1058 1110 Blass
1084 1074 1177 1110 dicit
1202 1085 1240 1110 se
1266 1074 1304 1110 in
1325 1074 1457 1110 charta
1476 1074 1669 1120 reperisse,

130 1086 232 1157 fland
271 1120 383 1157 dubie
414 1131 514 1158 vana
547 1120 671 1166 specie
702 1121 901 1167 deceptus:
937 1119 1115 1168 οὐδαμῶς
1148 1122 1370 1167 languidum
1404 1121 1504 1158 foret
1541 1133 1670 1159 versus

130 1168 457 1215 complementum,
482 1179 604 1214 neque
631 1179 675 1205 eo
701 1168 885 1205 vocabulo
905 1169 1136 1215 antiquiores
1155 1175 1291 1216 poetae
1312 1171 1478 1206 utuntur.
1503 1191 1546 1195 —
1573 1166 1670 1216 ἥμεν

131 1216 263 1253 charta
287 1227 333 1252 ex
358 1227 463 1262 eom,
489 1217 571 1252 erat
595 1216 711 1263 εἶμεν.
733 1238 776 1243 -
799 1217 842 1254 V.
869 1221 926 1253 46.
955 1214 1147 1264 ἐμπρεπὴς
1180 1220 1223 1254 ut
1254 1217 1346 1253 mihi
1374 1218 1523 1254 videtur
1549 1228 1671 1253 exem·

129 1263 235 1319 plum
259 1263 388 1308 Paris..
414 1263 539 1310 Egger
564 1259 756 1311 εὐπρεπὴς
779 1264 885 1310 legit,
912 1276 983 1311 ego
1010 1266 1153 1302 conieci
1180 1263 1382 1311 ἐκπρεπὴς,
1407 1265 1521 1310 idque
1548 1265 1670 1311 ipsum

129 1323 169 1348 m
206 1311 338 1348 charta
374 1311 451 1358 legi
488 1313 649 1348 testatur
684 1311 804 1348 Blass.
844 1333 887 1338 ——
925 1310 1013 1358 τώς,
1052 1309 1155 1362 ᾧπερ
1188 1315 1235 1349 αἴ
1266 1327 1322 1354 τις
1351 1313 1427 1349 iam
1461 1313 1552 1349 olim
1581 1313 1670 1349 scri-

130 1370 279 1406 pseram
311 1359 399 1406 (nisi
430 1359 532 1406 quod
564 1352 666 1408 ᾧπερ
701 1360 814 1407 dedi),
850 1360 976 1407 Egger
1000 1361 1097 1407 legit
1126 1358 1177 1397 τώ
1204 1361 1276 1397 σῶί
1297 1365 1485 1407 περαῖοις,
1513 1372 1558 1397 ex
1583 1361 1666 1397 Par.

131 1415 523 1476 τωςωῖπεΡΑιοιο,
562 1429 601 1467 in
640 1431 771 1468 charta
803 1432 923 1468 Αιτιο
961 1434 1088 1470 extare
1120 1434 1251 1469 auctor
1288 1432 1407 1469 mass.
1446 1453 1491 1459 —
1535 1431 1578 1468 v.
1612 1436 1668 1469 47.

133 1479 306 1516 ΒΟΤΑΙΟ
331 1490 386 1516 ex.
407 1479 537 1523 Paris„
565 1478 630 1515 sed
651 1479 684 1514 Τ
710 1479 865 1516 incerta..
916 1479 1041 1526 Egger
1066 1478 1205 1528 βάτοις,
1231 1481 1376 1516 Ahrens
1402 1481 1543 1528 βοτοῖς,
1570 1480 1670 1526 quod

135 1527 173 1563 in
200 1526 332 1563 charta
356 1526 433 1572 legi
457 1527 622 1563 testatur
641 1526 759 1571 Blass‚
786 1527 851 1563 sed
871 1527 1091 1565 incredibile
1110 1530 1261 1575 poetam
1281 1527 1552 1574 lepidissimum
1573 1527 1667 1564 adeo

132 1573 290 1621 illepide.
315 1573 594 1628 comparatione
619 1585 726 1610 usum
753 1585 846 1619 esse,
877 1578 919 1611 ut
950 1575 1037 1611 dum
1069 1575 1336 1660 Agesiohoram
1361 1575 1560 1622 praeconio
1588 1573 1671 1612 vult

132 1633 278 1666 ornare,
305 1622 420 1658 choro
445 1621 634 1679 virgmum
660 1622 942 1660 conviciaretur.
992 1623 1088 1669 Equi
1116 1635 1175 1660 em
1200 1634 1345 1670 nequeo
1371 1622 1557 1669 expedire,
1582 1634 1668 1660 nam

130 1665 328 1718 βάτναις
351 1668 375 1705 i.
403 1680 433 1705 e.
462 1682 627 1715 φατνοιις
651 1669 727 1705 sive
753 1668 915 1712 πάτναις
938 1671 1131 1718 proposito
1157 1683 1232 1708 non
1259 1671 1350 1708 satis
1374 1672 1523 1717 aptum,
1548 1681 1669 1716 neque

130 1715 263 1800 godam,-
303 1717 327 1753 i.
360 1727 391 1753 e.
431 1717 609 1764 gregibus
645 1728 846 1763 puerorum
885 1720 1058 1765 correpto.
1094 1719 1217 1765 priore
1256 1719 1403 1764 syllaba
1433 1718 1668 1756 conveniens.

161 1766 231 1803 ort.
251 1761 294 1801 ἐν
313 1766 480 1813 βαθμοῖς
499 1763 558 1801 vel
579 1761 621 1801 ἐν
642 1763 814 1814 βάθροις,
834 1766 858 1802 i.
874 1777 903 1802 e.
926 1764 967 1803 ἐν
988 1768 1171 1815 βαλβῖσιν.
1194 1788 1231 1793 —
1258 1767 1301 1804 V.
1316 1770 1373 1804 48.
1399 1763 1542 1812 παγὰν,
1568 1766 1669 1812 quod

131 1811 349 1849 dubitanter
368 1811 522 1858 conieci,
541 1812 652 1859 plane
672 1811 711 1849 in
730 1813 862 1850 charta
881 1825 1095 1861 comparere
1115 1816 1247 1851 auctor
1272 1815 1331 1851 est
1350 1814 1465 1850 Blass.
1488 1835 1530 1839 —
1552 1827 1668 1850 κανα-

130 1857 315 1907 χά(πο)δα
340 1859 654 1906 quemadmodum
680 1861 851 1908 supplevi
876 1862 1032 1908 agnovit
1050 1862 1089 1898 in
1109 1863 1241 1899 charta
1254 1863 1375 1898 Blass.
1416 1861 1509 1898 Cum
1528 1861 1667 1908 Eggeri

129 1905 832 1992 ...ffifflffgggfflbib...‚
858 1907 1241 1995 Ρὲωᾞῖεαχεδὰ
1262 1908 1595 1993 (θὲῖνταψεξὲρῆὶ
1623 1930 1667 1993 τ

128 1985 325 2088 mue-ita
348 1969 1023 2088 poptgmtsoringsseolsspffigtugfhe‘u
1050 1969 1493 2063 {qgruzugl’etenffsglatis
1514 1968 1668 2059 εοηῗὲἰιίἐ

128 2061 596 2154 ωηῗίἑῗξῗηζεῗθιέιξὲ·
606 2095 627 2135 ὁ
648 2054 1667 2160 ⁸2¹²335335252222¹22:2332‘25‘.520332535‘2323?33³2

128 2143 173 2206 ἠὲ
188 2144 324 2193 νόημα,
337 2147 430 2183 ltem
443 2157 601 2192 somma,
620 2145 724 2194 ψυχὴ
745 2145 784 2184 δ’
806 2146 894 2194 ἠΰτ,
915 2145 1062 2195 ὄνειρος
1075 2145 1336 2196 ἀποπταμένη,
1352 2147 1412 2184 vel
1426 2159 1509 2195 σκιῃ
1525 2148 1669 2190 εἴκελος

128 2208 151 2241 η
180 2193 243 2230 καὶ
271 2189 406 2243 ὀνείρῳ
427 2192 576 2231 ἔπτατο.
621 2196 754 2241 ltaque
779 2196 938 2233 Alcman
964 2197 1144 2233 audacter
1170 2208 1270 2242 sane,
1295 2196 1361 2232 sed
1379 2206 1454 2232 non
1473 2196 1667 2231 invenuste

130 2241 335 2297 hyperbole
354 2252 442 2299 3¹9⁰?
461 2241 621 2278 celerem
640 2253 776 2301 equum
796 2243 893 2300 dixgt
910 2255 1054 2303 sensum
1073 2246 1257 2304 alatosum
1274 2244 1507 2299 somniorum.
1543 2244 1667 2279 Antea

128 2301 388 2374 5331’221’55‘2’.
409 2290 712 2382 :3:255ssss
737 2291 923 2386 ἔὲὲῖἕέῗ
935 2289 1682 2386 J502:223320z25'i'223233d13233‚

127 2385 170 2422 fr.
200 2388 279 2421 130.
306 2383 523 2430 Bernhardy
547 2384 710 2432 Paralip.
737 2389 833 2432 synt.
863 2387 895 2422 11
921 2390 999 2432 67):
1026 2388 1090 2424 sed
1116 2389 1267 2434 poterat
1292 2386 1407 2423 etiam
1431 2386 1481 2434 τῷ
1508 2386 1568 2421 vel
1593 2386 1666 2421 τίνι

129 2432 220 2476 dici,
252 2431 568 2478 quemadmodum
600 2431 714 2469 etiam
746 2434 804 2480 τίη
844 2435 961 2481 (quod
992 2435 1090 2472 male
1115 2435 1296 2471 dirimunt
1320 2435 1371 2470 τί·
1404 2427 1442 2479 ἦ)
1469 2433 1582 2468 dandi
1609 2435 1667 2468 est

129 2491 237 2517 casus
272 2481 311 2516 et
346 2478 473 2516 Latini
509 2479 640 2517 dicunt
674 2491 746 2527 quo
776 2482 867 2519 mihi
896 2484 1095 2527 fortunam.
1153 2483 1227 2519 Sed
1262 2483 1354 2519 haec
1386 2481 1527 2527 pariter
1552 2482 1665 2525 atque

129 2524 247 2574 σαῦμ’
274 2527 298 2564 i.
325 2537 356 2563 e.
388 2527 526 2573 θαῦμα
557 2527 606 2563 ab
631 2527 833 2575 Ahrensio,
863 2527 971 2567 παῖδ’
1007 2530 1097 2566 olim
1130 2542 1154 2566 a
1179 2529 1323 2568 Blaesio
1350 2528 1664 2572 commendatum,

127 2575 324 2612 institutae
339 2574 546 2611 sententiae
561 2586 636 2611 non
654 2575 898 2615 satisfaciunt.
932 2574 1218 2623 ξΤποπετρίδιος
1237 2577 1378 2613 dictum
1399 2587 1464 2621 per
1480 2575 1664 2611 metathe-

129 2622 185 2659 sin
221 2633 289 2670 pro
315 2618 580 2668 ὑποπτερίδιος
605 2622 666 2658 vel
690 2623 816 2670 potius
841 2637 908 2671 per
939 2637 1126 2672 syncopen
1151 2636 1219 2671 pro
1245 2622 1665 2668 ΥΠΟΠΕΤΕΡΙΔΙΟΕ,

128 2669 169 2707 id
200 2669 301 2716 quod
333 2669 445 2717 plane
477 2669 671 2707 confirmat
702 2670 760 2708 Et.
793 2672 843 2708 M.
877 2676 963 2716 783,
995 2677 1057 2709 20:
1095 2670 1374 2717 ὑποπετριὸίων
1405 2667 1564 2715 ὀνείρων
1596 2669 1666 2715 (ita

130 2719 230 2756 certe
255 2717 288 2753 V
314 2728 338 2753 a
362 2729 411 2753 m.
437 2727 509 2754 see.
535 2719 647 2763 atque
674 2716 732 2755 Et.
759 2717 868 2765 Flor.,
894 2720 1008 2766 vulgo
1033 2717 1256 2764 ὑποπτέρων
1282 2715 1335 2754 ὃν.
1357 2747 1363 2754 .
1415 2714 1617 2759 Διονύσιος
1642 2715 1662 2754 ὁ

130 2761 318 2807 Σιδώνιος
338 2764 407 2812 (ita
424 2765 588 2810 Boeckh‚
615 2764 729 2812 vulgo
749 2767 879 2813 σίδιος,
905 2767 936 2803 V
957 2768 1109 2812 σίὸιτος)
1134 2768 1283 2813 πρῶτον
1302 2769 1314 2811 (
1369 2766 1527 2811 πρῶτος)
1546 2762 1662 2812 ταύτῃ

131 2812 174 2860 τῇ
197 2810 350 2862 ἐπιβολῇ
373 2809 568 2859 ἐχρήσατο,
592 2806 689 2860 ᾗπερ
709 2813 871 2859 χρῶνται
889 2812 929 2852 οἱ
944 2816 1206 2861 γραμματικοί,
1226 2811 1437 2860 ὦεπύμβος·
1460 2813 1664 2862 τυμβίδιος,

131 2859 277 2907 παῦρος
302 2861 511 2907 παυρίδιος,
536 2858 667 2907 μοιχὸς
691 2862 885 2908 μοιχίδιος,
911 2859 1048 2909 πτερὸν
1075 2863 1274 2909 πτερίδιος.
1319 2858 1431 2908 ἐχρῆν
1452 2855 1521 2897 οὖν
1541 2859 1663 2897 εἰπεῖν
