<?xml version="1.0" encoding="UTF-8"?>
<!DOCTYPE html PUBLIC "-//W3C//DTD XHTML 1.0 Transitional//EN"
    "http://www.w3.org/TR/xhtml1/DTD/xhtml1-transitional.dtd">
<html xmlns="http://www.w3.org/1999/xhtml" xml:lang="en" lang="en">
 <head>
  <title>
</title>
<meta http-equiv="Content-Type" content="text/html;charset=utf-8" />
  <meta name='ocr-system' content='tesseract 3.04.00' />
  <meta name='ocr-capabilities' content='ocr_page ocr_carea ocr_par ocr_line ocrx_word'/>
</head>
<body>
  <div class='ocr_page' id='page_1' title='image "./poetaelyricigrae03berguoft_0754.png"; bbox 0 0 1864 3126; ppageno 0'>
   <div class='ocr_carea' id='block_1_1' title="bbox 181 206 1228 251">
    <p class='ocr_par' dir='ltr' id='par_1_1' title="bbox 181 206 1228 251">
     <span class='ocr_line' id='line_1_1' title="bbox 181 206 1228 251; baseline -0.005 -1"><span class='ocrx_word' id='word_1_1' title='bbox 181 209 266 250; x_wconf 84' lang='lat'><strong><em>744</em></strong></span> <span class='ocrx_word' id='word_1_2' title='bbox 600 249 603 251; x_wconf 66' lang='lat'>‚</span> <span class='ocrx_word' id='word_1_3' title='bbox 636 206 938 243; x_wconf 81' lang='lat' dir='ltr'><strong>FRAGMENTA</strong></span> <span class='ocrx_word' id='word_1_4' title='bbox 964 206 1228 246; x_wconf 86' lang='lat' dir='ltr'><strong>ADESPOTA.</strong></span> 
     </span>
    </p>
   </div>
   <div class='ocr_carea' id='block_1_2' title="bbox 177 320 1700 696">
    <p class='ocr_par' dir='ltr' id='par_1_2' title="bbox 177 320 1700 696">
     <span class='ocr_line' id='line_1_2' title="bbox 178 320 1700 372; baseline 0.003 -14"><span class='ocrx_word' id='word_1_5' title='bbox 178 322 347 358; x_wconf 76' lang='lat' dir='ltr'>fortasse</span> <span class='ocrx_word' id='word_1_6' title='bbox 373 334 419 359; x_wconf 80' lang='lat' dir='ltr'><strong><em>cx</em></strong></span> <span class='ocrx_word' id='word_1_7' title='bbox 445 321 651 368; x_wconf 72' lang='lat' dir='ltr'><em>Euripidis</em></span> <span class='ocrx_word' id='word_1_8' title='bbox 681 321 981 368; x_wconf 71' lang='lat' dir='ltr'><em>Bellerophonte,</em></span> <span class='ocrx_word' id='word_1_9' title='bbox 1012 320 1183 370; x_wconf 72' lang='lat' dir='ltr'>petitum</span> <span class='ocrx_word' id='word_1_10' title='bbox 1214 334 1383 372; x_wconf 82' lang='lat' dir='ltr'>carmen,</span> <span class='ocrx_word' id='word_1_11' title='bbox 1408 323 1513 372; x_wconf 86' lang='lat' dir='ltr'>quod</span> <span class='ocrx_word' id='word_1_12' title='bbox 1539 323 1700 372; x_wconf 76' lang='lat' dir='ltr'>exhibet-</span> 
     </span>
     <span class='ocr_line' id='line_1_3' title="bbox 177 381 1697 438; baseline 0.003 -16"><span class='ocrx_word' id='word_1_13' title='bbox 177 386 338 424; x_wconf 87' lang='lat' dir='ltr'>Diodor.</span> <span class='ocrx_word' id='word_1_14' title='bbox 371 385 489 424; x_wconf 83' lang='lat' dir='ltr'>Sicul.</span> <span class='ocrx_word' id='word_1_15' title='bbox 522 385 612 423; x_wconf 81' lang='lat' dir='ltr'><strong><em>Exc.</em></strong></span> <span class='ocrx_word' id='word_1_16' title='bbox 647 384 829 435; x_wconf 51' lang='lat' dir='ltr'>Vaalll</span> <span class='ocrx_word' id='word_1_17' title='bbox 860 398 896 434; x_wconf 92' lang='lat' dir='ltr'><strong><em>p.</em></strong></span> <span class='ocrx_word' id='word_1_18' title='bbox 926 386 1026 424; x_wconf 82' lang='lat'><strong>134:</strong></span> <span class='ocrx_word' id='word_1_19' title='bbox 1062 381 1266 437; x_wconf 82' lang='grc' dir='ltr'><strong><em>Τοσαύτην</em></strong></span> <span class='ocrx_word' id='word_1_20' title='bbox 1297 384 1372 437; x_wconf 75' lang='grc' dir='ltr'><strong><em>ἔχει</em></strong></span> <span class='ocrx_word' id='word_1_21' title='bbox 1402 382 1423 426; x_wconf 82' lang='grc' dir='ltr'>ὁ</span> <span class='ocrx_word' id='word_1_22' title='bbox 1455 383 1599 438; x_wconf 85' lang='grc' dir='ltr'><strong><em>χρυσὸς</em></strong></span> <span class='ocrx_word' id='word_1_23' title='bbox 1631 383 1697 426; x_wconf 81' lang='grc' dir='ltr'><strong><em>δύ-</em></strong></span> 
     </span>
     <span class='ocr_line' id='line_1_4' title="bbox 177 445 1699 505; baseline 0.001 -17"><span class='ocrx_word' id='word_1_24' title='bbox 177 465 296 500; x_wconf 88' lang='grc' dir='ltr'><strong><em>ναμιν</em></strong></span> <span class='ocrx_word' id='word_1_25' title='bbox 328 447 390 488; x_wconf 80' lang='grc' dir='ltr'><strong><em>ἐπὶ</em></strong></span> <span class='ocrx_word' id='word_1_26' title='bbox 420 452 528 505; x_wconf 78' lang='grc' dir='ltr'><strong><em>κακῷ</em></strong></span> <span class='ocrx_word' id='word_1_27' title='bbox 559 445 850 501; x_wconf 78' lang='grc' dir='ltr'><strong><em>προτιμώμενος</em></strong></span> <span class='ocrx_word' id='word_1_28' title='bbox 879 445 986 500; x_wconf 78' lang='grc' dir='ltr'><strong><em>παρὰ</em></strong></span> <span class='ocrx_word' id='word_1_29' title='bbox 1025 445 1276 501; x_wconf 70' lang='grc' dir='ltr'><strong><em>ἀνθρώποις,</em></strong></span> <span class='ocrx_word' id='word_1_30' title='bbox 1315 450 1359 490; x_wconf 78' lang='grc' dir='ltr'><strong><em>οῖ’</em></strong></span> <span class='ocrx_word' id='word_1_31' title='bbox 1388 465 1489 498; x_wconf 87' lang='grc' dir='ltr'><strong><em>τινες</em></strong></span> <span class='ocrx_word' id='word_1_32' title='bbox 1525 447 1591 490; x_wconf 79' lang='grc' dir='ltr'><strong><em>διὰ</em></strong></span> <span class='ocrx_word' id='word_1_33' title='bbox 1626 447 1699 503; x_wconf 83' lang='grc' dir='ltr'><strong><em>τὴν</em></strong></span> 
     </span>
     <span class='ocr_line' id='line_1_5' title="bbox 177 505 1700 567; baseline 0.001 -14"><span class='ocrx_word' id='word_1_34' title='bbox 177 510 400 566; x_wconf 78' lang='grc' dir='ltr'><strong><em>ὑπερβολὴν</em></strong></span> <span class='ocrx_word' id='word_1_35' title='bbox 441 517 509 566; x_wconf 84' lang='grc' dir='ltr'><strong><em>τῆς</em></strong></span> <span class='ocrx_word' id='word_1_36' title='bbox 550 511 649 566; x_wconf 86' lang='grc' dir='ltr'><strong><em>πρὸς</em></strong></span> <span class='ocrx_word' id='word_1_37' title='bbox 691 517 829 555; x_wconf 86' lang='grc' dir='ltr'><strong><em>τοῦτον</em></strong></span> <span class='ocrx_word' id='word_1_38' title='bbox 873 513 1087 566; x_wconf 82' lang='grc' dir='ltr'><strong><em>ἐπιθυμίας</em></strong></span> <span class='ocrx_word' id='word_1_39' title='bbox 1125 510 1217 566; x_wconf 83' lang='grc' dir='ltr'><strong><em>παρ’</em></strong></span> <span class='ocrx_word' id='word_1_40' title='bbox 1259 512 1397 553; x_wconf 78' lang='grc' dir='ltr'><strong><em>ἕκαστα</em></strong></span> <span class='ocrx_word' id='word_1_41' title='bbox 1435 505 1700 567; x_wconf 85' lang='grc' dir='ltr'><strong><em>προφέρονται</em></strong></span> 
     </span>
     <span class='ocr_line' id='line_1_6' title="bbox 177 573 1698 632; baseline 0.001 -15"><span class='ocrx_word' id='word_1_42' title='bbox 177 573 340 626; x_wconf 81' lang='grc' dir='ltr'><strong><em>τούτους</em></strong></span> <span class='ocrx_word' id='word_1_43' title='bbox 379 575 470 627; x_wconf 84' lang='grc' dir='ltr'><strong><em>τοὺς</em></strong></span> <span class='ocrx_word' id='word_1_44' title='bbox 514 579 665 631; x_wconf 81' lang='grc' dir='ltr'><strong><em>στίχους</em></strong></span> <span class='ocrx_word' id='word_1_45' title='bbox 704 581 780 618; x_wconf 85' lang='grc' dir='ltr'><strong><em>τῶν</em></strong></span> <span class='ocrx_word' id='word_1_46' title='bbox 821 581 994 630; x_wconf 85' lang='grc' dir='ltr'><strong><em>ποιητῶν</em></strong></span> <span class='ocrx_word' id='word_1_47' title='bbox 1038 574 1278 632; x_wconf 77' lang='lat' dir='ltr'>(sequuntur</span> <span class='ocrx_word' id='word_1_48' title='bbox 1315 580 1517 629; x_wconf 80' lang='lat' dir='ltr'>Euripidis</span> <span class='ocrx_word' id='word_1_49' title='bbox 1557 576 1698 632; x_wconf 81' lang='lat' dir='ltr'>iambi)</span> 
     </span>
     <span class='ocr_line' id='line_1_7' title="bbox 177 639 1490 696; baseline 0.001 -14"><span class='ocrx_word' id='word_1_50' title='bbox 177 642 243 682; x_wconf 81' lang='grc' dir='ltr'><strong><em>καὶ</em></strong></span> <span class='ocrx_word' id='word_1_51' title='bbox 273 639 319 683; x_wconf 78' lang='grc' dir='ltr'><strong><em>τὰ</em></strong></span> <span class='ocrx_word' id='word_1_52' title='bbox 353 639 418 682; x_wconf 79' lang='grc' dir='ltr'><strong><em>διὰ</em></strong></span> <span class='ocrx_word' id='word_1_53' title='bbox 449 645 527 683; x_wconf 79' lang='grc' dir='ltr'><strong><em>τῶν</em></strong></span> <span class='ocrx_word' id='word_1_54' title='bbox 558 646 685 695; x_wconf 83' lang='grc' dir='ltr'><strong><em>μελῶν</em></strong></span> <span class='ocrx_word' id='word_1_55' title='bbox 715 642 959 695; x_wconf 81' lang='grc' dir='ltr'><strong><em>πεποιημένα</em></strong></span> <span class='ocrx_word' id='word_1_56' title='bbox 991 639 1149 696; x_wconf 84' lang='lat' dir='ltr'>(Nauck</span> <span class='ocrx_word' id='word_1_57' title='bbox 1181 645 1229 684; x_wconf 87' lang='lat' dir='ltr'><strong><em>fr.</em></strong></span> <span class='ocrx_word' id='word_1_58' title='bbox 1260 645 1334 684; x_wconf 91' lang='lat' dir='ltr'>inc.</span> <span class='ocrx_word' id='word_1_59' title='bbox 1370 640 1490 696; x_wconf 85' lang='lat'>102):</span> 
     </span>
    </p>
   </div>
   <div class='ocr_carea' id='block_1_3' title="bbox 248 723 1698 1244">
    <p class='ocr_par' dir='ltr' id='par_1_3' title="bbox 248 723 1698 1244">
     <span class='ocr_line' id='line_1_8' title="bbox 286 723 1618 791; baseline 0.001 -14"><span class='ocrx_word' id='word_1_60' title='bbox 286 731 335 777; x_wconf 80' lang='grc' dir='ltr'><em>Ὦ</em></span> <span class='ocrx_word' id='word_1_61' title='bbox 366 736 494 790; x_wconf 82' lang='grc' dir='ltr'><em>χρυσέ,</em></span> <span class='ocrx_word' id='word_1_62' title='bbox 525 734 728 790; x_wconf 72' lang='grc' dir='ltr'><em>βλάστημα</em></span> <span class='ocrx_word' id='word_1_63' title='bbox 759 733 919 790; x_wconf 83' lang='grc' dir='ltr'><strong><em>χθονός,</em></strong></span> <span class='ocrx_word' id='word_1_64' title='bbox 952 733 1038 778; x_wconf 79' lang='grc' dir='ltr'><strong><em>οἷον</em></strong></span> <span class='ocrx_word' id='word_1_65' title='bbox 1070 736 1192 790; x_wconf 72' lang='grc' dir='ltr'><strong><em>ἔρωτα</em></strong></span> <span class='ocrx_word' id='word_1_66' title='bbox 1223 723 1420 790; x_wconf 79' lang='grc' dir='ltr'><strong><em>βροτοῖσιν</em></strong></span> <span class='ocrx_word' id='word_1_67' title='bbox 1452 737 1618 791; x_wconf 84' lang='grc' dir='ltr'><strong><em>φλέγεις,</em></strong></span> 
     </span>
     <span class='ocr_line' id='line_1_9' title="bbox 297 797 1078 855; baseline -0.001 -14"><span class='ocrx_word' id='word_1_68' title='bbox 297 797 458 842; x_wconf 85' lang='grc' dir='ltr'><strong><em>πάντων</em></strong></span> <span class='ocrx_word' id='word_1_69' title='bbox 489 799 674 854; x_wconf 76' lang='grc' dir='ltr'><strong><em>κράτιστε,</em></strong></span> <span class='ocrx_word' id='word_1_70' title='bbox 706 800 865 843; x_wconf 80' lang='grc' dir='ltr'><strong><em>πάντων</em></strong></span> <span class='ocrx_word' id='word_1_71' title='bbox 895 799 1078 855; x_wconf 80' lang='grc' dir='ltr'><em>τύραννε·</em></span> 
     </span>
     <span class='ocr_line' id='line_1_10' title="bbox 294 864 702 920; baseline 0.005 -14"><span class='ocrx_word' id='word_1_72' title='bbox 294 870 472 919; x_wconf 82' lang='grc' dir='ltr'><strong><em>πολεμεῖς</em></strong></span> <span class='ocrx_word' id='word_1_73' title='bbox 504 864 540 906; x_wconf 87' lang='grc' dir='ltr'><strong><em>δ’</em></strong></span> <span class='ocrx_word' id='word_1_74' title='bbox 563 864 702 920; x_wconf 75' lang='grc' dir='ltr'><strong><em>’Ἁρεος</em></strong></span> 
     </span>
     <span class='ocr_line' id='line_1_11' title="bbox 295 928 1271 989; baseline -0.001 -17"><span class='ocrx_word' id='word_1_75' title='bbox 295 929 486 984; x_wconf 82' lang='grc' dir='ltr'><strong><em>κρείσσον’</em></strong></span> <span class='ocrx_word' id='word_1_76' title='bbox 522 932 622 985; x_wconf 75' lang='grc' dir='ltr'><strong><em>ἔχων</em></strong></span> <span class='ocrx_word' id='word_1_77' title='bbox 653 930 837 985; x_wconf 82' lang='grc' dir='ltr'><strong><em>δύναμιν,</em></strong></span> <span class='ocrx_word' id='word_1_78' title='bbox 868 935 914 989; x_wconf 74' lang='grc' dir='ltr'><strong><em>τᾷ</em></strong></span> <span class='ocrx_word' id='word_1_79' title='bbox 945 928 1073 971; x_wconf 81' lang='grc' dir='ltr'><strong><em>πάντα</em></strong></span> <span class='ocrx_word' id='word_1_80' title='bbox 1104 930 1271 986; x_wconf 77' lang='grc' dir='ltr'><strong><em>θέλγεις·</em></strong></span> 
     </span>
     <span class='ocr_line' id='line_1_12' title="bbox 248 993 1138 1053; baseline -0.001 -16"><span class='ocrx_word' id='word_1_81' title='bbox 248 1006 268 1037; x_wconf 86' lang='grc'>5</span> <span class='ocrx_word' id='word_1_82' title='bbox 295 997 356 1037; x_wconf 78' lang='grc' dir='ltr'><strong><em>ἐπὶ</em></strong></span> <span class='ocrx_word' id='word_1_83' title='bbox 387 994 461 1050; x_wconf 77' lang='grc' dir='ltr'><strong><em>γὰρ</em></strong></span> <span class='ocrx_word' id='word_1_84' title='bbox 488 993 683 1049; x_wconf 87' lang='grc' dir='ltr'><strong><em>Ὀρφείαις</em></strong></span> <span class='ocrx_word' id='word_1_85' title='bbox 714 995 785 1049; x_wconf 84' lang='grc' dir='ltr'><strong><em>μὲν</em></strong></span> <span class='ocrx_word' id='word_1_86' title='bbox 817 993 937 1053; x_wconf 73' lang='grc' dir='ltr'><strong><em>ᾠδαῖς</em></strong></span> <span class='ocrx_word' id='word_1_87' title='bbox 1118 1014 1138 1025; x_wconf 43' lang='lat' dir='ltr'>x</span> 
     </span>
     <span class='ocr_line' id='line_1_13' title="bbox 295 1058 1200 1115; baseline -0.001 -13"><span class='ocrx_word' id='word_1_88' title='bbox 295 1062 419 1102; x_wconf 77' lang='grc' dir='ltr'><strong><em>εἵπετο</em></strong></span> <span class='ocrx_word' id='word_1_89' title='bbox 454 1060 616 1113; x_wconf 85' lang='grc' dir='ltr'><strong><em>δένδρεα</em></strong></span> <span class='ocrx_word' id='word_1_90' title='bbox 647 1061 712 1101; x_wconf 81' lang='grc' dir='ltr'><strong><em>καὶ</em></strong></span> <span class='ocrx_word' id='word_1_91' title='bbox 742 1064 882 1115; x_wconf 82' lang='grc' dir='ltr'><strong><em>θηρῶν</em></strong></span> <span class='ocrx_word' id='word_1_92' title='bbox 913 1058 1061 1114; x_wconf 78' lang='grc' dir='ltr'><strong><em>ἀνόητα</em></strong></span> <span class='ocrx_word' id='word_1_93' title='bbox 1092 1060 1200 1115; x_wconf 85' lang='grc' dir='ltr'><strong><em>γένη,</em></strong></span> 
     </span>
     <span class='ocr_line' id='line_1_14' title="bbox 296 1123 1698 1180; baseline 0.001 -14"><span class='ocrx_word' id='word_1_94' title='bbox 296 1125 356 1167; x_wconf 89' lang='grc' dir='ltr'><strong><em>σοὶ</em></strong></span> <span class='ocrx_word' id='word_1_95' title='bbox 388 1124 430 1166; x_wconf 81' lang='grc' dir='ltr'><strong><em>δὲ</em></strong></span> <span class='ocrx_word' id='word_1_96' title='bbox 462 1125 527 1166; x_wconf 83' lang='grc' dir='ltr'><strong><em>καὶ</em></strong></span> <span class='ocrx_word' id='word_1_97' title='bbox 558 1123 671 1179; x_wconf 75' lang='grc' dir='ltr'><strong><em>χθών</em></strong></span> <span class='ocrx_word' id='word_1_98' title='bbox 701 1130 808 1166; x_wconf 82' lang='grc' dir='ltr'><strong><em>πᾶσα</em></strong></span> <span class='ocrx_word' id='word_1_99' title='bbox 838 1126 903 1166; x_wconf 82' lang='grc' dir='ltr'><strong><em>καὶ</em></strong></span> <span class='ocrx_word' id='word_1_100' title='bbox 933 1124 1076 1175; x_wconf 82' lang='grc' dir='ltr'><strong><em>πόντος</em></strong></span> <span class='ocrx_word' id='word_1_101' title='bbox 1103 1123 1274 1180; x_wconf 82' lang='grc' dir='ltr'><strong><em>(πολιὸς)</em></strong></span> <span class='ocrx_word' id='word_1_102' title='bbox 1307 1126 1373 1166; x_wconf 83' lang='grc' dir='ltr'><strong><em>καὶ</em></strong></span> <span class='ocrx_word' id='word_1_103' title='bbox 1403 1123 1424 1168; x_wconf 82' lang='grc' dir='ltr'><em>ὅ</em></span> <span class='ocrx_word' id='word_1_104' title='bbox 1456 1123 1698 1180; x_wconf 85' lang='grc' dir='ltr'><strong><em>παμμήστωρ</em></strong></span> 
     </span>
     <span class='ocr_line' id='line_1_15' title="bbox 1016 1189 1149 1244; baseline -0.03 1"><span class='ocrx_word' id='word_1_105' title='bbox 1016 1189 1149 1244; x_wconf 68' lang='grc' dir='ltr'><strong><em>’Ἄρης-</em></strong></span> 
     </span>
    </p>
   </div>
   <div class='ocr_carea' id='block_1_4' title="bbox 175 1288 914 1337">
    <p class='ocr_par' dir='ltr' id='par_1_4' title="bbox 175 1288 914 1337">
     <span class='ocr_line' id='line_1_16' title="bbox 175 1288 914 1337; baseline -0.003 -10"><span class='ocrx_word' id='word_1_106' title='bbox 175 1288 278 1327; x_wconf 74' lang='lat' dir='ltr'><strong>Item</strong></span> <span class='ocrx_word' id='word_1_107' title='bbox 308 1289 518 1337; x_wconf 55' lang='lat' dir='ltr'>Euripidis</span> <span class='ocrx_word' id='word_1_108' title='bbox 548 1288 706 1327; x_wconf 71' lang='lat' dir='ltr'>videt-ur</span> <span class='ocrx_word' id='word_1_109' title='bbox 737 1300 914 1326; x_wconf 83' lang='lat' dir='ltr'>carmen:</span> 
     </span>
    </p>
   </div>
   <div class='ocr_carea' id='block_1_5' title="bbox 248 1371 1696 1698">
    <p class='ocr_par' dir='ltr' id='par_1_5' title="bbox 248 1371 1696 1698">
     <span class='ocr_line' id='line_1_17' title="bbox 296 1371 1696 1433; baseline 0.002 -13"><span class='ocrx_word' id='word_1_110' title='bbox 296 1378 433 1421; x_wconf 85' lang='grc' dir='ltr'><strong><em>Πότνι’</em></strong></span> <span class='ocrx_word' id='word_1_111' title='bbox 470 1375 500 1421; x_wconf 74' lang='grc' dir='ltr'><em>ὦ</em></span> <span class='ocrx_word' id='word_1_112' title='bbox 533 1382 667 1433; x_wconf 80' lang='grc' dir='ltr'><strong><em>σοφία,</em></strong></span> <span class='ocrx_word' id='word_1_113' title='bbox 700 1378 749 1421; x_wconf 85' lang='grc' dir='ltr'><strong><em>σύ</em></strong></span> <span class='ocrx_word' id='word_1_114' title='bbox 781 1397 846 1433; x_wconf 89' lang='grc' dir='ltr'><strong><em>μοι</em></strong></span> <span class='ocrx_word' id='word_1_115' title='bbox 876 1377 1042 1421; x_wconf 74' lang='grc' dir='ltr'><strong><em>ἅνδανε·</em></strong></span> <span class='ocrx_word' id='word_1_116' title='bbox 1593 1371 1696 1423; x_wconf 52' lang='grc' dir='ltr'><strong><em>ῥ1361</em></strong></span> 
     </span>
     <span class='ocr_line' id='line_1_18' title="bbox 295 1442 1099 1499; baseline -0.001 -13"><span class='ocrx_word' id='word_1_117' title='bbox 295 1443 416 1499; x_wconf 79' lang='grc' dir='ltr'><strong><em>ὄλβου</em></strong></span> <span class='ocrx_word' id='word_1_118' title='bbox 449 1443 485 1486; x_wconf 86' lang='grc' dir='ltr'><strong><em>δ’</em></strong></span> <span class='ocrx_word' id='word_1_119' title='bbox 522 1445 606 1498; x_wconf 77' lang='grc' dir='ltr'><strong><em>ἐμοὶ</em></strong></span> <span class='ocrx_word' id='word_1_120' title='bbox 637 1442 689 1498; x_wconf 86' lang='grc' dir='ltr'><strong><em>μὴ</em></strong></span> <span class='ocrx_word' id='word_1_121' title='bbox 721 1445 888 1498; x_wconf 81' lang='grc' dir='ltr'><strong><em>χρυσέου</em></strong></span> <span class='ocrx_word' id='word_1_122' title='bbox 920 1443 1099 1498; x_wconf 84' lang='grc' dir='ltr'><strong><em>φαεννάν</em></strong></span> 
     </span>
     <span class='ocr_line' id='line_1_19' title="bbox 295 1508 1428 1564; baseline 0.001 -13"><span class='ocrx_word' id='word_1_123' title='bbox 295 1508 434 1551; x_wconf 82' lang='grc' dir='ltr'><strong><em>ἆκτῖνα</em></strong></span> <span class='ocrx_word' id='word_1_124' title='bbox 465 1512 618 1563; x_wconf 89' lang='grc' dir='ltr'><strong><em>δαίμων</em></strong></span> <span class='ocrx_word' id='word_1_125' title='bbox 651 1511 780 1563; x_wconf 80' lang='grc' dir='ltr'><strong><em>διδοίη</em></strong></span> <span class='ocrx_word' id='word_1_126' title='bbox 813 1512 955 1563; x_wconf 84' lang='grc' dir='ltr'><strong><em>σοφίας</em></strong></span> <span class='ocrx_word' id='word_1_127' title='bbox 984 1508 1111 1564; x_wconf 86' lang='grc' dir='ltr'><strong><em>πάρος</em></strong></span> <span class='ocrx_word' id='word_1_128' title='bbox 1141 1508 1166 1564; x_wconf 77' lang='grc' dir='ltr'>ἢ</span> <span class='ocrx_word' id='word_1_129' title='bbox 1200 1513 1428 1564; x_wconf 81' lang='grc' dir='ltr'><strong><em>τυραννίδα·</em></strong></span> 
     </span>
     <span class='ocr_line' id='line_1_20' title="bbox 295 1572 611 1624; baseline 0 -8"><span class='ocrx_word' id='word_1_130' title='bbox 295 1572 392 1624; x_wconf 88' lang='grc' dir='ltr'><strong><em>Διὸς</em></strong></span> <span class='ocrx_word' id='word_1_131' title='bbox 422 1573 611 1616; x_wconf 75' lang='grc' dir='ltr'><strong><em>ἀπωτάτω</em></strong></span> 
     </span>
     <span class='ocr_line' id='line_1_21' title="bbox 248 1639 1134 1698; baseline -0.001 -16"><span class='ocrx_word' id='word_1_132' title='bbox 248 1652 268 1682; x_wconf 87' lang='lat'>5</span> <span class='ocrx_word' id='word_1_133' title='bbox 295 1646 426 1692; x_wconf 83' lang='grc' dir='ltr'><strong><em>κεῖται,</em></strong></span> <span class='ocrx_word' id='word_1_134' title='bbox 458 1639 576 1690; x_wconf 80' lang='grc' dir='ltr'><strong><em>καλὸς</em></strong></span> <span class='ocrx_word' id='word_1_135' title='bbox 607 1639 812 1695; x_wconf 80' lang='grc' dir='ltr'><strong><em>θησαυρὸς</em></strong></span> <span class='ocrx_word' id='word_1_136' title='bbox 844 1639 918 1698; x_wconf 75' lang='grc' dir='ltr'><strong><em>ὅτῳ</em></strong></span> <span class='ocrx_word' id='word_1_137' title='bbox 950 1640 1134 1694; x_wconf 83' lang='grc' dir='ltr'><strong><em>προσέβα.</em></strong></span> 
     </span>
    </p>
   </div>
   <div class='ocr_carea' id='block_1_6' title="bbox 174 1734 1700 1986">
    <p class='ocr_par' dir='ltr' id='par_1_6' title="bbox 174 1734 1700 1986">
     <span class='ocr_line' id='line_1_22' title="bbox 175 1734 1698 1792; baseline -0.001 -13"><span class='ocrx_word' id='word_1_138' title='bbox 175 1740 253 1779; x_wconf 87' lang='lat' dir='ltr'><strong><em>vid.</em></strong></span> <span class='ocrx_word' id='word_1_139' title='bbox 285 1739 400 1778; x_wconf 89' lang='lat' dir='ltr'>Diod.</span> <span class='ocrx_word' id='word_1_140' title='bbox 433 1737 506 1776; x_wconf 80' lang='lat' dir='ltr'>Sic.</span> <span class='ocrx_word' id='word_1_141' title='bbox 539 1738 631 1776; x_wconf 85' lang='lat' dir='ltr'><strong><em>Exc.</em></strong></span> <span class='ocrx_word' id='word_1_142' title='bbox 662 1738 792 1778; x_wconf 71' lang='lat' dir='ltr'>Vatia.</span> <span class='ocrx_word' id='word_1_143' title='bbox 826 1738 870 1777; x_wconf 88' lang='lat' dir='ltr'><strong><em>T.</em></strong></span> <span class='ocrx_word' id='word_1_144' title='bbox 902 1738 964 1776; x_wconf 94' lang='lat' dir='ltr'><strong><em>III</em></strong></span> <span class='ocrx_word' id='word_1_145' title='bbox 995 1752 1031 1788; x_wconf 89' lang='lat' dir='ltr'><strong><em>p.</em></strong></span> <span class='ocrx_word' id='word_1_146' title='bbox 1067 1739 1168 1777; x_wconf 90' lang='lat'>135:</span> <span class='ocrx_word' id='word_1_147' title='bbox 1200 1736 1339 1777; x_wconf 89' lang='grc' dir='ltr'><strong><em>Καίτοι</em></strong></span> <span class='ocrx_word' id='word_1_148' title='bbox 1369 1752 1411 1790; x_wconf 85' lang='grc' dir='ltr'><strong><em>γε</em></strong></span> <span class='ocrx_word' id='word_1_149' title='bbox 1441 1734 1549 1792; x_wconf 82' lang='grc' dir='ltr'><strong><em>πόσῳ</em></strong></span> <span class='ocrx_word' id='word_1_150' title='bbox 1581 1741 1698 1790; x_wconf 85' lang='grc' dir='ltr'><strong><em>κρεῖτ-</em></strong></span> 
     </span>
     <span class='ocr_line' id='line_1_23' title="bbox 174 1798 1700 1855; baseline 0 -13"><span class='ocrx_word' id='word_1_151' title='bbox 174 1798 243 1842; x_wconf 90' lang='grc' dir='ltr'><strong><em>τόν</em></strong></span> <span class='ocrx_word' id='word_1_152' title='bbox 274 1801 376 1841; x_wconf 81' lang='grc' dir='ltr'><strong><em>ἐστιν</em></strong></span> <span class='ocrx_word' id='word_1_153' title='bbox 401 1800 637 1855; x_wconf 78' lang='grc' dir='ltr'><strong><em>ἐκφέρεσθαι</em></strong></span> <span class='ocrx_word' id='word_1_154' title='bbox 661 1804 739 1841; x_wconf 81' lang='grc' dir='ltr'><strong><em>τῶν</em></strong></span> <span class='ocrx_word' id='word_1_155' title='bbox 763 1798 993 1853; x_wconf 73' lang='grc' dir='ltr'><strong><em>ποιημάτων</em></strong></span> <span class='ocrx_word' id='word_1_156' title='bbox 1017 1798 1062 1841; x_wconf 78' lang='grc' dir='ltr'><strong><em>τὰ</em></strong></span> <span class='ocrx_word' id='word_1_157' title='bbox 1087 1798 1158 1854; x_wconf 79' lang='grc' dir='ltr'><strong><em>τὴν</em></strong></span> <span class='ocrx_word' id='word_1_158' title='bbox 1183 1800 1364 1841; x_wconf 80' lang='grc' dir='ltr'><strong><em>ἐναντίαν</em></strong></span> <span class='ocrx_word' id='word_1_159' title='bbox 1388 1798 1539 1850; x_wconf 83' lang='grc' dir='ltr'><strong><em>τούτοις</em></strong></span> <span class='ocrx_word' id='word_1_160' title='bbox 1564 1801 1700 1855; x_wconf 74' lang='grc' dir='ltr'><strong><em>ἔχοντα</em></strong></span> 
     </span>
     <span class='ocr_line' id='line_1_24' title="bbox 177 1863 1696 1920; baseline 0.001 -14"><span class='ocrx_word' id='word_1_161' title='bbox 177 1863 438 1919; x_wconf 84' lang='grc' dir='ltr'><strong><em>παράκλησιν·</em></strong></span> <span class='ocrx_word' id='word_1_162' title='bbox 468 1863 640 1906; x_wconf 89' lang='grc' dir='ltr'><strong><em>πότνια</em></strong></span> <span class='ocrx_word' id='word_1_163' title='bbox 666 1867 813 1918; x_wconf 86' lang='grc' dir='ltr'><strong><em>σοφία</em></strong></span> <span class='ocrx_word' id='word_1_164' title='bbox 838 1870 914 1907; x_wconf 84' lang='grc' dir='ltr'><strong><em>κτλ.</em></strong></span> <span class='ocrx_word' id='word_1_165' title='bbox 941 1864 1099 1920; x_wconf 85' lang='lat' dir='ltr'>(Nauck</span> <span class='ocrx_word' id='word_1_166' title='bbox 1123 1867 1172 1905; x_wconf 89' lang='lat' dir='ltr'><strong><em>fr.</em></strong></span> <span class='ocrx_word' id='word_1_167' title='bbox 1197 1867 1272 1905; x_wconf 89' lang='lat' dir='ltr'>inc.</span> <span class='ocrx_word' id='word_1_168' title='bbox 1301 1863 1415 1920; x_wconf 85' lang='lat'><strong>103).</strong></span> <span class='ocrx_word' id='word_1_169' title='bbox 1445 1889 1499 1895; x_wconf 92' lang='lat'><strong><em>—-</em></strong></span> <span class='ocrx_word' id='word_1_170' title='bbox 1527 1868 1696 1918; x_wconf 79' lang='lat' dir='ltr'>Tragici,</span> 
     </span>
     <span class='ocr_line' id='line_1_25' title="bbox 175 1926 1700 1986; baseline 0 -14"><span class='ocrx_word' id='word_1_171' title='bbox 175 1946 253 1972; x_wconf 90' lang='lat' dir='ltr'><strong><em>non</em></strong></span> <span class='ocrx_word' id='word_1_172' title='bbox 274 1933 390 1983; x_wconf 86' lang='lat' dir='ltr'>lyrici</span> <span class='ocrx_word' id='word_1_173' title='bbox 409 1934 481 1983; x_wconf 71' lang='lat' dir='ltr'>est,</span> <span class='ocrx_word' id='word_1_174' title='bbox 501 1932 606 1982; x_wconf 85' lang='lat' dir='ltr'>quod</span> <span class='ocrx_word' id='word_1_175' title='bbox 626 1933 735 1971; x_wconf 75' lang='lat' dir='ltr'>extat</span> <span class='ocrx_word' id='word_1_176' title='bbox 754 1932 860 1982; x_wconf 88' lang='lat' dir='ltr'>apud</span> <span class='ocrx_word' id='word_1_177' title='bbox 880 1932 988 1971; x_wconf 76' lang='lat' dir='ltr'><strong>Stob.</strong></span> <span class='ocrx_word' id='word_1_178' title='bbox 1009 1933 1092 1970; x_wconf 82' lang='lat' dir='ltr'><strong><em>Ecl.</em></strong></span> <span class='ocrx_word' id='word_1_179' title='bbox 1107 1932 1225 1982; x_wconf 87' lang='lat' dir='ltr'><strong>Phys.</strong></span> <span class='ocrx_word' id='word_1_180' title='bbox 1240 1931 1260 1969; x_wconf 93' lang='grc' dir='ltr'><strong>Ι</strong></span> <span class='ocrx_word' id='word_1_181' title='bbox 1277 1933 1313 1981; x_wconf 82' lang='grc'><strong><em>2,</em></strong></span> <span class='ocrx_word' id='word_1_182' title='bbox 1329 1933 1381 1970; x_wconf 80' lang='lat'><strong><em>22</em></strong></span> <span class='ocrx_word' id='word_1_183' title='bbox 1398 1926 1556 1985; x_wconf 83' lang='lat' dir='ltr'>(Nauck</span> <span class='ocrx_word' id='word_1_184' title='bbox 1575 1929 1700 1986; x_wconf 85' lang='lat'>402):</span> 
     </span>
    </p>
   </div>
   <div class='ocr_carea' id='block_1_7' title="bbox 247 2022 1311 2337">
    <p class='ocr_par' dir='ltr' id='par_1_7' title="bbox 247 2022 1311 2337">
     <span class='ocr_line' id='line_1_26' title="bbox 294 2022 937 2077; baseline 0 -11"><span class='ocrx_word' id='word_1_185' title='bbox 294 2027 387 2066; x_wconf 82' lang='grc' dir='ltr'><strong><em>Νῦν</em></strong></span> <span class='ocrx_word' id='word_1_186' title='bbox 419 2022 547 2066; x_wconf 76' lang='grc' dir='ltr'><strong><em>οὐκέτι</em></strong></span> <span class='ocrx_word' id='word_1_187' title='bbox 579 2041 644 2077; x_wconf 90' lang='grc' dir='ltr'><strong><em>μοι</em></strong></span> <span class='ocrx_word' id='word_1_188' title='bbox 676 2025 764 2077; x_wconf 86' lang='grc' dir='ltr'><strong><em>δίχα</em></strong></span> <span class='ocrx_word' id='word_1_189' title='bbox 793 2022 937 2077; x_wconf 81' lang='grc' dir='ltr'><strong><em>θυμός,</em></strong></span> 
     </span>
     <span class='ocr_line' id='line_1_27' title="bbox 293 2085 1311 2145; baseline 0 -15"><span class='ocrx_word' id='word_1_190' title='bbox 293 2087 390 2130; x_wconf 77' lang='grc' dir='ltr'><strong><em>ἀλλὰ</em></strong></span> <span class='ocrx_word' id='word_1_191' title='bbox 423 2086 554 2142; x_wconf 84' lang='grc' dir='ltr'><strong><em>σαφὴς</em></strong></span> <span class='ocrx_word' id='word_1_192' title='bbox 587 2086 719 2145; x_wconf 80' lang='grc' dir='ltr'><strong><em>(λόγος</em></strong></span> <span class='ocrx_word' id='word_1_193' title='bbox 749 2085 875 2144; x_wconf 74' lang='grc' dir='ltr'><strong><em>ἔσθ’),</em></strong></span> <span class='ocrx_word' id='word_1_194' title='bbox 907 2086 965 2130; x_wconf 73' lang='grc' dir='ltr'><strong><em>’ὅτι</em></strong></span> <span class='ocrx_word' id='word_1_195' title='bbox 996 2085 1126 2129; x_wconf 86' lang='grc' dir='ltr'><strong><em>πάντα</em></strong></span> <span class='ocrx_word' id='word_1_196' title='bbox 1156 2091 1311 2142; x_wconf 84' lang='grc' dir='ltr'><strong><em>βροτοῖς</em></strong></span> 
     </span>
     <span class='ocr_line' id='line_1_28' title="bbox 294 2152 802 2207; baseline -0.004 -11"><span class='ocrx_word' id='word_1_197' title='bbox 294 2152 396 2204; x_wconf 82' lang='grc' dir='ltr'><strong><em>Ζεὺς</em></strong></span> <span class='ocrx_word' id='word_1_198' title='bbox 426 2152 631 2207; x_wconf 77' lang='grc' dir='ltr'><strong><em>ἐπικάρσια</em></strong></span> <span class='ocrx_word' id='word_1_199' title='bbox 661 2153 802 2206; x_wconf 84' lang='grc' dir='ltr'><strong><em>τέμνει,</em></strong></span> 
     </span>
     <span class='ocr_line' id='line_1_29' title="bbox 293 2216 808 2272; baseline -0.002 -12"><span class='ocrx_word' id='word_1_200' title='bbox 293 2216 476 2260; x_wconf 75' lang='grc' dir='ltr'><strong><em>καθελὼν</em></strong></span> <span class='ocrx_word' id='word_1_201' title='bbox 507 2218 577 2272; x_wconf 79' lang='grc' dir='ltr'><strong><em>μὲν</em></strong></span> <span class='ocrx_word' id='word_1_202' title='bbox 609 2217 808 2270; x_wconf 84' lang='grc' dir='ltr'><strong><em>δοκέοντα,</em></strong></span> 
     </span>
     <span class='ocr_line' id='line_1_30' title="bbox 247 2280 790 2337; baseline -0.002 -12"><span class='ocrx_word' id='word_1_203' title='bbox 247 2293 267 2325; x_wconf 88' lang='grc'>5</span> <span class='ocrx_word' id='word_1_204' title='bbox 294 2280 490 2337; x_wconf 77' lang='grc' dir='ltr'><strong><em>ἀδόκητον</em></strong></span> <span class='ocrx_word' id='word_1_205' title='bbox 522 2281 558 2324; x_wconf 87' lang='grc' dir='ltr'><strong><em>δ’</em></strong></span> <span class='ocrx_word' id='word_1_206' title='bbox 595 2283 790 2337; x_wconf 80' lang='grc' dir='ltr'><strong><em>ἐξαείρων.</em></strong></span> 
     </span>
    </p>
   </div>
   <div class='ocr_carea' id='block_1_8' title="bbox 175 2374 1701 2679">
    <p class='ocr_par' dir='ltr' id='par_1_8' title="bbox 175 2374 1701 2679">
     <span class='ocr_line' id='line_1_31' title="bbox 176 2374 1691 2432; baseline 0 -14"><span class='ocrx_word' id='word_1_207' title='bbox 176 2382 222 2420; x_wconf 95' lang='lat' dir='ltr'><strong><em>V.</em></strong></span> <span class='ocrx_word' id='word_1_208' title='bbox 257 2383 294 2420; x_wconf 79' lang='lat'><strong><em>2,</em></strong></span> <span class='ocrx_word' id='word_1_209' title='bbox 325 2376 439 2432; x_wconf 80' lang='grc' dir='ltr'><strong><em>λόγος</em></strong></span> <span class='ocrx_word' id='word_1_210' title='bbox 471 2375 557 2418; x_wconf 75' lang='grc' dir='ltr'><strong><em>ἔσθ’</em></strong></span> <span class='ocrx_word' id='word_1_211' title='bbox 593 2379 738 2429; x_wconf 87' lang='lat' dir='ltr'>addidi,</span> <span class='ocrx_word' id='word_1_212' title='bbox 769 2392 1007 2429; x_wconf 84' lang='lat' dir='ltr'>quamquam</span> <span class='ocrx_word' id='word_1_213' title='bbox 1040 2375 1135 2429; x_wconf 86' lang='grc' dir='ltr'><strong><em>σάφ’</em></strong></span> <span class='ocrx_word' id='word_1_214' title='bbox 1170 2374 1246 2419; x_wconf 84' lang='grc' dir='ltr'><strong><em>οἷδ’</em></strong></span> <span class='ocrx_word' id='word_1_215' title='bbox 1282 2380 1502 2418; x_wconf 76' lang='lat' dir='ltr'>sententiae</span> <span class='ocrx_word' id='word_1_216' title='bbox 1532 2380 1691 2419; x_wconf 71' lang='lat' dir='ltr'>institu-</span> 
     </span>
     <span class='ocr_line' id='line_1_32' title="bbox 175 2440 1692 2495; baseline 0 -11"><span class='ocrx_word' id='word_1_217' title='bbox 175 2447 241 2484; x_wconf 77' lang='lat' dir='ltr'><strong><em>tae</em></strong></span> <span class='ocrx_word' id='word_1_218' title='bbox 282 2445 520 2493; x_wconf 67' lang='lat' dir='ltr'>sufficiebat,</span> <span class='ocrx_word' id='word_1_219' title='bbox 561 2440 689 2483; x_wconf 80' lang='grc' dir='ltr'><strong><em>πάντα</em></strong></span> <span class='ocrx_word' id='word_1_220' title='bbox 725 2445 927 2483; x_wconf 76' lang='lat' dir='ltr'>Biicheler‘</span> <span class='ocrx_word' id='word_1_221' title='bbox 959 2447 999 2484; x_wconf 73' lang='lat' dir='ltr'><strong><em>cb</em></strong></span> <span class='ocrx_word' id='word_1_222' title='bbox 1037 2445 1236 2494; x_wconf 83' lang='lat' dir='ltr'>Meincke,</span> <span class='ocrx_word' id='word_1_223' title='bbox 1278 2445 1490 2495; x_wconf 75' lang='lat' dir='ltr'>legebatur</span> <span class='ocrx_word' id='word_1_224' title='bbox 1533 2443 1598 2483; x_wconf 85' lang='grc' dir='ltr'><strong><em>καὶ</em></strong></span> <span class='ocrx_word' id='word_1_225' title='bbox 1633 2440 1692 2484; x_wconf 84' lang='grc' dir='ltr'><strong><em>τά.</em></strong></span> 
     </span>
     <span class='ocr_line' id='line_1_33' title="bbox 176 2509 1701 2559; baseline -0.002 -10"><span class='ocrx_word' id='word_1_226' title='bbox 176 2511 303 2550; x_wconf 82' lang='lat' dir='ltr'>Credo</span> <span class='ocrx_word' id='word_1_227' title='bbox 342 2512 477 2549; x_wconf 77' lang='lat' dir='ltr'>autem</span> <span class='ocrx_word' id='word_1_228' title='bbox 507 2510 743 2558; x_wconf 75' lang='lat' dir='ltr'>Euripideos</span> <span class='ocrx_word' id='word_1_229' title='bbox 782 2522 869 2548; x_wconf 81' lang='lat' dir='ltr'>esse</span> <span class='ocrx_word' id='word_1_230' title='bbox 905 2522 1063 2559; x_wconf 83' lang='lat' dir='ltr'>versus,</span> <span class='ocrx_word' id='word_1_231' title='bbox 1100 2522 1145 2547; x_wconf 85' lang='lat' dir='ltr'><strong><em>ac</em></strong></span> <span class='ocrx_word' id='word_1_232' title='bbox 1182 2509 1311 2548; x_wconf 85' lang='lat' dir='ltr'>nescio</span> <span class='ocrx_word' id='word_1_233' title='bbox 1351 2522 1402 2547; x_wconf 83' lang='lat' dir='ltr'><strong><em>an</em></strong></span> <span class='ocrx_word' id='word_1_234' title='bbox 1438 2509 1701 2559; x_wconf 73' lang='lat' dir='ltr'><strong><em>praecesserit</em></strong></span> 
     </span>
     <span class='ocr_line' id='line_1_34' title="bbox 177 2574 1699 2626; baseline -0.001 -13"><span class='ocrx_word' id='word_1_235' title='bbox 177 2576 320 2626; x_wconf 84' lang='lat' dir='ltr'><strong>fragm.</strong></span> <span class='ocrx_word' id='word_1_236' title='bbox 352 2576 485 2625; x_wconf 84' lang='lat' dir='ltr'><strong><em>adesp.</em></strong></span> <span class='ocrx_word' id='word_1_237' title='bbox 521 2577 574 2614; x_wconf 85' lang='lat'><strong><em>72</em></strong></span> <span class='ocrx_word' id='word_1_238' title='bbox 609 2574 668 2614; x_wconf 84' lang='lat' dir='ltr'><strong><em>ed.</em></strong></span> <span class='ocrx_word' id='word_1_239' title='bbox 700 2574 858 2625; x_wconf 85' lang='lat' dir='ltr'>Nauck,</span> <span class='ocrx_word' id='word_1_240' title='bbox 890 2575 994 2624; x_wconf 89' lang='lat' dir='ltr'>quod</span> <span class='ocrx_word' id='word_1_241' title='bbox 1026 2574 1201 2613; x_wconf 83' lang='lat' dir='ltr'>nondum</span> <span class='ocrx_word' id='word_1_242' title='bbox 1233 2574 1273 2611; x_wconf 88' lang='lat' dir='ltr'>in</span> <span class='ocrx_word' id='word_1_243' title='bbox 1303 2574 1506 2624; x_wconf 71' lang='lat' dir='ltr'>integrum</span> <span class='ocrx_word' id='word_1_244' title='bbox 1543 2575 1604 2612; x_wconf 73' lang='lat' dir='ltr'><strong><em>est</em></strong></span> <span class='ocrx_word' id='word_1_245' title='bbox 1639 2585 1699 2611; x_wconf 80' lang='lat' dir='ltr'><strong><em>re·</em></strong></span> 
     </span>
     <span class='ocr_line' id='line_1_35' title="bbox 175 2640 1546 2679; baseline 0 -2"><span class='ocrx_word' id='word_1_246' title='bbox 175 2640 373 2679; x_wconf 72' lang='lat' dir='ltr'>stitutum.</span> <span class='ocrx_word' id='word_1_247' title='bbox 1543 2654 1546 2655; x_wconf 47' lang='lat'><em>⁷</em></span> 
     </span>
    </p>
   </div>
   <div class='ocr_carea' id='block_1_9' title="bbox 176 2702 1697 2822">
    <p class='ocr_par' dir='ltr' id='par_1_9' title="bbox 176 2702 1697 2822">
     <span class='ocr_line' id='line_1_36' title="bbox 294 2702 1697 2755; baseline -0.004 -11"><span class='ocrx_word' id='word_1_248' title='bbox 294 2705 537 2744; x_wconf 74' lang='lat' dir='ltr'>Recentioris</span> <span class='ocrx_word' id='word_1_249' title='bbox 567 2705 728 2755; x_wconf 75' lang='lat' dir='ltr'>tragici,</span> <span class='ocrx_word' id='word_1_250' title='bbox 767 2717 845 2743; x_wconf 89' lang='lat' dir='ltr'><strong><em>non</em></strong></span> <span class='ocrx_word' id='word_1_251' title='bbox 877 2704 1078 2753; x_wconf 86' lang='lat' dir='ltr'>Euripidis</span> <span class='ocrx_word' id='word_1_252' title='bbox 1110 2705 1187 2751; x_wconf 77' lang='lat' dir='ltr'>est,</span> <span class='ocrx_word' id='word_1_253' title='bbox 1227 2703 1332 2753; x_wconf 87' lang='lat' dir='ltr'>quod</span> <span class='ocrx_word' id='word_1_254' title='bbox 1363 2703 1469 2742; x_wconf 82' lang='lat' dir='ltr'>idem</span> <span class='ocrx_word' id='word_1_255' title='bbox 1500 2702 1697 2741; x_wconf 85' lang='lat' dir='ltr'>Diodorus</span> 
     </span>
     <span class='ocr_line' id='line_1_37' title="bbox 176 2764 953 2822; baseline 0 -16"><span class='ocrx_word' id='word_1_256' title='bbox 176 2768 271 2806; x_wconf 91' lang='lat' dir='ltr'><strong><em>XVI</em></strong></span> <span class='ocrx_word' id='word_1_257' title='bbox 305 2771 356 2808; x_wconf 84' lang='lat'><strong><em>92</em></strong></span> <span class='ocrx_word' id='word_1_258' title='bbox 392 2769 605 2819; x_wconf 74' lang='lat' dir='ltr'>adscripsit</span> <span class='ocrx_word' id='word_1_259' title='bbox 636 2764 796 2822; x_wconf 84' lang='lat' dir='ltr'>(Nauck</span> <span class='ocrx_word' id='word_1_260' title='bbox 831 2764 953 2821; x_wconf 84' lang='lat'>100):</span> 
     </span>
    </p>
   </div>
   <div class='ocr_carea' id='block_1_10' title="bbox 459 2870 1418 2992">
    <p class='ocr_par' dir='ltr' id='par_1_10' title="bbox 459 2870 1418 2992">
     <span class='ocr_line' id='line_1_38' title="bbox 462 2870 1418 2926; baseline -0.001 -13"><span class='ocrx_word' id='word_1_261' title='bbox 462 2876 646 2926; x_wconf 85' lang='grc' dir='ltr'><strong><em>Φρονεῖτε</em></strong></span> <span class='ocrx_word' id='word_1_262' title='bbox 676 2876 752 2913; x_wconf 81' lang='grc' dir='ltr'><strong><em>νῦν</em></strong></span> <span class='ocrx_word' id='word_1_263' title='bbox 784 2872 944 2926; x_wconf 85' lang='grc' dir='ltr'><strong><em>αἰθέρος</em></strong></span> <span class='ocrx_word' id='word_1_264' title='bbox 974 2870 1219 2925; x_wconf 75' lang='grc' dir='ltr'><strong><em>ὑψηλότερον</em></strong></span> <span class='ocrx_word' id='word_1_265' title='bbox 1394 2883 1418 2903; x_wconf 71' lang='lat'>0</span> 
     </span>
     <span class='ocr_line' id='line_1_39' title="bbox 459 2935 1132 2992; baseline -0.001 -14"><span class='ocrx_word' id='word_1_266' title='bbox 459 2937 525 2978; x_wconf 83' lang='grc' dir='ltr'><strong><em>καὶ</em></strong></span> <span class='ocrx_word' id='word_1_267' title='bbox 556 2936 733 2992; x_wconf 75' lang='grc' dir='ltr'><strong><em>μεγάλων</em></strong></span> <span class='ocrx_word' id='word_1_268' title='bbox 765 2939 914 2979; x_wconf 87' lang='grc' dir='ltr'><strong><em>πεδίων</em></strong></span> <span class='ocrx_word' id='word_1_269' title='bbox 943 2935 1132 2991; x_wconf 74' lang='grc' dir='ltr'><strong><em>ἀρούρας·</em></strong></span> 
     </span>
    </p>
   </div>
  </div>
 </body>
</html>
