1864 3126
279 215 364 257 676
769 213 989 250 CARMINA
1016 214 1304 252 POPULARIA.

370 319 480 365 κούκ
512 323 595 378 ἔχω
627 319 867 378 μάχεσθαι·

372 392 620 436 Αἰτωλικὸν
652 390 737 450 γὰρ
771 390 964 449 ἁρπάσαι
995 391 1048 436 τὰ
1078 396 1169 438 τῶν
1200 395 1345 449 πέλας,

299 477 344 508 30
370 466 457 508 νῦν
488 463 537 508 δὲ
568 464 641 508 καὶ
673 463 725 508 τὰ
758 463 927 522 πόρρω·

369 535 558 592 μάλιστα
588 535 671 593 μὲν
703 534 757 592 δὴ
790 535 985 580 κόλασον
1016 534 1166 588 αὐτός·
1199 540 1239 580 εἰ
1269 537 1317 580 δὲ
1349 537 1423 594 μή,

371 600 591 651 Οἰδίπουν
621 606 705 651 τιν’
742 605 858 664 εὑρέ,

368 676 451 734 τὴν
483 682 666 734 Σφίγγα
697 679 862 735 ταύτην
895 676 1016 730 ὅστις
1046 676 1073 735 ἢ
1106 689 1435 735 κατακρημνιεῖ,

366 745 395 804 ἢ
427 753 588 792 σπίλον
619 748 805 807 ποιήσει.

998 932 1068 973 47.

815 1012 1250 1070 ΜΛΚΕ(ΛοΝοΣ)

930 1087 1141 1127 ΠΑΙΛΝ

762 1157 874 1197 ΕΙΣ
905 1157 1294 1198 ΑΣΚΛΗΠΙΟΝ.

266 1225 306 1269 α’
406 1225 580 1282 Δήλιον
613 1223 911 1283 εὐφαρέτρα(ν
942 1223 1054 1268 καλὰ
1086 1226 1265 1282 μέλπετε

264 1377 381 1415 πάλαι
405 1380 445 1415 P.
479 1401 522 1405 —
554 1379 597 1414 V.
632 1383 687 1415 31.
720 1376 882 1414 κόλασον
915 1379 1037 1424 Toup,
1070 1377 1250 1424 σχόλασον
1283 1379 1385 1415 PVL.
1420 1378 1463 1405 '—
1495 1379 1538 1415 V.
1571 1384 1628 1416 34.
1660 1382 1789 1417 σπίλον

264 1427 286 1462 i.
315 1439 346 1462 e.
372 1425 514 1472 πέτραν
541 1427 628 1472 (vid.
656 1427 826 1471 Hesych.)
851 1426 1034 1471 Meineke,
1061 1427 1158 1472 quod
1186 1438 1255 1471 ego
1283 1438 1430 1472 quoque
1457 1426 1610 1472 conieci,
1636 1430 1791 1464 onscvov.
1862 1463 1864 1466 .

263 1475 306 1518 A,
334 1473 489 1510 σπεινὸν
515 1475 560 1517 Ρ,
592 1475 726 1519 πεινῆν
762 1474 865 1509 CVL.
917 1473 1247 1519 Schweighaeuser
1283 1475 1432 1518 σπίνον,
1471 1474 1642 1511 Meineke
1679 1477 1790 1512 antea

264 1503 361 1568 (v'ide
388 1522 436 1557 ad
460 1521 712 1567 Alciph1n99)
737 1523 866 1566 κρίνον
892 1522 1229 1557 commendaverat

359 1574 414 1605 47.
447 1569 620 1614 Legitur
651 1580 798 1604 carmen
823 1569 861 1603 in
888 1569 1011 1626 lapide
1039 1580 1156 1615 nuper
1181 1570 1338 1605 Athenis
1368 1571 1522 1615 propter
1552 1571 1788 1616 Asclepieum

263 1618 424 1663 reperto,
451 1616 570 1652 edidit
595 1616 828 1652 Cumanudes
853 1616 892 1650 in
914 1613 1097 1661 Ἀθηναίῳ
1123 1616 1174 1651 VI
1201 1621 1268 1651 143
1283 1628 1372 1661 seq„
1398 1618 1496 1652 unde
1521 1620 1712 1663 receptum
1732 1620 1789 1654 est
1859 1611 1864 1645 ἶ

263 1665 303 1699 in
328 1664 373 1700 CI
392 1664 470 1699 Att
501 1663 551 1698 111
578 1665 617 1699 in
643 1664 799 1699 addend.
824 1668 889 1699 171
912 1664 935 1698 b
959 1675 982 1698 a
1009 1664 1308 1718 Dittenbergero,
1334 1666 1398 1709 qui
1416 1675 1513 1700 novo
1534 1676 1635 1700 exem
1639 1665 1702 1710 plo
1720 1676 1788 1710 per

262 1712 450 1747 Duhnium
477 1711 648 1746 confecto
673 1723 761 1746 usus
788 1713 860 1755 est3
887 1711 1047 1756 denique
1073 1711 1208 1749 Kaibel
1232 1712 1270 1746 in
1291 1711 1384 1747 Mus
1405 1712 1521 1747 Rhen.
1541 1711 1697 1747 XXXIV
1715 1716 1785 1748 208
1855 1724 1858 1734 ³

259 1758 421 1794 iteravit.
479 1758 574 1804 (Ego
607 1758 832 1794 Cumanudis
865 1759 1033 1803 exemplo
1058 1770 1146 1794 usus
1178 1769 1357 1804 paeanem
1388 1759 1554 1803 restitui,
1586 1761 1786 1804 antequam

260 1806 524 1852 Dittenberger
556 1808 594 1841 et
631 1803 764 1841 Kaibel
801 1806 920 1841 eidem
959 1805 1110 1851 negotio
1137 1817 1287 1851 operam
1326 1807 1534 1852 dederunt)
1567 1827 1606 1832 —-
1650 1807 1786 1843 Poetae

262 1865 396 1889 nomen
421 1854 682 1898 praemissum:

898 1903 1009 1936 Μακε
1037 1930 1044 1937 .
1073 1928 1079 1935 .
1108 1929 1115 1936 .

827 1944 1034 1993 ἐποίη(σεν,

258 2020 281 2056 i.
309 2031 341 2057 e.
366 2017 560 2055 Μακεδὼν
592 2019 653 2055 vel
685 2017 939 2063 Μακεδόνιος,
971 2019 1284 2063 quemadmodum
1320 2019 1551 2056 Oumanudes
1577 2022 1782 2067 supplevit;

257 2079 345 2103 nam
383 2068 591 2103 Romanum
629 2078 765 2102 nomen
803 2065 939 2108 Μάκερ
976 2077 1050 2101 non
1081 2067 1223 2111 placet,
1263 2066 1488 2112 minimeque
1527 2068 1572 2103 de
1604 2069 1783 2115 Pompeio
1852 2087 1861 2090 >-

259 2115 386 2150 Macro
420 2115 505 2159 (vid
540 2114 711 2150 Meineke
742 2113 887 2149 Vindic.
915 2113 1033 2149 Strab.
1061 2114 1144 2159 214)
1177 2114 1428 2159 cogitandum.
1486 2114 1650 2151 Litterae
1681 2117 1784 2152 tituli

259 2165 346 2198 sunt
370 2163 559 2198 Romanae
585 2161 731 2205 aetatis,
758 2162 952 2214 eidemque
978 2162 1094 2197 aetati
1121 2161 1234 2197 etiam
1261 2173 1407 2197 carmen
1439 2162 1538 2197 haud
1567 2164 1783 2199 cunctanter

258 2210 443 2245 attribuo.
481 2221 602 2254 neque
640 2209 737 2244 enim
770 2207 1056 2244 existimandum
1088 2210 1145 2244 est
1176 2208 1372 2253 antiquum
1403 2209 1555 2255 aliquod
1589 2211 1627 2245 et
1657 2210 1781 2246 nobile

258 2268 422 2301 carmen,
462 2256 775 2302 quemadmodum
808 2256 1003 2302 Sophoclis
1034 2267 1214 2302 paeanem
1245 2256 1307 2292 vel
1338 2256 1556 2301 Ariphronis
1590 2257 1780 2312 hymnum,

257 2304 463 2350 posteriore
501 2305 668 2350 tempore
707 2305 948 2339 monumento
986 2304 1101 2339 fuisse
1137 2303 1367 2348 inscriptum.
1428 2303 1524 2338 Huic
1567 2303 1805 2351 suspicioni„

257 2352 426 2396 quamvis
456 2363 694 2387 numerorum
725 2362 768 2386 ac
799 2351 938 2397 passim
971 2352 1149 2386 sermonis
1174 2351 1324 2386 habitus
1350 2351 1520 2386 videatur
1543 2351 1685 2396 favere,
1717 2352 1780 2387 ad·
1791 2357 1794 2359 '
1857 2350 1864 2365 ³

257 2401 449 2441 versantur
474 2401 600 2434 tamen
625 2398 823 2434 manifesta
846 2398 1063 2434 recentioris
1090 2398 1226 2433 aetatis
1245 2398 1418 2444 vestigia,
1444 2408 1539 2443 quae
1557 2399 1697 2434 ibidem
1717 2399 1779 2435 de—

254 2446 550 2491 prehenduntur:
583 2457 626 2480 ac
656 2446 717 2481 vel
749 2447 883 2491 poetae
915 2457 1051 2487 nomen
1087 2445 1222 2491 arguit,
1259 2457 1331 2481 non
1363 2445 1562 2481 admodum
1593 2448 1780 2482 vetustum
1852 2443 1864 2498 ’Σ

255 2504 344 2528 esse.
388 2494 518 2538 Itaque
545 2504 693 2529 carmen
719 2493 766 2528 ab
785 2493 856 2528 hac
881 2493 1022 2538 sylloge
1049 2496 1128 2528 erat
1152 2494 1440 2538 segregandum,
1465 2493 1584 2528 nihilo
1607 2494 1722 2529 setius
1740 2493 1780 2529 in

255 2540 422 2576 ordinem
453 2541 594 2586 recepi,
627 2541 801 2585 quoniam
834 2551 1019 2585 paeanum
1054 2539 1215 2585 speciem
1246 2543 1358 2585 atque
1389 2540 1553 2575 indolem
1584 2540 1778 2576 commode
1843 2539 1864 2575 ἐ

254 2587 429 2623 illustrat.
480 2588 659 2633 Ignobilis
692 2599 779 2623 sane
811 2589 942 2633 poeta,
969 2599 1078 2632 quem
1110 2589 1397 2623 consentaneum
1423 2589 1478 2623 est
1503 2587 1634 2623 alienis
1663 2588 1778 2633 potis-

256 2635 391 2670 simum
416 2647 524 2670 usum
550 2646 641 2678 esse,
667 2638 710 2670 ut
727 2634 870 2680 ingenii
895 2634 952 2669 sui
977 2634 1141 2680 inopiam
1168 2635 1383 2678 occultaret,
1408 2635 1472 2670 sed
1499 2646 1581 2669 cum
1607 2633 1776 2679 antiquo·
1831 2635 1851 2681 f

254 2694 335 2717 rum
361 2683 532 2728 exempla
564 2681 614 2717 eit
639 2685 813 2725 sectatus,
847 2692 1002 2727 quorum
1033 2682 1159 2717 nullae
1186 2682 1246 2718 vel
1269 2683 1399 2717 tenues
1423 2681 1624 2717 admodum
1649 2693 1775 2727 super—

254 2729 328 2764 sint
353 2729 552 2774 reliquiae,
585 2739 720 2775 poema
744 2729 1066 2765 animadversione
1096 2740 1170 2764 non
1194 2729 1399 2774 indignum.
1425 2728 1609 2764 Lucianus
1640 2729 1679 2764 in
1711 2740 1775 2764 en·
1823 2762 1826 2763 γ

254 2788 345 2811 com.
379 2777 569 2812 Demosth.
604 2788 632 2812 c.
666 2781 711 2812 27
745 2777 844 2820 (vide
876 2787 988 2821 supra
1028 2776 1076 2812 ad
1114 2776 1286 2821 Sophocl.
1321 2775 1455 2812 Paean.
1488 2776 1528 2811 Τ.
1562 2775 1594 2809 lI
1625 2787 1661 2821 p.
1687 2779 1779 2820 247)
1830 2771 1850 2822 j

245 2825 412 2859 testatur
438 2823 594 2858 Athenis
619 2823 658 2858 in
683 2825 860 2859 honorem
892 2823 1108 2878 Aesculapii
1138 2823 1252 2859 etiam
1282 2822 1484 2877 posteriorc
1508 2824 1676 2868 tempore
1701 2824 1775 2858 sin-
1819 2855 1831 2863 ‚⁷

252 2870 351 2914 gulis
377 2870 484 2906 annis
511 2882 646 2907 novum
670 2881 851 2916 paeanem
877 2871 1126 2916 compositum
1151 2881 1240 2914 esse,
1273 2869 1330 2906 sin
1354 2869 1442 2906 novi
1466 2869 1639 2904 carminis
1665 2870 1774 2916 copia
1822 2878 1841 2893 ’ἑ

252 2928 324 2951 non
352 2920 459 2962 esset,
485 2918 679 2963 antiquum
703 2929 884 2963 paeanem
909 2917 969 2954 vel
989 2917 1182 2964 Sophoclis
1206 2917 1266 2953 vel
1290 2917 1451 2971 Isodemi
1469 2916 1662 2952 Troezenii
1680 2918 1773 2953 reci·
1827 2926 1840 2955 ,¹

251 2965 370 3000 tatum
403 2976 493 3001 esse.
550 2966 609 3000 Ad
646 2965 797 3001 illorum
828 2968 1024 3011 poetarum
1054 2965 1264 3010 exemplum
1304 2963 1467 3000 novicios
1498 2975 1658 3009 paeanes
1695 2963 1772 3001 fere
