1864 3126
747 121 1091 163 s'rnstcnonus.
1599 124 1687 170 207

901 235 942 278 4.

269 319 414 361 zenob.
447 319 504 360 VI
536 322 610 360 44:
652 322 948 375 Χειροβρῶτι
989 320 1161 378 δεσμῷ·
1205 325 1287 371 τοῖς
1323 325 1526 371 πυκτικοῖς
1563 322 1687 374 ίμᾶσι,

150 381 218 426 διὰ
259 381 302 426 τὸ
346 382 414 434 τὰς
457 381 604 438 σάρκας
649 383 876 427 διακόπτειν
919 385 986 427 καὶ
1029 382 1267 427 ἀναλίσκειν.
1329 386 1489 429 Βέλτιον
1532 385 1575 427 δὲ
1618 383 1687 427 τὸν

150 445 295 503 δεσμὸν
325 446 487 491 ἀκούειν
516 447 585 490 τὸν
616 446 971 504 ἆποβιβριόσκοντα
1001 448 1053 492 τῶ
1085 455 1198 504 χεῖρε.
1249 449 1398 505 ἐδεήθη
1430 449 1505 507 γὰρ
1536 451 1580 492 ἕν
1608 468 1686 493 τινι

148 514 317 569 πετραίῳ
361 509 586 568 (Hermann
617 517 786 556 coniecit
816 514 1015 569 ἐδέθησαν
1052 512 1127 569 γὰρ
1158 515 1203 556 ἔν
1239 532 1316 556 τινι
1352 514 1527 571 σπείρᾳ)·
1571 519 1687 569 Στη-

149 579 339 633 σίχορος
369 576 622 634 εὐναρχειν
652 584 742 622 τῶν
773 580 848 622 ἐπὶ
879 582 1061 623 Πελίαν
1091 578 1275 633 ἄθλων,
1307 583 1377 622 ubi
1409 583 1686 623 Schneidewin
1737 597 1742 600 ·

148 645 394 686 emendavit:
427 641 486 695 ὥς
517 649 635 699 Στησ.
669 646 718 687 ἐν
749 643 867 702 ἀρχῇ
898 650 976 688 τῶν
1007 646 1072 688 ἐπὶ
1097 648 1248 703 Πελίᾳ
1278 644 1429 688 ἄθλων.
1479 648 1538 688 Cf.
1565 649 1687 688 etiam

149 711 293 751 Suidas
331 713 372 751 et
409 711 582 763 Hesych.
620 726 655 753 v.
696 713 922 766 χειροβρῶτι
959 715 1099 771 δεσμῷ.
1162 714 1291 754 Locus
1328 716 1540 766 corruptus
1579 715 1686 754 haud

149 777 269 816 dubie
302 776 358 815 sic
390 777 677 818 emendandus:
715 776 860 830 ἐδέθη
900 775 988 832 γὰρ
1020 777 1069 819 ἔν
1099 794 1192 818 τινι
1222 776 1366 834 πέτρᾳ
1406 774 1509 833 (sive
1548 779 1687 834 σπείρᾳ

148 855 240 882 cum
283 842 514 882 Hermanno
556 838 692 897 malis)
736 839 761 896 ἡ
810 840 955 897 Τυρώ.
1015 843 1256 896 Στησίχορος
1299 842 1348 883 ἐν
1391 840 1435 883 α’
1478 847 1568 884 τῶν
1611 843 1686 884 ἐπὶ

153 908 277 964 Πελίᾳ
307 904 465 957 ἄθλων,
503 911 550 948 ut
579 909 654 949 hoc
691 922 852 949 carmen
889 909 1222 961 quemadmodum
1260 908 1419 949 Orestia
1455 912 1496 949 et
1534 911 1686 948 Helena

151 974 191 1013 in
222 974 359 1024 plures
396 974 522 1012 libros
560 974 732 1015 divisum
776 976 910 1015 fuerit.
972 975 1194 1015 Hermanni
1237 975 1507 1014 coniecturam
1550 976 1684 1015 firmes

151 1039 275 1090 epigr.
314 1039 477 1078 Anthol.
515 1039 576 1078 III
621 1042 664 1080 9:
708 1038 876 1093 Μητέρα
914 1040 1147 1093 τρηχείοισιν
1193 1038 1257 1079 ἐπὶ
1300 1040 1494 1092 σπείρημα
1537 1037 1686 1093 σιδηρώ

149 1108 360 1158 Σαλμωνεῖ
387 1103 521 1160 γενέτᾳ
560 1102 652 1160 τῷδ’
692 1101 1008 1161 ὖποτασσομένῳ.
1070 1106 1138 1146 ubi
1169 1106 1262 1145 fort.
1294 1106 1509 1157 legendum
1540 1105 1685 1159 μητέρα

148 1171 369 1224 τρηχείῃσιν
400 1169 459 1210 ε’νὶ
489 1171 669 1224 σπείρῃσι
699 1172 873 1224 Σιδηροῐ
898 1174 1114 1223 Σαλμωνεῖ
1144 1169 1279 1225 γενέτα
1317 1167 1359 1210 θ’
1402 1164 1476 1212 ὧδ’
1517 1167 1684 1212 ὑποτασ-

149 1234 333 1288 σομένην.

640 1328 696 1372 ΙΙ.
757 1328 1187 1384 ΓΗΡΤΟΝΗΙΣ.

207 1577 1091 1600 -Δ--υυ-υυ-υυ-υυ-υυ--

243 1694 463 1740 Γηρυονηΐς.
513 1695 568 1731 De
600 1695 673 1731 hoc
699 1695 905 1731 Stesichori
936 1695 1100 1731 carmine
1125 1695 1334 1742 disputavit
1358 1695 1521 1732 Leutsch
1547 1697 1587 1732 in
1606 1696 1679 1732 En-

147 1741 289 1788 cyclop.
341 1742 484 1778 Erechii
511 1742 612 1777 LXII
637 1746 707 1779 209
722 1754 798 1788 seq.
833 1764 875 1769 —
904 1742 1010 1786 Quod
1036 1743 1258 1779 Aristoteles
1284 1743 1406 1780 Probl.
1431 1744 1518 1779 XIX
1543 1749 1590 1781 48
1616 1745 1679 1781 ad·

146 1790 309 1826 notavit:
334 1783 433 1835 ἦθος
458 1789 501 1825 δὲ
529 1788 606 1836 ἔχει
631 1788 654 1836 ἡ
681 1788 751 1836 μὲν
776 1788 1031 1837 ὑποφρύγιστὶ
1056 1789 1284 1836 πρακτικόν,
1316 1789 1376 1826 διὸ
1403 1792 1468 1827 καὶ
1496 1790 1537 1827 ἔν
1562 1805 1602 1828 τε
1627 1793 1678 1840 τῷ

151 1834 324 1884 Γηρυόνῃ
349 1834 373 1883 ἡ
401 1835 530 1880 ἔξοδος
555 1837 621 1873 καὶ
645 1836 669 1883 ἡ
697 1835 886 1882 ἔξόπλισις
911 1836 952 1874 ἐν
979 1835 1097 1885 ταύτῃ
1123 1839 1345 1884 πεποίηται,
1375 1835 1399 1884 ἡ
1426 1837 1469 1875 δὲ
1495 1836 1680 1886 ὑποδωρι-

145 1884 203 1920 στὶ
227 1882 508 1931 μεγαλοπρεπὲς
531 1885 597 1920 καὶ
622 1882 812 1932 στάσιμον.
856 1897 930 1921 non
957 1886 1068 1922 credo
1093 1886 1142 1922 ad
1168 1885 1424 1922 Stesichorum
1444 1885 1678 1923 referendum

147 1942 239 1976 esse,
272 1942 392 1977 neque
427 1930 468 1967 ἐν
499 1932 543 1978 τῇ
578 1932 808 1978 Γηρυονηίδι
839 1933 1089 1978 scribendum,
1121 1933 1186 1969 sed
1219 1930 1259 1970 ἐν
1291 1934 1341 1982 τῷ
1375 1932 1550 1982 Γηρυόνῃ
1582 1931 1606 1980 ἦ
1632 1948 1677 1970 τε

146 1977 276 2022 ἔξοδος
299 1979 365 2015 καὶ
389 1975 413 2024 ὴ
440 1976 637 2023 ἐξόπλισις.
685 1980 863 2016 Welcker
886 1981 935 2016 ad
960 1980 1232 2017 Nicomachum
1262 1981 1449 2027 tragicum
1474 1983 1678 2028 revocavit,

145 2025 238 2062 mihi
273 2026 648 2074 dithyrambographi
679 2027 838 2064 alicuius
868 2039 1017 2064 carmen
1049 2028 1123 2064 dici
1154 2028 1313 2065 videtur.
1350 2049 1397 2056 —
1438 2028 1678 2076 Geryoneidis

146 2073 304 2110 fortasse
329 2074 510 2111 memoria
535 2075 629 2111 latet
647 2075 746 2122 apud
765 2075 1027 2112 Philodemum
1045 2076 1132 2120 περὶ
1152 2073 1347 2123 εὐσεβείας
1365 2089 1400 2122 p.
1421 2081 1466 2112 39
1487 2077 1544 2113 ed.
1565 2077 1677 2113 Gom-

143 2123 246 2167 pertz
280 2121 377 2168 (Vol.
410 2121 557 2158 Hercul.
590 2122 676 2159 coll.
707 2134 792 2160 nov.
825 2124 857 2159 II
884 2125 944 2170 88)
975 2119 1062 2159 κατ’
1091 2120 1373 2170 Ἅπολλων(ί)δη
1406 2126 1452 2169 (ἳ)
1483 2124 1547 2160 καὶ
1579 2122 1676 2160 κατὰ

144 2165 345 2213 (Ἡσίο)δον
371 2171 418 2215 (⁴2)
443 2169 508 2205 καὶ
533 2168 646 2216 κα(τᾶ
677 2171 924 2216 Στη)σι’χορον
951 2167 993 2206 ἐν
1019 2199 1027 2208 .
1056 2199 1064 2206 .
1092 2199 1100 2207 .
1127 2199 1135 2206 .
1180 2175 1231 2207 xl
1253 2172 1319 2207 καὶ
1344 2170 1447 2216 παρὰ
1474 2173 1520 2217 (?)
1547 2200 1554 2208 .
1577 2199 1584 2207 .
1607 2201 1615 2208 .
1637 2200 1644 2207 .
1667 2200 1678 2208 .

146 2217 350 2252 ΦΗΝΤΟΙ
369 2243 377 2252 .
398 2244 406 2252 .
428 2244 436 2252 .
456 2213 586 2262 αὐτοῦ,
612 2217 676 2253 ubi
701 2217 900 2264 Gompertz
928 2215 969 2254 ἐν
991 2215 1178 2268 Ὀρεστείᾳ
1204 2219 1265 2254 vel
1291 2216 1333 2254 ἐν
1359 2218 1562 2268 Εὖρωπείᾳ
1588 2230 1675 2266 sup-

143 2263 235 2308 plet,
260 2263 353 2298 mihi
379 2260 426 2299 ἔν
455 2264 738 2311 Γηρυονηίδι
763 2264 1000 2301 scribendum
1026 2266 1195 2302 videtur:
1220 2266 1369 2302 disserit
1394 2267 1491 2302 enim
1518 2266 1564 2302 de
1590 2267 1674 2313 diis,

143 2310 207 2392 gui
232 2310 334 2346 mala
358 2312 397 2346 et
421 2312 666 2348 contumelias
690 2313 859 2367 perpessi
883 2313 976 2358 sint,
1008 2314 1112 2349 velut
1137 2314 1263 2350 statim
1295 2314 1402 2349 addit
1435 2313 1619 2349 Bacchum
1652 2326 1676 2351 a

173 2358 321 2401 entheo,
346 2358 571 2395 Promethea
598 2371 622 2395 a
645 2359 732 2395 Iove
756 2371 796 2395 in
821 2360 972 2397 vincula
1001 2361 1211 2397 coniectum
1244 2371 1342 2397 esse:
1372 2362 1411 2396 in
1443 2360 1675 2408 Geryoneide

143 2407 269 2442 autem
301 2405 534 2442 Stesichorus
566 2406 667 2442 haud
701 2406 814 2443 dubie
844 2410 1077 2452 narraverat,
1114 2409 1313 2444 Herculem
1343 2409 1506 2455 primum
1538 2408 1675 2453 Solem,

144 2453 279 2489 deinde
306 2452 494 2489 Oceanum
519 2453 669 2500 sagittis
694 2454 888 2500 petivisse:
914 2455 989 2491 vid.
1015 2455 1248 2501 Pherecydes
1273 2467 1295 2491 a
1324 2484 1331 2491 .
1358 2456 1444 2492 Ath.
1473 2455 1525 2490 XI
1550 2456 1674 2493 4⁷00:

143 2497 164 2535 ὁ
198 2499 239 2536 δὲ
270 2498 453 2547 “Ηρακλῆς
485 2499 633 2537 ἕλκεται
664 2497 727 2537 ἐπ’
761 2498 879 2538 αύτὸν
910 2500 952 2539 τὸ
986 2499 1097 2546 τόξον
1129 2500 1179 2544 ὡς
1209 2505 1277 2550 βαλ
1302 2516 1371 2548 ων,
1408 2503 1473 2539 καὶ
1505 2500 1525 2538 ὁ
1547 2499 1675 2545 Ἥλιος

143 2547 218 2592 (hic
249 2547 485 2584 inserendum
518 2548 666 2585 videtur
696 2550 871 2594 δείσας,
903 2549 1004 2595 quod
1034 2550 1203 2596 proxime
1235 2551 1417 2597 sequitur)
1450 2548 1674 2587 παύσασθαι

143 2592 308 2639 κελεύει,
335 2593 356 2631 ὁ
383 2594 425 2631 δὲ
453 2597 580 2637 δείσας
605 2593 779 2632 παύεται.
821 2592 947 2638 Ἥλιος
971 2596 1013 2633 δὲ
1039 2594 1126 2633 ἀντὶ
1156 2595 1291 2633 τούτου
1317 2599 1472 2634 δίδωσιν
1503 2594 1605 2634 αύτῶ
1630 2597 1673 2635 τὸ

145 2641 265 2683 δέπας
295 2640 337 2678 τὸ
370 2640 547 2689 χρύσεον,
580 2639 600 2679 ὃ
634 2640 754 2679 αὐτὸν
785 2641 918 2689 ἐφόρει
949 2642 1019 2680 σὺν
1049 2649 1130 2685 ταῖς
1161 2646 1307 2690 ἵπποις,
1340 2642 1437 2702 §mbr
1461 2636 1672 2692 δύνῃ,’διά

142 2690 208 2726 τοῦ
237 2686 421 2726 Ὠκεανοῦ
453 2689 579 2736 (κατὰ)
611 2688 679 2736 τὴν
710 2687 831 2726 νύκτα
861 2689 955 2736 πρὸς
986 2690 1055 2736 ἕω,
1087 2689 1140 2727 ἵν’
1172 2689 1315 2738 ἀνίσχει
1343 2689 1363 2728 ὁ
1395 2696 1514 2739 ηλιος·
1542 2693 1672 2730 ἔπειτα

143 2735 346 2783 πορεύεται
377 2735 397 2773 ὁ
419 2734 603 2785 Ἡρακλῆς
629 2737 670 2775 ἐν
696 2739 746 2786 τῷ
771 2736 888 2775 δέπαϊ
904 2735 1024 2787 τούτῳ
1050 2736 1089 2780 ἐς
1112 2737 1181 2784 τὴν
1198 2736 1421 2784 Ἐρύθειαν·
1446 2740 1511 2776 καὶ
1536 2738 1596 2778 ὅτε
1623 2739 1672 2788 δὴ

145 2784 356 2830 (legebatur
380 2784 440 2831 δὲ)
465 2782 513 2832 ἦν
539 2783 581 2823 ἐν
606 2786 656 2833 τῷ
682 2783 855 2831 πελάγει,
883 2782 1062 2827 Ὠκεανὸς
1091 2784 1323 2833 πειρώμενος
1353 2784 1472 2824 αὖτοῦ
1497 2790 1673 2835 κυμαίνει

143 2829 185 2867 τὸ
213 2831 332 2873 δέπας
357 2831 658 2880 φανταζόμενος·
685 2830 705 2868 ὁ
732 2831 774 2869 δὲ
800 2830 970 2876 τοξεύειν
994 2830 1113 2870 αὐτὸν
1138 2833 1280 2880 μέλλει,
1310 2836 1376 2871 καὶ
1399 2833 1518 2871 αὐτὸν
1543 2838 1672 2878 δείσας

139 2875 318 2921 Ὠκεανὸς
343 2877 567 2917 παύσασθαι
598 2877 756 2917 κελεύει.
807 2880 1038 2927 Pherecydes
1068 2880 1168 2926 qnod
1199 2882 1260 2918 hic
1291 2885 1330 2919 et
1360 2883 1454 2919 alias
1486 2884 1561 2921 fere
1586 2896 1672 2921 con-
