1864 3126
230 112 290 154 94
744 108 747 111 ἃ
795 110 989 147 ΡΟΕΤΑΕ
1014 110 1190 147 MELICI.

939 220 964 248 ’¹‘
981 220 1046 262 14.
1683 230 1754 262 884

306 304 411 351 Ταῖς
441 299 596 350 κοίλαις
626 298 766 357 ὔμμιν
797 298 888 357 (τὸ)
919 299 1066 356 νόημα
1097 293 1247 356 τῶμον

514 368 569 414 οὐ
602 369 874 427 διάμειπτον.

891 502 956 544 15.
991 502 1097 556 [60]

307 616 493 628 ......
515 581 662 640 ’Ἑγων
695 582 737 627 δ’
774 582 939 642 ἐμαύτᾳ

513 657 645 699 τοῦτο
679 653 879 698 σύνοιδα.

907 774 1083 827 16.[8]

306 859 434 898 Ταῖσι
467 854 554 913 (δὲ)
586 857 755 911 ψῦχρος
785 854 866 911 μὲν
899 857 1049 911 ἔγεντο
1081 857 1248 911 θῦμος,

301 941 388 983 παρ
423 924 463 969 δ’
500 931 602 970 ἰέισι
634 925 686 969 τὰ
720 926 855 983 πτέρα
887 963 895 970 .
930 963 935 970 .
970 963 978 970 .

891 1059 1094 1110 17.[11]

304 1173 519 1184 ......
553 1137 666 1181 Κατ’
703 1141 810 1195 ἔμον
842 1138 1116 1195 στάλαγμον·

299 1209 380 1254 τὸν
413 1208 453 1253 δ’
490 1208 796 1262 ἑπιπλάζοντες
827 1207 933 1266 ἅμοι
966 1210 1148 1266 φέροιεν

513 1280 587 1323 καὶ
619 1279 899 1336 μελεδώναις.

230 1435 351 1470 forma
376 1435 452 1478 est,
478 1433 523 1468 de
551 1444 626 1477 qua
651 1433 729 1468 dixi
754 1433 801 1480 ad
827 1432 933 1468 Pind.
959 1433 1067 1479 Pyth.
1093 1433 1143 1469 IV
1170 1437 1226 1469 92.
1268 1434 1364 1469 adde
1395 1434 1439 1470 fr.
1464 1434 1596 1481 {adesp.
1624 1435 1710 1470 55A
1734 1439 1755 1470 9

231 1479 409 1526 διοίκηται
434 1482 472 1516 et
497 1481 598 1524 5513,
632 1485 653 1515 3
686 1477 865 1526 δύνᾶμαι.
922 1482 1044 1516 Antea
1078 1479 1209 1526 ἐρᾶται
1241 1481 1358 1516 tuitus
1396 1493 1492 1526 sum3
1530 1483 1649 1518 utitur
1685 1482 1757 1518 hae

229 1529 351 1564 forma
377 1529 531 1564 Theoer.
560 1528 592 1562 11
622 1532 687 1563 149
715 1527 793 1572 (ubi
825 1528 1011 1564 Hermann
1044 1525 1112 1577 ἐρᾷ
1138 1541 1202 1564 τευ
1234 1529 1407 1573 correxit)
1439 1531 1478 1564 et
1502 1530 1518 1564 I
1545 1533 1588 1566 ’18
1622 1527 1754 1575 ἔρᾶσαι

229 1576 356 1621 (vulgo
384 1574 566 1622 ἔρασσαι),
591 1574 683 1610 item
703 1575 886 1618 Homerus
907 1576 948 1612 Il.
970 1578 1009 1610 H
1027 1579 1094 1611 208
1117 1572 1298 1622 ἐράασθε,
1323 1576 1423 1621 quod
1442 1577 1647 1612 Buttmann
1671 1588 1756 1612 con-

229 1625 394 1659 iecturae
434 1634 503 1668 ope
535 1634 726 1659 removere
758 1624 911 1659 conatus
944 1625 1017 1667 est;
1054 1634 1175 1668 neque
1208 1634 1295 1659 vero
1327 1623 1537 1669 Theognidi
1562 1628 1630 1660 256
1663 1624 1757 1660 haec

228 1672 350 1706 forma
374 1670 617 1706 obtrudenda.

323 1719 380 1755 Fr.
411 1722 464 1754 14.
515 1717 687 1763 Apollon.
715 1717 761 1752 de
786 1728 889 1763 pron.
916 1720 986 1752 384
1000 1717 1044 1752 C:
1063 1715 1199 1763 ’Ύμμιν
1226 1716 1384 1758 Αἰολεῖς·
1417 1722 1498 1759 ταῖς
1523 1717 1654 1759 κοίλαις
1678 1720 1754 1754 κτλ.

230 1786 274 1792 —-
301 1766 344 1801 V.
367 1770 398 1801 1.
425 1762 466 1800 τὸ
494 1765 578 1800 add.
606 1764 763 1800 Bekker.
791 1785 834 1790 ——-
862 1764 905 1801 V.
925 1768 959 1799 2.
984 1762 1121 1810 νόημα,
1147 1765 1236 1800 Cod.
1256 1778 1418 1811 νοημμα,
1443 1765 1526 1800 Ald.
1547 1764 1653 1801 Corn.
1675 1776 1755 1811 cop.

229 1817 297 1848 266
324 1813 353 1847 Β
387 1812 588 1848 Aeolenses
621 1810 747 1857 νόαμα
772 1811 907 1847 dixisse
932 1811 1116 1857 perhibet.
1161 1812 1312 1848 Conieci
1344 1812 1546 1858 aliquando
1576 1813 1670 1848 haec
1701 1812 1756 1847 ita

228 1859 445 1905 refingenda
469 1870 565 1895 esse:

491 1932 584 1970 Ταῖς
607 1926 741 1970 πάλαις
765 1926 882 1976 ὔμμιν
907 1926 1033 1976 νόημα
1058 1924 1181 1976 τῶμον
1207 1926 1252 1965 οὗ
1279 1928 1494 1976 ζάμειπτον.

229 2002 359 2037 eodem
386 2012 514 2036 versus
538 2011 706 2045 numero,
732 2001 797 2045 qui
821 2000 864 2035 fr.
892 2004 938 2036 85
965 2002 1166 2046 comparet.

326 2049 385 2084 Fr.
414 2052 467 2083 15.
518 2049 690 2094 Apollon.
717 2048 762 2083 de
787 2059 891 2093 pron.
917 2052 987 2083 324
1002 2048 1048 2083 B:
1079 2047 1223 2089 Αἰολεῖς
1255 2046 1413 2096 βαρέως·
1440 2046 1536 2093 ἔγων
1561 2045 1687 2093 (ἐγων)
1713 2043 1752 2083 δ’

230 2093 291 2142 ἔμ’
321 2093 419 2145 αὔτα
444 2109 474 2131 τ.
502 2108 531 2131 σ.
559 2092 721 2140 Σαπφώ.
760 2095 914 2130 Prorsus
939 2095 1015 2131 alio
1040 2095 1152 2131 modo
1170 2095 1282 2131 iterat
1300 2096 1393 2131 haec
1413 2095 1541 2131 363A:
1567 2094 1632 2130 καὶ
1649 2092 1753 2140 παρὰ

228 2148 307 2184 τοῖς
338 2142 522 2183 Αἰολικοῖς
553 2141 595 2178 δὲ
629 2139 678 2183 ὡς
710 2139 752 2178 ἐν
784 2141 998 2187 παραθέσει
1029 2139 1271 2188 ἀνεγνώσθη·
1305 2139 1366 2188 ἔμ’
1400 2139 1498 2178 αὔτα
1523 2140 1628 2177 τοῦτ’
1657 2140 1753 2187 ἔνων

229 2189 397 2226 σύνοιδα.
438 2189 680 2226 scribendum
707 2186 898 2239 ἐμαύτᾳ,
924 2190 998 2226 vid.
1024 2189 1154 2225 Alcaei
1179 2189 1223 2225 fr.
1245 2193 1299 2226 ⁷8.
1338 2189 1483 2225 Ahrens
1508 2186 1684 2225 συνόϊδαε
1710 2200 1754 2225 ac

229 2249 318 2273 sane
343 2238 477 2273 Aeoles
503 2234 661 2272 σύνοιδα
687 2237 802 2272 etiam
831 2248 899 2282 per
923 2237 1107 2272 diaeresin
1138 2236 1314 2272 extulisse
1339 2238 1499 2272 testatur
1525 2236 1752 2272 choeroboe-

229 2296 292 2320 cus
319 2288 387 2320 592
414 2284 616 2320 Herodiani
641 2284 888 2330 epimerismis
918 2297 1022 2328 usus,
1055 2284 1100 2319 cf.
1127 2284 1175 2319 ad
1199 2284 1328 2319 Alcaei
1352 2283 1396 2319 fr.
1424 2287 1510 2327 145,
1541 2284 1605 2320 sed
1636 2280 1753 2319 haud-

229 2343 417 2378 quaquam
449 2333 681 2377 compertum
711 2332 782 2368 hoc
813 2332 896 2367 loeo
931 2332 1109 2376 quattuor
1139 2330 1367 2377 syllabarum
1402 2342 1483 2367 esse
1519 2329 1754 2374 vocabulum,

227 2378 449 2425 praesertim
473 2390 559 2414 cum
583 2380 735 2424 propter
760 2379 963 2424 scripturae
988 2378 1209 2414 varietatem
1234 2389 1281 2414 ne
1306 2389 1476 2414 numeros
1501 2377 1651 2423 quidem
1675 2377 1753 2413 fru-

229 2427 318 2462 stuli
343 2428 445 2462 certa
468 2426 613 2462 ratione
639 2424 839 2462 discribere
864 2427 989 2462 liceat.

324 2473 383 2508 Fr.
413 2477 468 2509 16.
519 2473 640 2510 Schol.
666 2473 771 2510 Pind.
796 2472 904 2518 Pyth.
931 2474 948 2508 I
975 2477 1035 2509 10:
1056 2469 1102 2508 Ἡ
1124 2471 1167 2509 δὲ
1193 2470 1367 2518 Σαπφώ
1395 2469 1457 2508 ἐπὶ
1482 2471 1549 2508 τοῦ
1576 2468 1752 2507 ἐναντίου

230 2519 415 2556 ἐπὶτῶν
441 2521 745 2566 περιστερῶν·
776 2523 911 2556 Ταῖσι
935 2518 1110 2567 ’ψυχρὸς
1128 2523 1203 2556 κτλ.
1230 2541 1275 2547 -
1294 2519 1338 2556 V.
1362 2524 1391 2556 1.
1419 2518 1462 2555 δὲ
1481 2518 1619 2563 adiecit
1636 2519 1752 2562 Neue,

229 2568 382 2604 Boeckh
406 2572 488 2608 ταῖς
513 2568 680 2613 scripsit,
710 2579 779 2603 nec
808 2570 934 2604 tamen
959 2567 1169 2604 emendatio
1196 2566 1475 2612 oerta‚.conieoi
1498 2569 1621 2601 ταῖσιν
1646 2563 1747 2611 αἶψ’
1814 2596 1817 2598 .

229 2612 385 2661 ῢγρος,
411 2615 470 2651 vel
496 2619 618 2651 ταῖσιν
643 2611 883 2662 ἄβληχρος.
911 2636 954 2641 -
982 2613 1111 2660 ἔγεντο
1137 2615 1298 2660 Boeckh,
1323 2614 1437 2660 vulgo
1462 2609 1624 2659 ἐγένετο.

324 2663 381 2697 Fr.
411 2667 466 2698 17.
517 2661 698 2698 Coniunxi
729 2662 803 2698 duo
833 2662 1059 2708 fragmenta:
1097 2662 1199 2707 prius
1236 2661 1386 2697 exhibet
1418 2660 1477 2697 Et.
1502 2660 1550 2696 M.
1578 2664 1660 2706 576,
1685 2663 1749 2696 22:

231 2710 468 2755 Μελεδῶναι,
494 2708 538 2744 αἴ
559 2706 605 2745 τὰ
631 2707 721 2755 μέλη
748 2708 902 2745 ἔδουσαι
927 2710 1140 2755 φροντίδες·
1173 2705 1270 2745 ὅθεν
1290 2705 1459 2748 ἹΙσίοδος
1484 2733 1492 2742 .
1520 2735 1527 2743 .
1556 2735 1563 2743 .
1591 2735 1599 2743 .
1625 2707 1690 2743 καὶ
1714 2704 1754 2742 οἷ

230 2756 374 2798 Αἰολεῖς
404 2754 616 2803 σταλαγμὸν
647 2754 715 2802 τὴν
747 2753 890 2802 ὀδύνην
919 2756 1109 2802 λέγουσιν·
1143 2756 1236 2802 (cod.
1268 2755 1364 2791 Flor.
1396 2754 1520 2790 Miller
1550 2754 1654 2790 Mine.
1681 2758 1750 2789 213

231 2804 352 2840 addit:
393 2804 562 2849 Σαπφῶ·
594 2801 679 2839 κατ’
719 2800 810 2849 ἐμὸν
843 2802 1076 2850 στελεγμόν·)
1107 2799 1358 2846 ἄποστᾶζουσι
1387 2798 1460 2847 γὰρ
1491 2802 1554 2837 καὶ
1587 2799 1748 2848 ῥέουσιν.

233 2851 311 2895 Ego
336 2850 412 2886 iam
438 2851 477 2886 in
501 2850 695 2896 proecdosi
720 2852 806 2886 ante
825 2851 962 2888 Milleri
986 2851 1121 2887 librum
1141 2850 1282 2887 editum
1307 2848 1562 2885 divinaveram
1580 2845 1647 2884 τὸν
1673 2860 1707 2883 v.
1726 2852 1747 2883 2
