1864 3126
210 161 296 204 366
557 146 559 151 ’
772 159 967 196 POETAE
991 159 1167 197 MELICI.

234 281 277 312 85
310 269 398 311 ΓΌτε
429 274 554 323 μῆλον
585 270 669 324 ἔσχε
701 269 868 324 Κύπρις,
1073 274 1267 325 φλογεροῦ
1297 268 1420 324 ῥόδου
1450 268 1492 311 τὸ
1523 270 1702 324 κέντρον·

292 336 402 384 κλέος
433 334 607 387 ἄφθιτον
637 340 863 390 προσεῦρεν,
993 337 1236 388 12οΠαφίης
1265 333 1339 389 γάρ
1370 336 1447 376 ἐστι
1477 335 1626 387 τέκνον,

292 400 411 441 πλέον
440 399 604 442 ἄστατον
636 400 678 441 δὲ
710 405 855 453 μᾶλλον
1072 398 1094 442 ’ὅ
1126 413 1166 441 σε
1195 405 1276 448 τοῖς
1307 398 1438 449 δόλοις
1469 396 1642 453 δαμάζει.

294 463 454 516 φθόνον
486 466 528 506 ἐκ
557 469 666 506 θεῶν
697 463 894 506 ἁπάντων.
1103 465 1294 520 Πολέμων
1325 464 1477 506 ἄνασσα
1508 463 1680 515 Παλλάς,

327 527 379 571 Τὸ
411 528 532 584 ῥόδον
562 530 679 580 πλέος
708 547 754 584 με
785 526 912 583 μήλου
1074 534 1280 584 σθεναρῶν
1311 533 1436 584 βελῶν
1467 534 1675 583 κρατοῦσα,

235 605 279 637 90
294 594 422 648 σοφὸν
453 597 508 645 εἰς
537 596 647 645 κλέος
678 598 834 649 κομίζει.
1076 596 1228 651 ῥοδέοις
1259 594 1393 645 ’ὅπλοις
1423 594 1615 649 ἐλήφθης,

325 660 477 702 Βελὲων
496 659 670 714 ’Ἑρωτος
701 658 808 702 οἶδεν
995 673 1060 704 125
1075 660 1195 714 ἐδάης
1227 659 1355 714 μάχην
1385 659 1592 714 Κυθήρης.

293 723 335 766 τὸ
368 724 487 779 ῥόδον
518 728 636 767 πλέον
668 742 713 778 με
744 726 907 779 τέρπειν,
1101 723 1275 776 Ἐδόκεις
1306 731 1473 781 κρατεῖν,
1500 724 1667 779 Ἀθήνη,

293 789 352 832 ὅτι
383 788 592 839 Παλλάδος
623 794 820 844 κρατῆσαν
1077 792 1211 846 ἔλαβες
1243 791 1285 832 δὲ
1315 797 1454 846 πεῖραν
1484 790 1569 845 ἄρτι

295 859 437 911 Παφίη
469 856 578 905 κλέος
609 854 831 910 προσάπτει.
1077 856 1259 898 καλύκων
1290 860 1465 910 λαβοῦσα
1494 857 1670 910 κέντρον·

236 930 280 962 95
314 920 485 975 ’Ἀγαμαι
516 919 638 974 φύσιν
669 920 858 975 πετήλων,
1075 921 1194 964 πάλιν
1225 919 1277 964 ἄν
1308 922 1428 979 θέλῃς
1458 918 1629 963 άνάπτω.

297 985 469 1036 κάλυκας
499 986 619 1028 πλέον
649 990 831 1041 γεραίρω’
998 998 1064 1029 130
1111 985 1163 1029 Τὸ
1195 988 1308 1042 γένος
1338 985 1380 1028 τὸ
1412 991 1480 1040 τῆς
1510 985 1708 1040 Κυθήρης

297 1050 363 1093 διὰ
394 1051 473 1093 τῶν
504 1050 635 1106 ῥόδων
665 1050 739 1106 γὰρ
771 1051 855 1106 ἄρτι
1078 1051 1266 1106 μακάρων
1296 1050 1399 1094 ὅλων
1430 1050 1602 1093 ἀνάσσει.

297 1119 440 1170 σοφίης
470 1121 665 1171 κρατοῦσα
696 1115 848 1170 λάμπω.
1091 1118 1242 1170 Βλέπε,
1274 1115 1444 1168 Παλλάς,
1471 1115 1703 1170 Ἀφροδίτης

326 1181 534 1235 Παλάμαις
565 1180 685 1237 ῥόδον
716 1185 891 1236 λαβοῦσα
1076 1181 1117 1224 τὸ
1149 1180 1269 1237 ῥόδον
1299 1180 1341 1223 τὸ
1373 1180 1512 1235 μικρὸν
1543 1181 1671 1231 ἄνθος

217 1258 282 1288 100
296 1248 385 1288 ποτὶ
416 1246 486 1297 σὰς
516 1246 646 1300 κόμιζε
677 1249 801 1302 ῥῖνας,
867 1260 869 1263 ⁴
1076 1250 1241 1301 κραδίης
1271 1252 1358 1300 τεῆς
1388 1251 1585 1300 κρατῆσαν

297 1315 363 1354 ἴνα
392 1310 465 1366 τὴν
495 1310 608 1367 χάριν
639 1315 814 1366 λαβοῦσα
1000 1323 1064 1353 135
1081 1310 1268 1366 δροσερὸν
1290 1312 1411 1366 -βέλος
1441 1314 1612 1365 κομίζον.

297 1376 487 1433 ῥοδόεσσά
517 1395 573 1426 τις
604 1379 801 1434 φανείηςμ
1110 1379 1290 1432 Κραδίην
1320 1381 1429 1419 θεῶν
1459 1379 1574 1418 ἰαίνει

333 1441 385 1485 Τὸ
418 1441 545 1496 φυτὸν
576 1440 618 1484 τὸ
649 1447 717 1496 τῆς
746 1438 921 1495 Ἀθήνης
1079 1441 1120 1484 τὸ
1152 1441 1272 1497 ῥόδον
1302 1441 1344 1484 τὸ
1375 1446 1442 1496 τῆς
1474 1441 1684 1496 Κυθήρης·

296 1510 460 1561 Παφίης
490 1506 611 1557 κάλυξ
642 1506 801 1561 ἐτύχθη,
1079 1506 1174 1562 λάβε
1206 1506 1344 1563 μικρὸν
1375 1507 1460 1562 ἄρτι
1490 1512 1627 1562 γεῦμα,

217 1585 283 1614 105
298 1575 363 1614 ἴνα
393 1577 471 1614 τῶν
502 1571 605 1614 ὅλων
637 1576 781 1627 φανείη
826 1603 837 1614 .
1080 1573 1146 1614 ἵνα
1177 1571 1249 1614 σὸν
1278 1573 1371 1626 κέαρ
1401 1571 1585 1629 κρατήσῃ.

298 1642 442 1693 νοερῶς
474 1637 574 1692 μόνη
605 1642 811 1692 κρατοῦσα.
1001 1647 1067 1678 140
1114 1635 1167 1679 Τὸ
1199 1636 1340 1692 κράτος
1369 1635 1411 1679 τὸ
1442 1642 1510 1691 τῆς
1537 1636 1711 1692 Ἀθήνης

330 1702 525 1758 Φλογερὸς
556 1704 734 1756 πέφυκεν
765 1702 928 1758 οἶστρος,
1080 1700 1100 1744 ὃ
1132 1701 1252 1752 κάλυξ
1283 1703 1427 1752 ἔδειξεν
1457 1701 1592 1744 οὐδέν·

298 1767 588 1823 φλογεριότερον
620 1769 662 1810 δὲ
693 1766 833 1811 τούτου
962 1821 967 1826 ·
1080 1766 1179 1809 ὅθεν
1210 1765 1350 1822 άρτίως
1380 1766 1622 1822 προλάμπων

296 1827 479 1876 καλῦκων
509 1834 685 1886 πέφυκεν
716 1829 843 1883 ἄνθος
1070 1835 1229 1889 ’Παφίη
1261 1835 1399 1874 δίδωσι
1429 1832 1569 1887 χάρμα.

218 1910 284 1940 110
298 1901 442 1952 σοφίης
472 1898 625 1940 ἄνασσα
656 1898 811 1952 μάρτυς.
1103 1897 1147 1939 Ὁ
1177 1897 1322 1953 γλυκὺς
1352 1897 1474 1948 κάλυξ
1505 1899 1662 1952 ἐδείχθη

297 1967 454 2018 Σοφίης
483 1963 660 2005 ἄνασσαν
691 1963 774 2018 ἄρτι
1001 1974 1064 2004 145
1079 1962 1247 2018 μεγάλης
1277 1968 1375 2013 θεᾶς
1400 1962 1576 2017 Ἀθήνης

296 2028 338 2072 τὸ
370 2028 491 2084 ῥόδον
523 2029 650 2082 φανὲν
682 2028 869 2081 διδάσκει,
1078 2028 1213 2077 τελέως
1243 2032 1373 2080 φυτοῦ
1403 2042 1608 2083 κρατησας.

299 2094 357 2137 ’ὅτι
388 2093 594 2149 Κύπριδος
623 2093 669 2135 τὰ
700 2093 839 2136 πάντα.
1108 2093 1335 2145 Κρατέουσα
1367 2097 1442 2135 νῦν
1468 2091 1642 2147 Ἀθήνης

296 2159 498 2214 μ”Εμαθεν
527 2158 573 2200 τὰ
604 2164 680 2201 νῦν
706 2158 859 2213 Ἀθήνη
1080 2161 1221 2212 Παφίη
1252 2158 1356 2200 θέλω
1388 2163 1575 2213 κρατῆσαι

218 2235 284 2266 115
298 2223 510 2280 γλυκεροὺς
541 2222 713 2274 κλάδους
740 2223 931 2279 Ἐρώτων,
1080 2225 1243 2278 Ζυγίης·
1277 2221 1378 2277 μόνη
1409 2240 1483 2278 γαρ
1514 2221 1611 2277 αῦτη

299 2291 447 2344 ἔμαθεν
478 2289 621 2339 σθένος
652 2286 864 2343 Κυθήρης,
1001 2299 1067 2330 150
1081 2287 1264 2344 παλάμας
1295 2286 1390 2342 ε’μας
1419 2287 1645 2343 προφεύγει.

305 2355 462 2408 φρονέει
493 2352 538 2395 τὰ
569 2358 646 2396 τῶν
673 2351 864 2408 Ἐρώτων.
1105 2351 1243 2395 Ῥόδον
1265 2353 1308 2394 ἐκ
1333 2357 1490 2407 φρενῶν
1509 2350 1683 2406 Ἀθήνης
1769 2363 1857 2395 1101

333 2420 514 2473 Τρομέεις
544 2417 589 2460 τὰ
621 2424 696 2461 νῦν
727 2424 922 2475 κρατοῦσα
1082 2417 1211 2471 ἐφάνη
1244 2417 1368 2471 μόνον
1399 2422 1609 2472 κρατῆσαν·

221 2625 258 2661 V
287 2629 343 2660 86.
370 2624 399 2659 Β
425 2618 644 2670 προσεῦρεν.
674 2645 714 2649 —
750 2622 793 2660 V.
821 2627 877 2660 87.
904 2623 1071 2660 Piccolos
1097 2623 1229 2664 κλέους
1258 2619 1422 2659 ἀστάτου
1449 2620 1491 2658 δε
1517 2621 1666 2668 μᾶλλον.
1695 2641 1737 2647 -——

219 2673 261 2707 V.
291 2677 368 2708 100.
395 2672 424 2706 Β
451 2671 567 2718 ῥ’ίνας.
620 2692 663 2697 ——
690 2671 732 2708 V.
762 2675 840 2707 110.
867 2669 1007 2717 μάρτυς
1032 2671 1078 2715 Β,
1109 2682 1183 2707 non
1209 2668 1740 2728 pdotv9,11tMatranga.—

218 2721 261 2755 V.
292 2724 368 2755 116
396 2688 542 2776 ἔμαθεν
567 2720 608 2762 Β,
642 2717 763 2775 ἔμαθε
792 2718 998 2763 Matranga.
1026 2739 1070 2744 -
1117 2719 1161 2754 V.
1189 2722 1267 2754 119.
1294 2715 1408 2762 ῥόδου
1436 2717 1481 2761 Β,
1514 2727 1588 2751 non
1613 2714 1738 2773 ῥόδον.

219 2788 260 2791 -
294 2767 337 2803 V.
373 2771 450 2802 121.
484 2780 503 2801 ο
530 2778 569 2802 σε
596 2747 644 2809 Β,
678 2763 698 2801 ὁ
726 2765 768 2801 δὲ
802 2766 1007 2823 Matranga.
1034 2786 1078 2792 —
1111 2766 1155 2802 V.
1184 2769 1262 2800 129.
1295 2764 1462 2801 Piccolos
1492 2761 1659 2808 πάλην,
1690 2776 1739 2798 αν

216 2812 343 2869 θέλης,
370 2811 592 2852 συνάπτω.
615 2834 656 2838 —-
678 2813 722 2847 V.
746 2818 822 2848 131.
850 2810 1017 2858 ἀνάσσει,
1038 2813 1103 2848 sed
1122 2825 1223 2848 ειηι.
1244 2823 1314 2848 sec.
1334 2812 1371 2846 in
1390 2823 1460 2846 ras
1481 2811 1520 2845 B.
1538 2811 1638 2845 -—V.
1661 2814 1738 2846 139.

218 2858 285 2894 σὸν
313 2861 353 2902 Β,
387 2861 445 2896 σοὶ
470 2861 676 2906 Matranga.
711 2882 754 2886 ——
786 2861 830 2896 V.
860 2865 939 2895 143.
965 2862 1117 2907 Παφίῃ,
1144 2861 1172 2894 Β
1198 2860 1344 2904 Παφίη
1379 2879 1418 2883 —
1456 2858 1496 2894 V.
1527 2861 1605 2892 145.
1620 2858 1740 2907 θεᾶς,

220 2908 248 2942 Β
273 2906 381 2947 θεὰς.
405 2928 447 2933 -
474 2908 516 2944 V.
540 2912 618 2944 148.
645 2910 790 2953 Παφίη,
817 2908 846 2941 Β
873 2909 1032 2953 Παφίηι.
1056 2928 1098 2933 -
1119 2907 1162 2943 V.
1186 2911 1263 2944 151.
1291 2873 1332 2941 ἐκ
1358 2906 1566 2950 Maranga,
1592 2900 1635 2941 εὖ
1660 2905 1740 2940 Pic-
