<?xml version="1.0" encoding="UTF-8"?>
<!DOCTYPE html PUBLIC "-//W3C//DTD XHTML 1.0 Transitional//EN"
    "http://www.w3.org/TR/xhtml1/DTD/xhtml1-transitional.dtd">
<html xmlns="http://www.w3.org/1999/xhtml" xml:lang="en" lang="en">
 <head>
  <title>
</title>
<meta http-equiv="Content-Type" content="text/html;charset=utf-8" />
  <meta name='ocr-system' content='tesseract 3.04.00' />
  <meta name='ocr-capabilities' content='ocr_page ocr_carea ocr_par ocr_line ocrx_word'/>
</head>
<body>
  <div class='ocr_page' id='page_1' title='image "./poetaelyricigrae03berguoft_0106.png"; bbox 0 0 1864 3126; ppageno 0'>
   <div class='ocr_carea' id='block_1_1' title="bbox 235 125 1193 170">
    <p class='ocr_par' dir='ltr' id='par_1_1' title="bbox 235 125 1193 170">
     <span class='ocr_line' id='line_1_1' title="bbox 235 125 1193 170; baseline -0.001 -7"><span class='ocrx_word' id='word_1_1' title='bbox 235 127 292 170; x_wconf 87' lang='grc'><strong>96</strong></span> <span class='ocrx_word' id='word_1_2' title='bbox 802 126 862 162; x_wconf 92' lang='grc' dir='ltr'><strong>ΡΟ</strong></span> <span class='ocrx_word' id='word_1_3' title='bbox 867 125 992 161; x_wconf 84' lang='grc' dir='ltr'><strong>ΕΤΑΕ</strong></span> <span class='ocrx_word' id='word_1_4' title='bbox 1018 126 1193 162; x_wconf 78' lang='grc' dir='ltr'><strong>ΜΕΙιΙΟΙ.</strong></span> 
     </span>
    </p>
   </div>
   <div class='ocr_carea' id='block_1_2' title="bbox 306 231 1136 361">
    <p class='ocr_par' dir='ltr' id='par_1_2' title="bbox 306 231 1136 361">
     <span class='ocr_line' id='line_1_2' title="bbox 306 231 1136 289; baseline -0.001 -12"><span class='ocrx_word' id='word_1_5' title='bbox 306 238 505 285; x_wconf 79' lang='grc' dir='ltr'><em>ποίκιλος</em></span> <span class='ocrx_word' id='word_1_6' title='bbox 536 233 704 289; x_wconf 78' lang='grc' dir='ltr'><em>μᾶσλης</em></span> <span class='ocrx_word' id='word_1_7' title='bbox 736 231 969 288; x_wconf 82' lang='grc' dir='ltr'><strong><em>ἐκάλυπτε,</em></strong></span> <span class='ocrx_word' id='word_1_8' title='bbox 1001 231 1136 276; x_wconf 77' lang='grc' dir='ltr'><em>Λύδι-</em></span> 
     </span>
     <span class='ocr_line' id='line_1_3' title="bbox 519 303 918 361; baseline -0.003 -14"><span class='ocrx_word' id='word_1_9' title='bbox 519 322 572 347; x_wconf 95' lang='grc' dir='ltr'><em>ον</em></span> <span class='ocrx_word' id='word_1_10' title='bbox 603 303 742 347; x_wconf 75' lang='grc' dir='ltr'><em>κάλον</em></span> <span class='ocrx_word' id='word_1_11' title='bbox 774 306 918 361; x_wconf 80' lang='grc' dir='ltr'><em>ἔργον.</em></span> 
     </span>
    </p>
   </div>
   <div class='ocr_carea' id='block_1_3' title="bbox 306 423 1098 736">
    <p class='ocr_par' dir='ltr' id='par_1_3' title="bbox 306 423 1098 736">
     <span class='ocr_line' id='line_1_4' title="bbox 891 423 1098 475; baseline 0 -11"><span class='ocrx_word' id='word_1_12' title='bbox 891 423 957 465; x_wconf 85' lang='grc'><strong>20.</strong></span> <span class='ocrx_word' id='word_1_13' title='bbox 993 423 1098 475; x_wconf 88' lang='grc'>[84.]</span> 
     </span>
     <span class='ocr_line' id='line_1_5' title="bbox 306 503 1025 560; baseline -0.004 -11"><span class='ocrx_word' id='word_1_14' title='bbox 306 540 315 548; x_wconf 91' lang='grc'><strong>.</strong></span> <span class='ocrx_word' id='word_1_15' title='bbox 349 542 356 549; x_wconf 96' lang='grc'><em>.</em></span> <span class='ocrx_word' id='word_1_16' title='bbox 390 539 398 548; x_wconf 94' lang='grc'><strong>.</strong></span> <span class='ocrx_word' id='word_1_17' title='bbox 432 539 440 547; x_wconf 93' lang='grc'><strong><em>.</em></strong></span> <span class='ocrx_word' id='word_1_18' title='bbox 473 503 792 555; x_wconf 71' lang='grc' dir='ltr'><em>Παντοδαπαις</em></span> <span class='ocrx_word' id='word_1_19' title='bbox 823 504 1025 560; x_wconf 83' lang='grc' dir='ltr'><em>μεμιγμέ-</em></span> 
     </span>
     <span class='ocr_line' id='line_1_6' title="bbox 518 578 841 633; baseline 0.006 -15"><span class='ocrx_word' id='word_1_20' title='bbox 518 593 574 618; x_wconf 89' lang='grc' dir='ltr'><strong>να</strong></span> <span class='ocrx_word' id='word_1_21' title='bbox 606 578 841 633; x_wconf 85' lang='grc' dir='ltr'><em>χροῖἀισιν.</em></span> 
     </span>
     <span class='ocr_line' id='line_1_7' title="bbox 946 695 1047 736; baseline 0 0"><span class='ocrx_word' id='word_1_22' title='bbox 946 695 1047 736; x_wconf 66' lang='lat'><strong>³⁵21.</strong></span> 
     </span>
    </p>
   </div>
   <div class='ocr_carea' id='block_1_4' title="bbox 295 773 1081 832">
    <p class='ocr_par' dir='ltr' id='par_1_4' title="bbox 295 773 1081 832">
     <span class='ocr_line' id='line_1_8' title="bbox 295 773 1081 832; baseline 0 -13"><span class='ocrx_word' id='word_1_23' title='bbox 295 812 302 818; x_wconf 94' lang='lat'><strong>.</strong></span> <span class='ocrx_word' id='word_1_24' title='bbox 336 811 344 820; x_wconf 92' lang='lat'><strong>.</strong></span> <span class='ocrx_word' id='word_1_25' title='bbox 378 774 600 832; x_wconf 73' lang='grc' dir='ltr'><em>.’Ἑμεθεν</em></span> <span class='ocrx_word' id='word_1_26' title='bbox 633 773 673 819; x_wconf 82' lang='grc' dir='ltr'><strong>δ’</strong></span> <span class='ocrx_word' id='word_1_27' title='bbox 709 778 890 832; x_wconf 81' lang='grc' dir='ltr'><em>ἔχεισθα</em></span> <span class='ocrx_word' id='word_1_28' title='bbox 920 775 1081 819; x_wconf 82' lang='grc' dir='ltr'><em>λάθαν.</em></span> 
     </span>
    </p>
   </div>
   <div class='ocr_carea' id='block_1_5' title="bbox 943 896 1047 939">
    <p class='ocr_par' dir='ltr' id='par_1_5' title="bbox 943 896 1047 939">
     <span class='ocr_line' id='line_1_9' title="bbox 943 896 1047 939; baseline -0.01 0"><span class='ocrx_word' id='word_1_29' title='bbox 943 899 966 924; x_wconf 71' lang='grc'><em>*</em></span> <span class='ocrx_word' id='word_1_30' title='bbox 978 896 1047 939; x_wconf 84' lang='grc'><strong>22.</strong></span> 
     </span>
    </p>
   </div>
   <div class='ocr_carea' id='block_1_6' title="bbox 306 974 1242 1106">
    <p class='ocr_par' dir='ltr' id='par_1_6' title="bbox 306 974 1242 1106">
     <span class='ocr_line' id='line_1_10' title="bbox 308 974 852 1022; baseline 0 -1"><span class='ocrx_word' id='word_1_31' title='bbox 308 1012 483 1022; x_wconf 89' lang='grc'><strong>.....</strong></span> <span class='ocrx_word' id='word_1_32' title='bbox 504 975 570 1020; x_wconf 87' lang='lat' dir='ltr'><strong><em>’‘I-I</em></strong></span> <span class='ocrx_word' id='word_1_33' title='bbox 593 974 679 1021; x_wconf 88' lang='grc' dir='ltr'><em>τιν’</em></span> <span class='ocrx_word' id='word_1_34' title='bbox 714 974 852 1021; x_wconf 75' lang='grc' dir='ltr'><em>ἄλλον</em></span> 
     </span>
     <span class='ocr_line' id='line_1_11' title="bbox 306 1046 1242 1106; baseline -0.001 -14"><span class='ocrx_word' id='word_1_35' title='bbox 306 1047 515 1106; x_wconf 81' lang='grc' dir='ltr'><em>(μᾶλλον)</em></span> <span class='ocrx_word' id='word_1_36' title='bbox 548 1046 804 1106; x_wconf 72' lang='grc' dir='ltr'><em>ἀνθρώπων</em></span> <span class='ocrx_word' id='word_1_37' title='bbox 837 1050 996 1104; x_wconf 81' lang='grc' dir='ltr'><em>ἔμεθεν</em></span> <span class='ocrx_word' id='word_1_38' title='bbox 1028 1051 1242 1105; x_wconf 83' lang='grc' dir='ltr'><em>φίλησθα.</em></span> 
     </span>
    </p>
   </div>
   <div class='ocr_carea' id='block_1_7' title="bbox 231 1198 1799 2521">
    <p class='ocr_par' dir='ltr' id='par_1_7' title="bbox 231 1198 1760 1391">
     <span class='ocr_line' id='line_1_12' title="bbox 233 1198 1757 1247; baseline -0.001 -10"><span class='ocrx_word' id='word_1_39' title='bbox 233 1201 387 1245; x_wconf 87' lang='lat' dir='ltr'><strong>Seidler,</strong></span> <span class='ocrx_word' id='word_1_40' title='bbox 413 1200 526 1247; x_wconf 86' lang='lat' dir='ltr'><strong>vulgo</strong></span> <span class='ocrx_word' id='word_1_41' title='bbox 551 1198 665 1236; x_wconf 82' lang='grc' dir='ltr'><em>πόδα.</em></span> <span class='ocrx_word' id='word_1_42' title='bbox 693 1222 736 1227; x_wconf 92' lang='grc'><strong>-</strong></span> <span class='ocrx_word' id='word_1_43' title='bbox 765 1201 806 1238; x_wconf 90' lang='lat' dir='ltr'><strong>V.</strong></span> <span class='ocrx_word' id='word_1_44' title='bbox 833 1206 866 1238; x_wconf 87' lang='grc'><strong>2.</strong></span> <span class='ocrx_word' id='word_1_45' title='bbox 893 1199 1033 1247; x_wconf 78' lang='grc' dir='ltr'><em>μάσλης</em></span> <span class='ocrx_word' id='word_1_46' title='bbox 1057 1201 1205 1236; x_wconf 87' lang='lat' dir='ltr'><strong>Bekker</strong></span> <span class='ocrx_word' id='word_1_47' title='bbox 1228 1201 1266 1237; x_wconf 91' lang='lat' dir='ltr'><strong>in</strong></span> <span class='ocrx_word' id='word_1_48' title='bbox 1292 1200 1444 1236; x_wconf 83' lang='lat' dir='ltr'>Polluce</span> <span class='ocrx_word' id='word_1_49' title='bbox 1470 1201 1548 1246; x_wconf 82' lang='lat' dir='ltr'><strong>bis,</strong></span> <span class='ocrx_word' id='word_1_50' title='bbox 1582 1212 1627 1236; x_wconf 86' lang='lat' dir='ltr'><strong>ex</strong></span> <span class='ocrx_word' id='word_1_51' title='bbox 1651 1200 1757 1236; x_wconf 85' lang='lat' dir='ltr'><strong>codd.</strong></span> 
     </span>
     <span class='ocr_line' id='line_1_13' title="bbox 234 1245 1760 1294; baseline -0.001 -11"><span class='ocrx_word' id='word_1_52' title='bbox 234 1250 276 1283; x_wconf 90' lang='lat' dir='ltr'><strong>ut</strong></span> <span class='ocrx_word' id='word_1_53' title='bbox 301 1249 459 1293; x_wconf 87' lang='lat' dir='ltr'><strong>videtur,</strong></span> <span class='ocrx_word' id='word_1_54' title='bbox 485 1248 599 1293; x_wconf 85' lang='lat' dir='ltr'><strong>vulgo</strong></span> <span class='ocrx_word' id='word_1_55' title='bbox 626 1245 807 1294; x_wconf 78' lang='grc' dir='ltr'><em>μάσθλης,</em></span> <span class='ocrx_word' id='word_1_56' title='bbox 827 1251 869 1284; x_wconf 90' lang='lat' dir='ltr'><strong>ut</strong></span> <span class='ocrx_word' id='word_1_57' title='bbox 888 1260 947 1294; x_wconf 87' lang='lat' dir='ltr'><strong>ap.</strong></span> <span class='ocrx_word' id='word_1_58' title='bbox 969 1249 1090 1284; x_wconf 86' lang='lat' dir='ltr'><strong>Schol.</strong></span> <span class='ocrx_word' id='word_1_59' title='bbox 1111 1248 1223 1284; x_wconf 87' lang='lat' dir='ltr'><strong>Arist.</strong></span> <span class='ocrx_word' id='word_1_60' title='bbox 1275 1248 1383 1284; x_wconf 92' lang='lat' dir='ltr'><strong>Illam</strong></span> <span class='ocrx_word' id='word_1_61' title='bbox 1408 1249 1565 1283; x_wconf 83' lang='lat' dir='ltr'><strong>formam</strong></span> <span class='ocrx_word' id='word_1_62' title='bbox 1591 1248 1760 1284; x_wconf 75' lang='lat' dir='ltr'><strong>recenset</strong></span> 
     </span>
     <span class='ocr_line' id='line_1_14' title="bbox 231 1292 1757 1342; baseline 0 -12"><span class='ocrx_word' id='word_1_63' title='bbox 231 1296 435 1341; x_wconf 84' lang='lat' dir='ltr'><strong>Hephaest.</strong></span> <span class='ocrx_word' id='word_1_64' title='bbox 470 1299 531 1330; x_wconf 84' lang='lat'><strong>13:</strong></span> <span class='ocrx_word' id='word_1_65' title='bbox 567 1293 816 1340; x_wconf 80' lang='grc' dir='ltr'><em>προτάσσεται</em></span> <span class='ocrx_word' id='word_1_66' title='bbox 847 1294 889 1331; x_wconf 74' lang='grc' dir='ltr'><strong>δὲ</strong></span> <span class='ocrx_word' id='word_1_67' title='bbox 924 1293 1121 1342; x_wconf 80' lang='grc' dir='ltr'><em>ἡμίφωνον</em></span> <span class='ocrx_word' id='word_1_68' title='bbox 1152 1292 1269 1342; x_wconf 73' lang='grc' dir='ltr'><em>ὑγροῦ</em></span> <span class='ocrx_word' id='word_1_69' title='bbox 1302 1323 1309 1330; x_wconf 94' lang='grc'><strong>.</strong></span> <span class='ocrx_word' id='word_1_70' title='bbox 1339 1324 1347 1331; x_wconf 90' lang='grc'><strong><em>.</em></strong></span> <span class='ocrx_word' id='word_1_71' title='bbox 1375 1325 1382 1332; x_wconf 93' lang='grc'><em>.</em></span> <span class='ocrx_word' id='word_1_72' title='bbox 1415 1295 1480 1331; x_wconf 81' lang='grc' dir='ltr'><em>καὶ</em></span> <span class='ocrx_word' id='word_1_73' title='bbox 1510 1292 1553 1330; x_wconf 86' lang='grc' dir='ltr'><strong>τὸ</strong></span> <span class='ocrx_word' id='word_1_74' title='bbox 1588 1307 1609 1330; x_wconf 89' lang='grc' dir='ltr'><em>σ</em></span> <span class='ocrx_word' id='word_1_75' title='bbox 1640 1295 1708 1330; x_wconf 79' lang='grc' dir='ltr'><strong>τοῦ</strong></span> <span class='ocrx_word' id='word_1_76' title='bbox 1738 1297 1757 1330; x_wconf 89' lang='grc' dir='ltr'><em>λ</em></span> 
     </span>
     <span class='ocr_line' id='line_1_15' title="bbox 232 1340 886 1391; baseline 0 -13"><span class='ocrx_word' id='word_1_77' title='bbox 232 1341 328 1378; x_wconf 74' lang='grc' dir='ltr'><em>κατὰ</em></span> <span class='ocrx_word' id='word_1_78' title='bbox 354 1340 493 1387; x_wconf 77' lang='grc' dir='ltr'><em>πάθος,</em></span> <span class='ocrx_word' id='word_1_79' title='bbox 520 1340 569 1383; x_wconf 87' lang='grc' dir='ltr'><strong>ὡς</strong></span> <span class='ocrx_word' id='word_1_80' title='bbox 595 1341 636 1379; x_wconf 81' lang='grc' dir='ltr'><em>έν</em></span> <span class='ocrx_word' id='word_1_81' title='bbox 661 1344 711 1391; x_wconf 83' lang='grc' dir='ltr'><strong>τῷ</strong></span> <span class='ocrx_word' id='word_1_82' title='bbox 738 1341 886 1388; x_wconf 78' lang='grc' dir='ltr'><em>μάσλης.</em></span> 
     </span>
    </p>

    <p class='ocr_par' dir='ltr' id='par_1_8' title="bbox 231 1386 1799 1578">
     <span class='ocr_line' id='line_1_16' title="bbox 327 1386 1760 1436; baseline 0 -11"><span class='ocrx_word' id='word_1_83' title='bbox 327 1391 385 1426; x_wconf 90' lang='lat' dir='ltr'><strong>Fr.</strong></span> <span class='ocrx_word' id='word_1_84' title='bbox 411 1394 467 1426; x_wconf 87' lang='grc'><strong>20.</strong></span> <span class='ocrx_word' id='word_1_85' title='bbox 513 1390 636 1426; x_wconf 85' lang='lat' dir='ltr'><strong>Schol.</strong></span> <span class='ocrx_word' id='word_1_86' title='bbox 663 1391 787 1435; x_wconf 88' lang='lat' dir='ltr'>Apoll.</span> <span class='ocrx_word' id='word_1_87' title='bbox 806 1390 926 1426; x_wconf 84' lang='lat' dir='ltr'><strong>Rhod.</strong></span> <span class='ocrx_word' id='word_1_88' title='bbox 946 1391 962 1424; x_wconf 95' lang='lat' dir='ltr'>I</span> <span class='ocrx_word' id='word_1_89' title='bbox 983 1395 1070 1426; x_wconf 80' lang='lat'><strong>727:</strong></span> <span class='ocrx_word' id='word_1_90' title='bbox 1092 1387 1350 1435; x_wconf 84' lang='grc' dir='ltr'><em>Ἐρευθήεσσα</em></span> <span class='ocrx_word' id='word_1_91' title='bbox 1375 1388 1417 1425; x_wconf 78' lang='grc' dir='ltr'><strong>δὲ</strong></span> <span class='ocrx_word' id='word_1_92' title='bbox 1445 1386 1482 1436; x_wconf 79' lang='grc' dir='ltr'><strong>(ἡ</strong></span> <span class='ocrx_word' id='word_1_93' title='bbox 1506 1390 1574 1425; x_wconf 76' lang='grc' dir='ltr'><strong>τοῦ</strong></span> <span class='ocrx_word' id='word_1_94' title='bbox 1596 1386 1760 1430; x_wconf 79' lang='grc' dir='ltr'><em>Ἰάσονος</em></span> 
     </span>
     <span class='ocr_line' id='line_1_17' title="bbox 232 1433 1755 1483; baseline -0.001 -10"><span class='ocrx_word' id='word_1_95' title='bbox 232 1438 395 1482; x_wconf 76' lang='grc' dir='ltr'><em>δίπλαξ),</em></span> <span class='ocrx_word' id='word_1_96' title='bbox 421 1433 506 1472; x_wconf 81' lang='grc' dir='ltr'><em>ἀντὶ</em></span> <span class='ocrx_word' id='word_1_97' title='bbox 531 1439 597 1473; x_wconf 80' lang='grc' dir='ltr'><strong>τοῦ</strong></span> <span class='ocrx_word' id='word_1_98' title='bbox 625 1435 761 1483; x_wconf 75' lang='grc' dir='ltr'><em>πυρροί,</em></span> <span class='ocrx_word' id='word_1_99' title='bbox 787 1435 1014 1483; x_wconf 77' lang='grc' dir='ltr'><em>ὑπέρυθρος,</em></span> <span class='ocrx_word' id='word_1_100' title='bbox 1040 1437 1104 1472; x_wconf 77' lang='grc' dir='ltr'><em>καὶ</em></span> <span class='ocrx_word' id='word_1_101' title='bbox 1131 1436 1207 1473; x_wconf 81' lang='grc' dir='ltr'><em>ἔστι</em></span> <span class='ocrx_word' id='word_1_102' title='bbox 1231 1437 1334 1483; x_wconf 78' lang='grc' dir='ltr'><em>παρὰ</em></span> <span class='ocrx_word' id='word_1_103' title='bbox 1354 1434 1396 1472; x_wconf 88' lang='grc' dir='ltr'><strong>τὸ</strong></span> <span class='ocrx_word' id='word_1_104' title='bbox 1417 1435 1642 1482; x_wconf 79' lang='grc' dir='ltr'><em>Σαπφικόν·</em></span> <span class='ocrx_word' id='word_1_105' title='bbox 1667 1450 1755 1473; x_wconf 84' lang='grc' dir='ltr'><em>παν.</em></span> 
     </span>
     <span class='ocr_line' id='line_1_18' title="bbox 233 1483 1799 1531; baseline 0.001 -11"><span class='ocrx_word' id='word_1_106' title='bbox 233 1498 288 1531; x_wconf 86' lang='grc' dir='ltr'><strong>με.</strong></span> <span class='ocrx_word' id='word_1_107' title='bbox 315 1488 516 1530; x_wconf 82' lang='grc' dir='ltr'><em>χροιαῖσιν,</em></span> <span class='ocrx_word' id='word_1_108' title='bbox 550 1485 615 1519; x_wconf 91' lang='lat' dir='ltr'><strong>ubi</strong></span> <span class='ocrx_word' id='word_1_109' title='bbox 649 1484 833 1530; x_wconf 83' lang='grc' dir='ltr'><em>χροΐαισιν</em></span> <span class='ocrx_word' id='word_1_110' title='bbox 865 1484 1008 1520; x_wconf 86' lang='lat' dir='ltr'><strong>Seidler</strong></span> <span class='ocrx_word' id='word_1_111' title='bbox 1038 1484 1212 1521; x_wconf 73' lang='lat' dir='ltr'><strong>restituit.</strong></span> <span class='ocrx_word' id='word_1_112' title='bbox 1257 1484 1329 1519; x_wconf 88' lang='lat' dir='ltr'><strong>nisi</strong></span> <span class='ocrx_word' id='word_1_113' title='bbox 1360 1483 1456 1520; x_wconf 88' lang='lat' dir='ltr'><strong>forte</strong></span> <span class='ocrx_word' id='word_1_114' title='bbox 1488 1484 1639 1530; x_wconf 85' lang='lat' dir='ltr'>Sappho</span> <span class='ocrx_word' id='word_1_115' title='bbox 1671 1484 1759 1521; x_wconf 78' lang='lat' dir='ltr'><strong>scri·</strong></span> <span class='ocrx_word' id='word_1_116' title='bbox 1795 1487 1799 1493; x_wconf 74' lang='lat'><strong><em>¹</em></strong></span> 
     </span>
     <span class='ocr_line' id='line_1_19' title="bbox 231 1529 1757 1578; baseline 0 -11"><span class='ocrx_word' id='word_1_117' title='bbox 231 1535 358 1578; x_wconf 87' lang='lat' dir='ltr'><strong>pserat</strong></span> <span class='ocrx_word' id='word_1_118' title='bbox 381 1529 683 1567; x_wconf 75' lang='grc' dir='ltr'><em>παντοδαπαισιν</em></span> <span class='ocrx_word' id='word_1_119' title='bbox 709 1530 974 1578; x_wconf 82' lang='grc' dir='ltr'><em>μεμιασμένοι</em></span> <span class='ocrx_word' id='word_1_120' title='bbox 995 1533 1001 1576; x_wconf 91' lang='grc' dir='ltr'>Ι</span> <span class='ocrx_word' id='word_1_121' title='bbox 1023 1533 1206 1577; x_wconf 85' lang='grc' dir='ltr'><em>χροίαισιν</em></span> <span class='ocrx_word' id='word_1_122' title='bbox 1225 1532 1393 1567; x_wconf 86' lang='lat' dir='ltr'><strong>versibus</strong></span> <span class='ocrx_word' id='word_1_123' title='bbox 1413 1531 1658 1577; x_wconf 86' lang='lat' dir='ltr'><strong>asclepiadeis</strong></span> <span class='ocrx_word' id='word_1_124' title='bbox 1677 1543 1757 1568; x_wconf 84' lang='lat' dir='ltr'><strong>usa.</strong></span> 
     </span>
    </p>

    <p class='ocr_par' dir='ltr' id='par_1_9' title="bbox 231 1575 1792 2521">
     <span class='ocr_line' id='line_1_20' title="bbox 326 1575 1757 1625; baseline 0 -11"><span class='ocrx_word' id='word_1_125' title='bbox 326 1579 384 1614; x_wconf 91' lang='lat' dir='ltr'><strong>Fr.</strong></span> <span class='ocrx_word' id='word_1_126' title='bbox 411 1583 454 1614; x_wconf 89' lang='grc'><strong>21</strong></span> <span class='ocrx_word' id='word_1_127' title='bbox 488 1580 525 1614; x_wconf 84' lang='lat' dir='ltr'><strong>et</strong></span> <span class='ocrx_word' id='word_1_128' title='bbox 556 1583 612 1615; x_wconf 88' lang='grc'><strong>22.</strong></span> <span class='ocrx_word' id='word_1_129' title='bbox 662 1579 836 1624; x_wconf 88' lang='lat' dir='ltr'><strong>Apollon.</strong></span> <span class='ocrx_word' id='word_1_130' title='bbox 864 1580 910 1614; x_wconf 89' lang='lat' dir='ltr'><strong>de</strong></span> <span class='ocrx_word' id='word_1_131' title='bbox 934 1590 1038 1624; x_wconf 90' lang='lat' dir='ltr'><strong>pron.</strong></span> <span class='ocrx_word' id='word_1_132' title='bbox 1065 1583 1134 1614; x_wconf 85' lang='grc'><strong>343</strong></span> <span class='ocrx_word' id='word_1_133' title='bbox 1148 1578 1194 1614; x_wconf 92' lang='lat' dir='ltr'><strong>B:</strong></span> <span class='ocrx_word' id='word_1_134' title='bbox 1217 1575 1398 1625; x_wconf 89' lang='grc' dir='ltr'><em>Ἐμεθεν·</em></span> <span class='ocrx_word' id='word_1_135' title='bbox 1431 1579 1582 1619; x_wconf 80' lang='grc' dir='ltr'><em>πυκνῶς</em></span> <span class='ocrx_word' id='word_1_136' title='bbox 1606 1576 1649 1614; x_wconf 75' lang='grc' dir='ltr'><em>αἱ</em></span> <span class='ocrx_word' id='word_1_137' title='bbox 1670 1576 1757 1625; x_wconf 78' lang='grc' dir='ltr'><em>χρή-</em></span> 
     </span>
     <span class='ocr_line' id='line_1_21' title="bbox 233 1622 1757 1672; baseline 0.001 -10"><span class='ocrx_word' id='word_1_138' title='bbox 233 1639 309 1668; x_wconf 86' lang='grc' dir='ltr'><em>σεις</em></span> <span class='ocrx_word' id='word_1_139' title='bbox 333 1623 425 1672; x_wconf 81' lang='grc' dir='ltr'><em>παρ’</em></span> <span class='ocrx_word' id='word_1_140' title='bbox 461 1625 671 1661; x_wconf 81' lang='grc' dir='ltr'><em>Αἰολεῦσιν·</em></span> <span class='ocrx_word' id='word_1_141' title='bbox 706 1624 847 1672; x_wconf 80' lang='grc' dir='ltr'><em>ἐμέθεν</em></span> <span class='ocrx_word' id='word_1_142' title='bbox 880 1623 913 1661; x_wconf 78' lang='grc' dir='ltr'><strong>δ’</strong></span> <span class='ocrx_word' id='word_1_143' title='bbox 952 1625 1109 1671; x_wconf 80' lang='grc' dir='ltr'><em>ἔχεισθα</em></span> <span class='ocrx_word' id='word_1_144' title='bbox 1139 1624 1277 1662; x_wconf 77' lang='grc' dir='ltr'><em>λάθαν.</em></span> <span class='ocrx_word' id='word_1_145' title='bbox 1310 1622 1332 1671; x_wconf 80' lang='grc' dir='ltr'>ἢ</span> <span class='ocrx_word' id='word_1_146' title='bbox 1365 1623 1437 1661; x_wconf 85' lang='grc' dir='ltr'><em>τίν’</em></span> <span class='ocrx_word' id='word_1_147' title='bbox 1471 1623 1583 1662; x_wconf 78' lang='grc' dir='ltr'><em>ἄλλον</em></span> <span class='ocrx_word' id='word_1_148' title='bbox 1614 1622 1673 1662; x_wconf 78' lang='grc' dir='ltr'><em>ἄν.</em></span> <span class='ocrx_word' id='word_1_149' title='bbox 1701 1624 1757 1672; x_wconf 81' lang='grc' dir='ltr'><strong>ἐμ.</strong></span> 
     </span>
     <span class='ocr_line' id='line_1_22' title="bbox 233 1673 1759 1721; baseline 0.001 -12"><span class='ocrx_word' id='word_1_150' title='bbox 233 1675 415 1721; x_wconf 86' lang='grc' dir='ltr'><em>φιλῇσθα.</em></span> <span class='ocrx_word' id='word_1_151' title='bbox 466 1673 575 1708; x_wconf 86' lang='lat' dir='ltr'><strong>Haud</strong></span> <span class='ocrx_word' id='word_1_152' title='bbox 609 1673 719 1709; x_wconf 91' lang='lat' dir='ltr'><strong>dubie</strong></span> <span class='ocrx_word' id='word_1_153' title='bbox 752 1674 923 1719; x_wconf 84' lang='lat' dir='ltr'>Sapphus</span> <span class='ocrx_word' id='word_1_154' title='bbox 955 1675 1039 1708; x_wconf 86' lang='lat' dir='ltr'><strong>sunt</strong></span> <span class='ocrx_word' id='word_1_155' title='bbox 1069 1673 1290 1719; x_wconf 86' lang='lat' dir='ltr'><strong>fragmenta.</strong></span> <span class='ocrx_word' id='word_1_156' title='bbox 1339 1673 1423 1708; x_wconf 90' lang='lat' dir='ltr'><strong>Non</strong></span> <span class='ocrx_word' id='word_1_157' title='bbox 1455 1674 1557 1709; x_wconf 83' lang='lat' dir='ltr'><strong>recte</strong></span> <span class='ocrx_word' id='word_1_158' title='bbox 1587 1673 1759 1719; x_wconf 82' lang='lat' dir='ltr'><strong>Hartung</strong></span> 
     </span>
     <span class='ocr_line' id='line_1_23' title="bbox 233 1717 1757 1767; baseline 0 -11"><span class='ocrx_word' id='word_1_159' title='bbox 233 1725 430 1765; x_wconf 89' lang='lat' dir='ltr'><strong>utrumque</strong></span> <span class='ocrx_word' id='word_1_160' title='bbox 455 1721 705 1766; x_wconf 69' lang='lat' dir='ltr'><strong>fragmentum</strong></span> <span class='ocrx_word' id='word_1_161' title='bbox 738 1721 777 1756; x_wconf 90' lang='lat' dir='ltr'><strong>in</strong></span> <span class='ocrx_word' id='word_1_162' title='bbox 807 1721 906 1756; x_wconf 90' lang='lat' dir='ltr'><strong>hunc</strong></span> <span class='ocrx_word' id='word_1_163' title='bbox 937 1721 1087 1756; x_wconf 89' lang='lat' dir='ltr'><strong>modum</strong></span> <span class='ocrx_word' id='word_1_164' title='bbox 1119 1720 1310 1756; x_wconf 85' lang='lat' dir='ltr'><strong>coniunxit</strong></span> <span class='ocrx_word' id='word_1_165' title='bbox 1335 1749 1342 1755; x_wconf 94' lang='lat'><strong>.</strong></span> <span class='ocrx_word' id='word_1_166' title='bbox 1364 1747 1372 1755; x_wconf 93' lang='lat'><strong>.</strong></span> <span class='ocrx_word' id='word_1_167' title='bbox 1393 1749 1401 1757; x_wconf 94' lang='lat'><strong>.</strong></span> <span class='ocrx_word' id='word_1_168' title='bbox 1429 1719 1571 1766; x_wconf 79' lang='grc' dir='ltr'><em>ἔμεθεν</em></span> <span class='ocrx_word' id='word_1_169' title='bbox 1597 1717 1635 1755; x_wconf 80' lang='grc' dir='ltr'><strong>δ’</strong></span> <span class='ocrx_word' id='word_1_170' title='bbox 1663 1719 1757 1767; x_wconf 80' lang='grc' dir='ltr'><em>ἔχει·</em></span> 
     </span>
     <span class='ocr_line' id='line_1_24' title="bbox 233 1764 1756 1815; baseline 0 -11"><span class='ocrx_word' id='word_1_171' title='bbox 233 1772 323 1814; x_wconf 87' lang='grc' dir='ltr'><em>σθα,</em></span> <span class='ocrx_word' id='word_1_172' title='bbox 345 1767 479 1815; x_wconf 86' lang='grc' dir='ltr'><em>Ι”Ατθι,</em></span> <span class='ocrx_word' id='word_1_173' title='bbox 505 1765 631 1803; x_wconf 73' lang='grc' dir='ltr'><em>λάθαν</em></span> <span class='ocrx_word' id='word_1_174' title='bbox 650 1798 673 1802; x_wconf 87' lang='grc'>-</span> <span class='ocrx_word' id='word_1_175' title='bbox 691 1785 716 1802; x_wconf 81' lang='grc' dir='ltr'><strong><em>υ</em></strong></span> <span class='ocrx_word' id='word_1_176' title='bbox 733 1765 798 1813; x_wconf 74' lang='grc' dir='ltr'>υῆ</span> <span class='ocrx_word' id='word_1_177' title='bbox 825 1764 897 1803; x_wconf 87' lang='grc' dir='ltr'><em>τιν’</em></span> <span class='ocrx_word' id='word_1_178' title='bbox 925 1764 1038 1803; x_wconf 76' lang='grc' dir='ltr'><em>ἄλλον</em></span> <span class='ocrx_word' id='word_1_179' title='bbox 1061 1769 1066 1813; x_wconf 91' lang='grc' dir='ltr'>Ι</span> <span class='ocrx_word' id='word_1_180' title='bbox 1088 1769 1227 1813; x_wconf 76' lang='grc' dir='ltr'><em>μᾶλλον</em></span> <span class='ocrx_word' id='word_1_181' title='bbox 1253 1764 1469 1813; x_wconf 75' lang='grc' dir='ltr'><em>ἀνθρώπων</em></span> <span class='ocrx_word' id='word_1_182' title='bbox 1489 1766 1629 1813; x_wconf 75' lang='grc' dir='ltr'><em>ἔμεθεν</em></span> <span class='ocrx_word' id='word_1_183' title='bbox 1649 1770 1756 1814; x_wconf 82' lang='grc' dir='ltr'><em>φίλη-</em></span> 
     </span>
     <span class='ocr_line' id='line_1_25' title="bbox 233 1814 1757 1860; baseline 0 -9"><span class='ocrx_word' id='word_1_184' title='bbox 233 1819 327 1860; x_wconf 83' lang='grc' dir='ltr'><em>σθοι;</em></span> <span class='ocrx_word' id='word_1_185' title='bbox 361 1816 455 1851; x_wconf 86' lang='lat' dir='ltr'><strong>Sunt</strong></span> <span class='ocrx_word' id='word_1_186' title='bbox 479 1814 709 1851; x_wconf 82' lang='lat' dir='ltr'><strong>diversorum</strong></span> <span class='ocrx_word' id='word_1_187' title='bbox 736 1815 940 1850; x_wconf 82' lang='lat' dir='ltr'><strong>carminum</strong></span> <span class='ocrx_word' id='word_1_188' title='bbox 971 1815 1171 1860; x_wconf 86' lang='lat' dir='ltr'><strong>reliquiae,</strong></span> <span class='ocrx_word' id='word_1_189' title='bbox 1203 1826 1249 1850; x_wconf 89' lang='lat' dir='ltr'><strong>ne</strong></span> <span class='ocrx_word' id='word_1_190' title='bbox 1274 1815 1418 1851; x_wconf 87' lang='lat' dir='ltr'><strong>numeri</strong></span> <span class='ocrx_word' id='word_1_191' title='bbox 1449 1815 1599 1859; x_wconf 89' lang='lat' dir='ltr'><strong>quidem</strong></span> <span class='ocrx_word' id='word_1_192' title='bbox 1624 1826 1757 1852; x_wconf 88' lang='lat' dir='ltr'><strong>conve-</strong></span> 
     </span>
     <span class='ocr_line' id='line_1_26' title="bbox 232 1861 1756 1908; baseline 0 -10"><span class='ocrx_word' id='word_1_193' title='bbox 232 1863 355 1907; x_wconf 87' lang='lat' dir='ltr'><strong>niunt,</strong></span> <span class='ocrx_word' id='word_1_194' title='bbox 388 1873 476 1897; x_wconf 90' lang='lat' dir='ltr'><strong>nam</strong></span> <span class='ocrx_word' id='word_1_195' title='bbox 513 1863 556 1897; x_wconf 86' lang='lat' dir='ltr'><strong>fr.</strong></span> <span class='ocrx_word' id='word_1_196' title='bbox 583 1866 627 1897; x_wconf 87' lang='grc'><strong>21</strong></span> <span class='ocrx_word' id='word_1_197' title='bbox 660 1862 806 1898; x_wconf 82' lang='lat' dir='ltr'><strong>videtur</strong></span> <span class='ocrx_word' id='word_1_198' title='bbox 837 1862 1138 1907; x_wconf 79' lang='lat' dir='ltr'><strong>hendecasyllabi</strong></span> <span class='ocrx_word' id='word_1_199' title='bbox 1176 1861 1368 1898; x_wconf 84' lang='lat' dir='ltr'><strong>Phalaecii</strong></span> <span class='ocrx_word' id='word_1_200' title='bbox 1398 1873 1484 1908; x_wconf 85' lang='lat' dir='ltr'><strong>pars</strong></span> <span class='ocrx_word' id='word_1_201' title='bbox 1517 1873 1614 1907; x_wconf 89' lang='lat' dir='ltr'><strong>esse,</strong></span> <span class='ocrx_word' id='word_1_202' title='bbox 1646 1874 1756 1908; x_wconf 87' lang='lat' dir='ltr'><strong>quem</strong></span> 
     </span>
     <span class='ocr_line' id='line_1_27' title="bbox 231 1907 1755 1955; baseline 0.001 -10"><span class='ocrx_word' id='word_1_203' title='bbox 231 1920 427 1945; x_wconf 86' lang='lat' dir='ltr'><strong>numerum</strong></span> <span class='ocrx_word' id='word_1_204' title='bbox 451 1909 494 1944; x_wconf 85' lang='lat' dir='ltr'><strong>fr.</strong></span> <span class='ocrx_word' id='word_1_205' title='bbox 516 1913 560 1944; x_wconf 82' lang='lat'><strong>58</strong></span> <span class='ocrx_word' id='word_1_206' title='bbox 586 1912 624 1944; x_wconf 88' lang='lat' dir='ltr'><strong>et</strong></span> <span class='ocrx_word' id='word_1_207' title='bbox 650 1914 694 1945; x_wconf 82' lang='lat'><strong>59</strong></span> <span class='ocrx_word' id='word_1_208' title='bbox 721 1910 1043 1955; x_wconf 81' lang='lat' dir='ltr'><strong>deprehendimus,</strong></span> <span class='ocrx_word' id='word_1_209' title='bbox 1068 1909 1141 1944; x_wconf 87' lang='lat' dir='ltr'><strong>nisi</strong></span> <span class='ocrx_word' id='word_1_210' title='bbox 1166 1910 1262 1944; x_wconf 87' lang='lat' dir='ltr'><strong>forte</strong></span> <span class='ocrx_word' id='word_1_211' title='bbox 1287 1909 1520 1945; x_wconf 87' lang='lat' dir='ltr'><strong>scribendum</strong></span> <span class='ocrx_word' id='word_1_212' title='bbox 1547 1907 1688 1955; x_wconf 78' lang='grc' dir='ltr'><em>ἔμεθεν</em></span> <span class='ocrx_word' id='word_1_213' title='bbox 1713 1907 1755 1945; x_wconf 75' lang='grc' dir='ltr'><strong>δ’</strong></span> 
     </span>
     <span class='ocr_line' id='line_1_28' title="bbox 234 1956 1757 2002; baseline 0 -10"><span class='ocrx_word' id='word_1_214' title='bbox 234 1956 391 2002; x_wconf 77' lang='grc' dir='ltr'><em>ἕχεισθα</em></span> <span class='ocrx_word' id='word_1_215' title='bbox 412 1958 417 2002; x_wconf 88' lang='grc' dir='ltr'>Ι</span> <span class='ocrx_word' id='word_1_216' title='bbox 445 1957 598 1997; x_wconf 83' lang='grc' dir='ltr'><em>λᾶθος.</em></span> <span class='ocrx_word' id='word_1_217' title='bbox 632 1956 723 1992; x_wconf 85' lang='lat' dir='ltr'><strong>Cum</strong></span> <span class='ocrx_word' id='word_1_218' title='bbox 743 1968 878 2002; x_wconf 80' lang='lat' dir='ltr'><strong>anceps</strong></span> <span class='ocrx_word' id='word_1_219' title='bbox 898 1957 946 1992; x_wconf 90' lang='lat' dir='ltr'><strong>sit</strong></span> <span class='ocrx_word' id='word_1_220' title='bbox 970 1957 1159 2001; x_wconf 89' lang='lat' dir='ltr'><strong>iudicium,</strong></span> <span class='ocrx_word' id='word_1_221' title='bbox 1187 1957 1285 1992; x_wconf 87' lang='lat' dir='ltr'><strong>certe</strong></span> <span class='ocrx_word' id='word_1_222' title='bbox 1310 1956 1414 1991; x_wconf 88' lang='lat' dir='ltr'><strong>nolui</strong></span> <span class='ocrx_word' id='word_1_223' title='bbox 1439 1957 1533 1992; x_wconf 86' lang='lat' dir='ltr'><strong>haec</strong></span> <span class='ocrx_word' id='word_1_224' title='bbox 1558 1957 1631 1993; x_wconf 91' lang='lat' dir='ltr'><strong>duo</strong></span> <span class='ocrx_word' id='word_1_225' title='bbox 1657 1957 1757 2002; x_wconf 81' lang='lat' dir='ltr'><strong>frag-</strong></span> 
     </span>
     <span class='ocr_line' id='line_1_29' title="bbox 232 2003 1756 2050; baseline -0.001 -10"><span class='ocrx_word' id='word_1_226' title='bbox 232 2006 359 2040; x_wconf 88' lang='lat' dir='ltr'><strong>menta</strong></span> <span class='ocrx_word' id='word_1_227' title='bbox 390 2014 573 2050; x_wconf 87' lang='lat' dir='ltr'><strong>separare.</strong></span> <span class='ocrx_word' id='word_1_228' title='bbox 606 2025 651 2030; x_wconf 90' lang='lat'><strong>—</strong></span> <span class='ocrx_word' id='word_1_229' title='bbox 682 2004 740 2039; x_wconf 89' lang='lat' dir='ltr'><strong>Fr.</strong></span> <span class='ocrx_word' id='word_1_230' title='bbox 768 2008 824 2039; x_wconf 86' lang='grc'><strong>22.</strong></span> <span class='ocrx_word' id='word_1_231' title='bbox 863 2003 906 2039; x_wconf 90' lang='lat' dir='ltr'><strong>V.</strong></span> <span class='ocrx_word' id='word_1_232' title='bbox 933 2008 965 2040; x_wconf 82' lang='lat'><strong>2.</strong></span> <span class='ocrx_word' id='word_1_233' title='bbox 1001 2004 1140 2049; x_wconf 80' lang='grc' dir='ltr'><em>μᾶλλον</em></span> <span class='ocrx_word' id='word_1_234' title='bbox 1172 2003 1303 2040; x_wconf 85' lang='lat' dir='ltr'><strong>adieci.</strong></span> <span class='ocrx_word' id='word_1_235' title='bbox 1335 2024 1379 2030; x_wconf 97' lang='lat'>—</span> <span class='ocrx_word' id='word_1_236' title='bbox 1412 2004 1582 2048; x_wconf 84' lang='grc' dir='ltr'><em>φίλησθα</em></span> <span class='ocrx_word' id='word_1_237' title='bbox 1614 2004 1756 2050; x_wconf 79' lang='lat' dir='ltr'><strong>scripsi,</strong></span> 
     </span>
     <span class='ocr_line' id='line_1_30' title="bbox 232 2049 1756 2098; baseline -0.001 -10"><span class='ocrx_word' id='word_1_238' title='bbox 232 2052 346 2097; x_wconf 85' lang='lat' dir='ltr'><strong>vulgo</strong></span> <span class='ocrx_word' id='word_1_239' title='bbox 372 2052 554 2098; x_wconf 84' lang='grc' dir='ltr'><em>φιλῇσθα,</em></span> <span class='ocrx_word' id='word_1_240' title='bbox 579 2050 724 2087; x_wconf 86' lang='lat' dir='ltr'><strong>Ahrens</strong></span> <span class='ocrx_word' id='word_1_241' title='bbox 751 2053 942 2096; x_wconf 82' lang='grc' dir='ltr'><em>φίλεισθα.</em></span> <span class='ocrx_word' id='word_1_242' title='bbox 992 2052 1051 2086; x_wconf 87' lang='lat' dir='ltr'><strong>Fr.</strong></span> <span class='ocrx_word' id='word_1_243' title='bbox 1079 2055 1134 2086; x_wconf 87' lang='grc'><strong>21.</strong></span> <span class='ocrx_word' id='word_1_244' title='bbox 1162 2049 1319 2096; x_wconf 81' lang='grc' dir='ltr'><em>ἔχεισθα</em></span> <span class='ocrx_word' id='word_1_245' title='bbox 1345 2051 1486 2096; x_wconf 86' lang='lat' dir='ltr'><strong>pariter</strong></span> <span class='ocrx_word' id='word_1_246' title='bbox 1511 2051 1624 2095; x_wconf 88' lang='lat' dir='ltr'><strong>atque</strong></span> <span class='ocrx_word' id='word_1_247' title='bbox 1649 2052 1756 2097; x_wconf 77' lang='grc' dir='ltr'><em>φίλη-</em></span> 
     </span>
     <span class='ocr_line' id='line_1_31' title="bbox 233 2097 1755 2144; baseline -0.001 -10"><span class='ocrx_word' id='word_1_248' title='bbox 233 2102 311 2135; x_wconf 88' lang='grc' dir='ltr'><strong>σθα</strong></span> <span class='ocrx_word' id='word_1_249' title='bbox 335 2099 377 2134; x_wconf 87' lang='lat' dir='ltr'><strong>fr.</strong></span> <span class='ocrx_word' id='word_1_250' title='bbox 405 2102 449 2133; x_wconf 90' lang='grc'><strong>22</strong></span> <span class='ocrx_word' id='word_1_251' title='bbox 474 2098 671 2134; x_wconf 79' lang='lat' dir='ltr'><strong>indicativi</strong></span> <span class='ocrx_word' id='word_1_252' title='bbox 701 2099 843 2134; x_wconf 87' lang='lat' dir='ltr'><strong>formae</strong></span> <span class='ocrx_word' id='word_1_253' title='bbox 875 2100 971 2134; x_wconf 87' lang='lat' dir='ltr'><strong>sunt.</strong></span> <span class='ocrx_word' id='word_1_254' title='bbox 1023 2097 1115 2133; x_wconf 87' lang='lat' dir='ltr'><strong>Cum</strong></span> <span class='ocrx_word' id='word_1_255' title='bbox 1146 2099 1315 2144; x_wconf 81' lang='grc' dir='ltr'><em>φίλησθα</em></span> <span class='ocrx_word' id='word_1_256' title='bbox 1348 2108 1546 2143; x_wconf 85' lang='lat' dir='ltr'><strong>componas</strong></span> <span class='ocrx_word' id='word_1_257' title='bbox 1579 2099 1755 2143; x_wconf 79' lang='grc' dir='ltr'><em>οἴδησθα,</em></span> 
     </span>
     <span class='ocr_line' id='line_1_32' title="bbox 233 2144 1755 2191; baseline -0.002 -9"><span class='ocrx_word' id='word_1_258' title='bbox 233 2147 332 2191; x_wconf 91' lang='lat' dir='ltr'><strong>quod</strong></span> <span class='ocrx_word' id='word_1_259' title='bbox 359 2145 540 2181; x_wconf 87' lang='lat' dir='ltr'><strong>Choerob.</strong></span> <span class='ocrx_word' id='word_1_260' title='bbox 568 2159 602 2191; x_wconf 91' lang='lat' dir='ltr'><strong>p.</strong></span> <span class='ocrx_word' id='word_1_261' title='bbox 624 2150 692 2182; x_wconf 81' lang='lat'><strong>592</strong></span> <span class='ocrx_word' id='word_1_262' title='bbox 718 2146 961 2181; x_wconf 87' lang='lat' dir='ltr'><strong>Aeolensibus</strong></span> <span class='ocrx_word' id='word_1_263' title='bbox 985 2145 1169 2190; x_wconf 85' lang='lat' dir='ltr'><strong>attribuit,</strong></span> <span class='ocrx_word' id='word_1_264' title='bbox 1195 2145 1241 2180; x_wconf 88' lang='lat' dir='ltr'><strong>cf.</strong></span> <span class='ocrx_word' id='word_1_265' title='bbox 1271 2145 1401 2180; x_wconf 77' lang='lat' dir='ltr'><strong>Arcad.</strong></span> <span class='ocrx_word' id='word_1_266' title='bbox 1427 2157 1462 2190; x_wconf 89' lang='lat' dir='ltr'><strong>p.</strong></span> <span class='ocrx_word' id='word_1_267' title='bbox 1485 2148 1564 2186; x_wconf 82' lang='grc'>168,</span> <span class='ocrx_word' id='word_1_268' title='bbox 1590 2145 1691 2189; x_wconf 90' lang='lat' dir='ltr'><strong>quod</strong></span> <span class='ocrx_word' id='word_1_269' title='bbox 1714 2144 1755 2180; x_wconf 91' lang='lat' dir='ltr'><strong>in</strong></span> 
     </span>
     <span class='ocr_line' id='line_1_33' title="bbox 232 2191 1754 2237; baseline 0 -9"><span class='ocrx_word' id='word_1_270' title='bbox 232 2193 422 2229; x_wconf 86' lang='lat' dir='ltr'><strong>Theocriti</strong></span> <span class='ocrx_word' id='word_1_271' title='bbox 459 2193 620 2229; x_wconf 84' lang='lat' dir='ltr'><strong>carmine</strong></span> <span class='ocrx_word' id='word_1_272' title='bbox 657 2193 760 2228; x_wconf 91' lang='lat' dir='ltr'><strong>XXX</strong></span> <span class='ocrx_word' id='word_1_273' title='bbox 796 2206 830 2229; x_wconf 87' lang='lat' dir='ltr'><strong>v.</strong></span> <span class='ocrx_word' id='word_1_274' title='bbox 871 2197 913 2228; x_wconf 90' lang='lat'><strong>13</strong></span> <span class='ocrx_word' id='word_1_275' title='bbox 950 2192 1121 2237; x_wconf 87' lang='lat' dir='ltr'><strong>restitui,</strong></span> <span class='ocrx_word' id='word_1_276' title='bbox 1163 2192 1228 2228; x_wconf 89' lang='lat' dir='ltr'><strong>sed</strong></span> <span class='ocrx_word' id='word_1_277' title='bbox 1265 2191 1423 2228; x_wconf 88' lang='lat' dir='ltr'><strong>fortasse</strong></span> <span class='ocrx_word' id='word_1_278' title='bbox 1461 2191 1565 2227; x_wconf 89' lang='lat' dir='ltr'><strong>aliud</strong></span> <span class='ocrx_word' id='word_1_279' title='bbox 1600 2193 1754 2228; x_wconf 88' lang='lat' dir='ltr'><strong>verbum</strong></span> 
     </span>
     <span class='ocr_line' id='line_1_34' title="bbox 231 2237 1755 2285; baseline 0 -9"><span class='ocrx_word' id='word_1_280' title='bbox 231 2241 285 2277; x_wconf 89' lang='lat' dir='ltr'><strong>ibi</strong></span> <span class='ocrx_word' id='word_1_281' title='bbox 311 2240 507 2283; x_wconf 78' lang='lat' dir='ltr'><strong>delitescit,</strong></span> <span class='ocrx_word' id='word_1_282' title='bbox 528 2241 592 2276; x_wconf 87' lang='lat' dir='ltr'><strong>sed</strong></span> <span class='ocrx_word' id='word_1_283' title='bbox 619 2241 783 2276; x_wconf 84' lang='lat' dir='ltr'><strong>clausula</strong></span> <span class='ocrx_word' id='word_1_284' title='bbox 807 2242 911 2285; x_wconf 85' lang='grc' dir='ltr'><em>ησθα</em></span> <span class='ocrx_word' id='word_1_285' title='bbox 936 2241 1036 2275; x_wconf 89' lang='lat' dir='ltr'><strong>certe</strong></span> <span class='ocrx_word' id='word_1_286' title='bbox 1067 2237 1368 2285; x_wconf 84' lang='lat' dir='ltr'><strong>deprehenditur.</strong></span> <span class='ocrx_word' id='word_1_287' title='bbox 1413 2240 1463 2274; x_wconf 90' lang='lat' dir='ltr'><strong>At</strong></span> <span class='ocrx_word' id='word_1_288' title='bbox 1494 2237 1650 2284; x_wconf 77' lang='grc' dir='ltr'><em>ἔχεισθα</em></span> <span class='ocrx_word' id='word_1_289' title='bbox 1680 2251 1755 2276; x_wconf 90' lang='lat' dir='ltr'><strong>non</strong></span> 
     </span>
     <span class='ocr_line' id='line_1_35' title="bbox 233 2284 1754 2332; baseline -0.001 -9"><span class='ocrx_word' id='word_1_290' title='bbox 233 2287 407 2323; x_wconf 84' lang='lat' dir='ltr'><strong>convenit</strong></span> <span class='ocrx_word' id='word_1_291' title='bbox 443 2299 527 2323; x_wconf 89' lang='lat' dir='ltr'><strong>cum</strong></span> <span class='ocrx_word' id='word_1_292' title='bbox 564 2288 764 2323; x_wconf 87' lang='lat' dir='ltr'><strong>Theocrito</strong></span> <span class='ocrx_word' id='word_1_293' title='bbox 802 2286 922 2321; x_wconf 91' lang='lat' dir='ltr'>XXIX</span> <span class='ocrx_word' id='word_1_294' title='bbox 955 2291 978 2322; x_wconf 86' lang='lat'>4</span> <span class='ocrx_word' id='word_1_295' title='bbox 1016 2284 1210 2331; x_wconf 76' lang='grc' dir='ltr'><em>ἐθέλῃσθα</em></span> <span class='ocrx_word' id='word_1_296' title='bbox 1248 2286 1316 2332; x_wconf 83' lang='lat' dir='ltr'><strong>(ita</strong></span> <span class='ocrx_word' id='word_1_297' title='bbox 1345 2286 1444 2332; x_wconf 87' lang='lat' dir='ltr'><strong>libri,</strong></span> <span class='ocrx_word' id='word_1_298' title='bbox 1482 2286 1624 2322; x_wconf 89' lang='lat' dir='ltr'><strong>Ahrens</strong></span> <span class='ocrx_word' id='word_1_299' title='bbox 1664 2284 1754 2323; x_wconf 81' lang='grc' dir='ltr'><em>έθέ-</em></span> 
     </span>
     <span class='ocr_line' id='line_1_36' title="bbox 231 2333 1756 2380; baseline -0.001 -10"><span class='ocrx_word' id='word_1_300' title='bbox 231 2338 399 2380; x_wconf 83' lang='grc' dir='ltr'><em>λεισθα),</em></span> <span class='ocrx_word' id='word_1_301' title='bbox 431 2335 503 2370; x_wconf 89' lang='lat' dir='ltr'><strong>huc</strong></span> <span class='ocrx_word' id='word_1_302' title='bbox 535 2335 648 2379; x_wconf 90' lang='lat' dir='ltr'><strong>adde,</strong></span> <span class='ocrx_word' id='word_1_303' title='bbox 683 2335 784 2380; x_wconf 85' lang='lat' dir='ltr'><strong>quod</strong></span> <span class='ocrx_word' id='word_1_304' title='bbox 809 2335 867 2370; x_wconf 86' lang='lat' dir='ltr'><strong>Et.</strong></span> <span class='ocrx_word' id='word_1_305' title='bbox 891 2334 989 2370; x_wconf 88' lang='lat' dir='ltr'><strong>Flor.</strong></span> <span class='ocrx_word' id='word_1_306' title='bbox 1016 2333 1154 2378; x_wconf 89' lang='lat' dir='ltr'><strong>(Miller</strong></span> <span class='ocrx_word' id='word_1_307' title='bbox 1178 2333 1282 2369; x_wconf 85' lang='lat' dir='ltr'><strong>Misc.</strong></span> <span class='ocrx_word' id='word_1_308' title='bbox 1308 2334 1368 2378; x_wconf 82' lang='lat'><strong>99)</strong></span> <span class='ocrx_word' id='word_1_309' title='bbox 1401 2333 1502 2379; x_wconf 89' lang='lat' dir='ltr'><strong>apud</strong></span> <span class='ocrx_word' id='word_1_310' title='bbox 1525 2333 1633 2369; x_wconf 90' lang='lat' dir='ltr'><strong>Hom.</strong></span> <span class='ocrx_word' id='word_1_311' title='bbox 1658 2333 1700 2369; x_wconf 92' lang='lat' dir='ltr'><strong>Il.</strong></span> <span class='ocrx_word' id='word_1_312' title='bbox 1726 2337 1756 2369; x_wconf 84' lang='grc' dir='ltr'><em>Α</em></span> 
     </span>
     <span class='ocr_line' id='line_1_37' title="bbox 237 2378 1754 2428; baseline -0.002 -10"><span class='ocrx_word' id='word_1_313' title='bbox 237 2386 301 2418; x_wconf 83' lang='lat'><strong>133</strong></span> <span class='ocrx_word' id='word_1_314' title='bbox 333 2378 356 2427; x_wconf 81' lang='grc' dir='ltr'>ἢ</span> <span class='ocrx_word' id='word_1_315' title='bbox 391 2380 537 2423; x_wconf 84' lang='grc' dir='ltr'><em>ἐθέλεις</em></span> <span class='ocrx_word' id='word_1_316' title='bbox 567 2379 659 2427; x_wconf 77' lang='grc' dir='ltr'><em>ὄφρ’</em></span> <span class='ocrx_word' id='word_1_317' title='bbox 693 2379 808 2422; x_wconf 79' lang='grc' dir='ltr'><em>αὐτὸς</em></span> <span class='ocrx_word' id='word_1_318' title='bbox 840 2380 926 2428; x_wconf 79' lang='grc' dir='ltr'><em>ἔχῃς</em></span> <span class='ocrx_word' id='word_1_319' title='bbox 956 2379 1068 2427; x_wconf 76' lang='grc' dir='ltr'><em>γέρας</em></span> <span class='ocrx_word' id='word_1_320' title='bbox 1098 2380 1246 2416; x_wconf 87' lang='lat' dir='ltr'><strong>videtur</strong></span> <span class='ocrx_word' id='word_1_321' title='bbox 1276 2378 1514 2426; x_wconf 74' lang='grc' dir='ltr'><em>ἐθέλῃσθα</em></span> <span class='ocrx_word' id='word_1_322' title='bbox 1550 2380 1754 2416; x_wconf 81' lang='lat' dir='ltr'><strong>testificari.</strong></span> 
     </span>
     <span class='ocr_line' id='line_1_38' title="bbox 233 2427 1754 2475; baseline 0 -11"><span class='ocrx_word' id='word_1_323' title='bbox 233 2428 552 2475; x_wconf 89' lang='lat' dir='ltr'><strong>Deprehendimus</strong></span> <span class='ocrx_word' id='word_1_324' title='bbox 572 2430 686 2475; x_wconf 83' lang='lat' dir='ltr'><strong>igitur</strong></span> <span class='ocrx_word' id='word_1_325' title='bbox 705 2429 805 2475; x_wconf 89' lang='lat' dir='ltr'><strong>apud</strong></span> <span class='ocrx_word' id='word_1_326' title='bbox 824 2429 958 2464; x_wconf 88' lang='lat' dir='ltr'><strong>Aeoles</strong></span> <span class='ocrx_word' id='word_1_327' title='bbox 976 2428 1016 2464; x_wconf 93' lang='lat' dir='ltr'><strong>in</strong></span> <span class='ocrx_word' id='word_1_328' title='bbox 1035 2427 1215 2474; x_wconf 87' lang='lat' dir='ltr'><strong>ampliore</strong></span> <span class='ocrx_word' id='word_1_329' title='bbox 1234 2428 1355 2463; x_wconf 86' lang='lat' dir='ltr'><strong>forma</strong></span> <span class='ocrx_word' id='word_1_330' title='bbox 1373 2427 1528 2463; x_wconf 88' lang='lat' dir='ltr'><strong>eandem</strong></span> <span class='ocrx_word' id='word_1_331' title='bbox 1548 2427 1754 2473; x_wconf 78' lang='lat' dir='ltr'><strong>scripturae</strong></span> 
     </span>
     <span class='ocr_line' id='line_1_39' title="bbox 233 2474 1792 2521; baseline -0.004 -9"><span class='ocrx_word' id='word_1_332' title='bbox 233 2477 499 2521; x_wconf 83' lang='lat' dir='ltr'><strong>diversitatem,</strong></span> <span class='ocrx_word' id='word_1_333' title='bbox 525 2488 619 2521; x_wconf 88' lang='lat' dir='ltr'><strong>quae</strong></span> <span class='ocrx_word' id='word_1_334' title='bbox 644 2477 683 2512; x_wconf 92' lang='lat' dir='ltr'><strong>in</strong></span> <span class='ocrx_word' id='word_1_335' title='bbox 707 2476 875 2512; x_wconf 84' lang='lat' dir='ltr'><strong>breviore</strong></span> <span class='ocrx_word' id='word_1_336' title='bbox 901 2476 1069 2511; x_wconf 88' lang='lat' dir='ltr'><strong>clausula</strong></span> <span class='ocrx_word' id='word_1_337' title='bbox 1094 2476 1296 2521; x_wconf 86' lang='lat' dir='ltr'><strong>comparet,</strong></span> <span class='ocrx_word' id='word_1_338' title='bbox 1323 2475 1394 2511; x_wconf 86' lang='lat' dir='ltr'><strong>vid.</strong></span> <span class='ocrx_word' id='word_1_339' title='bbox 1423 2474 1471 2510; x_wconf 86' lang='lat' dir='ltr'><strong>ad</strong></span> <span class='ocrx_word' id='word_1_340' title='bbox 1495 2474 1575 2510; x_wconf 92' lang='lat' dir='ltr'><strong>Alc.</strong></span> <span class='ocrx_word' id='word_1_341' title='bbox 1596 2474 1639 2511; x_wconf 87' lang='lat' dir='ltr'><strong>fr.</strong></span> <span class='ocrx_word' id='word_1_342' title='bbox 1661 2478 1695 2519; x_wconf 83' lang='lat'><strong>5,</strong></span> <span class='ocrx_word' id='word_1_343' title='bbox 1723 2480 1754 2513; x_wconf 85' lang='lat'><strong>1,</strong></span> <span class='ocrx_word' id='word_1_344' title='bbox 1790 2504 1792 2506; x_wconf 88' lang='lat'><strong>.</strong></span> 
     </span>
    </p>
   </div>
   <div class='ocr_carea' id='block_1_8' title="bbox 233 2532 1756 2911">
    <p class='ocr_par' dir='ltr' id='par_1_10' title="bbox 233 2532 1756 2911">
     <span class='ocr_line' id='line_1_40' title="bbox 235 2532 1751 2581; baseline -0.002 -10"><span class='ocrx_word' id='word_1_345' title='bbox 235 2536 393 2571; x_wconf 89' lang='lat' dir='ltr'><strong>Omnino</strong></span> <span class='ocrx_word' id='word_1_346' title='bbox 419 2535 593 2571; x_wconf 86' lang='lat' dir='ltr'><strong>auctioris</strong></span> <span class='ocrx_word' id='word_1_347' title='bbox 618 2535 759 2571; x_wconf 87' lang='lat' dir='ltr'><strong>formae</strong></span> <span class='ocrx_word' id='word_1_348' title='bbox 794 2547 888 2581; x_wconf 87' lang='lat' dir='ltr'><strong>pers.</strong></span> <span class='ocrx_word' id='word_1_349' title='bbox 914 2540 935 2570; x_wconf 87' lang='grc'><strong>2</strong></span> <span class='ocrx_word' id='word_1_350' title='bbox 961 2534 1055 2581; x_wconf 85' lang='lat' dir='ltr'><strong>sing.</strong></span> <span class='ocrx_word' id='word_1_351' title='bbox 1088 2537 1166 2570; x_wconf 91' lang='grc' dir='ltr'><strong>σθα</strong></span> <span class='ocrx_word' id='word_1_352' title='bbox 1199 2534 1304 2580; x_wconf 85' lang='lat' dir='ltr'><strong>origo</strong></span> <span class='ocrx_word' id='word_1_353' title='bbox 1338 2534 1496 2570; x_wconf 87' lang='lat' dir='ltr'><strong>incerta:</strong></span> <span class='ocrx_word' id='word_1_354' title='bbox 1540 2532 1751 2579; x_wconf 80' lang='lat' dir='ltr'><strong>ambigitur,</strong></span> 
     </span>
     <span class='ocr_line' id='line_1_41' title="bbox 233 2577 1754 2628; baseline -0.002 -10"><span class='ocrx_word' id='word_1_355' title='bbox 233 2586 357 2619; x_wconf 84' lang='lat' dir='ltr'><strong>utrum</strong></span> <span class='ocrx_word' id='word_1_356' title='bbox 381 2585 439 2618; x_wconf 84' lang='grc' dir='ltr'><strong>θα</strong></span> <span class='ocrx_word' id='word_1_357' title='bbox 464 2582 666 2618; x_wconf 84' lang='lat' dir='ltr'><strong>adhaereat</strong></span> <span class='ocrx_word' id='word_1_358' title='bbox 690 2583 857 2628; x_wconf 85' lang='lat' dir='ltr'><strong>integrae</strong></span> <span class='ocrx_word' id='word_1_359' title='bbox 882 2583 1021 2628; x_wconf 87' lang='lat' dir='ltr'><strong>figurae</strong></span> <span class='ocrx_word' id='word_1_360' title='bbox 1046 2582 1160 2626; x_wconf 87' lang='lat' dir='ltr'><strong>verbi,</strong></span> <span class='ocrx_word' id='word_1_361' title='bbox 1191 2580 1506 2627; x_wconf 88' lang='lat' dir='ltr'><strong>quemadmodum</strong></span> <span class='ocrx_word' id='word_1_362' title='bbox 1530 2577 1754 2626; x_wconf 77' lang='grc' dir='ltr'><em>Οὔλυμπόν-</em></span> 
     </span>
     <span class='ocr_line' id='line_1_42' title="bbox 234 2627 1755 2676; baseline -0.002 -11"><span class='ocrx_word' id='word_1_363' title='bbox 234 2632 295 2675; x_wconf 70' lang='grc' dir='ltr'><strong>δε,</strong></span> <span class='ocrx_word' id='word_1_364' title='bbox 332 2628 529 2676; x_wconf 81' lang='grc' dir='ltr'><em>Ἕρεβόςδε</em></span> <span class='ocrx_word' id='word_1_365' title='bbox 563 2629 638 2665; x_wconf 82' lang='lat' dir='ltr'><strong>alia</strong></span> <span class='ocrx_word' id='word_1_366' title='bbox 668 2630 858 2675; x_wconf 89' lang='lat' dir='ltr'><strong>dicuntur,</strong></span> <span class='ocrx_word' id='word_1_367' title='bbox 896 2641 944 2665; x_wconf 86' lang='lat' dir='ltr'><strong>an</strong></span> <span class='ocrx_word' id='word_1_368' title='bbox 981 2629 1150 2665; x_wconf 85' lang='lat' dir='ltr'><strong>clausula</strong></span> <span class='ocrx_word' id='word_1_369' title='bbox 1187 2631 1264 2664; x_wconf 86' lang='grc' dir='ltr'><strong>σθα</strong></span> <span class='ocrx_word' id='word_1_370' title='bbox 1298 2627 1467 2663; x_wconf 85' lang='lat' dir='ltr'><strong>subiecta</strong></span> <span class='ocrx_word' id='word_1_371' title='bbox 1501 2627 1550 2662; x_wconf 85' lang='lat' dir='ltr'><strong>sit</strong></span> <span class='ocrx_word' id='word_1_372' title='bbox 1582 2627 1755 2673; x_wconf 83' lang='lat' dir='ltr'><strong>themati,</strong></span> 
     </span>
     <span class='ocr_line' id='line_1_43' title="bbox 234 2672 1756 2723; baseline -0.002 -11"><span class='ocrx_word' id='word_1_373' title='bbox 234 2677 547 2723; x_wconf 87' lang='lat' dir='ltr'><strong>quemadmodum</strong></span> <span class='ocrx_word' id='word_1_374' title='bbox 573 2674 789 2722; x_wconf 77' lang='grc' dir='ltr'><em>οὐρανόθεν</em></span> <span class='ocrx_word' id='word_1_375' title='bbox 814 2678 861 2712; x_wconf 86' lang='lat' dir='ltr'><strong>al.</strong></span> <span class='ocrx_word' id='word_1_376' title='bbox 888 2677 1075 2713; x_wconf 78' lang='lat' dir='ltr'><strong>dicuntur:</strong></span> <span class='ocrx_word' id='word_1_377' title='bbox 1107 2677 1177 2712; x_wconf 89' lang='lat' dir='ltr'><strong>hoc</strong></span> <span class='ocrx_word' id='word_1_378' title='bbox 1203 2676 1235 2710; x_wconf 90' lang='lat' dir='ltr'><strong>si</strong></span> <span class='ocrx_word' id='word_1_379' title='bbox 1267 2675 1462 2718; x_wconf 88' lang='lat' dir='ltr'><strong>sumimus,</strong></span> <span class='ocrx_word' id='word_1_380' title='bbox 1497 2672 1654 2719; x_wconf 80' lang='grc' dir='ltr'><em>ἕχεισθα</em></span> <span class='ocrx_word' id='word_1_381' title='bbox 1679 2675 1756 2710; x_wconf 82' lang='lat' dir='ltr'><strong>alia</strong></span> 
     </span>
     <span class='ocr_line' id='line_1_44' title="bbox 234 2717 1752 2771; baseline -0.003 -11"><span class='ocrx_word' id='word_1_382' title='bbox 234 2725 271 2759; x_wconf 89' lang='lat' dir='ltr'><strong>id</strong></span> <span class='ocrx_word' id='word_1_383' title='bbox 310 2736 427 2771; x_wconf 89' lang='lat' dir='ltr'><strong>genus</strong></span> <span class='ocrx_word' id='word_1_384' title='bbox 464 2736 538 2760; x_wconf 90' lang='lat' dir='ltr'><strong>non</strong></span> <span class='ocrx_word' id='word_1_385' title='bbox 576 2724 696 2769; x_wconf 85' lang='lat' dir='ltr'><strong>magis</strong></span> <span class='ocrx_word' id='word_1_386' title='bbox 733 2724 917 2760; x_wconf 85' lang='lat' dir='ltr'><strong>rationem</strong></span> <span class='ocrx_word' id='word_1_387' title='bbox 946 2724 1104 2768; x_wconf 79' lang='lat' dir='ltr'><strong>habent,</strong></span> <span class='ocrx_word' id='word_1_388' title='bbox 1137 2734 1248 2768; x_wconf 87' lang='lat' dir='ltr'><strong>quam</strong></span> <span class='ocrx_word' id='word_1_389' title='bbox 1280 2718 1543 2770; x_wconf 82' lang='grc' dir='ltr'><em>Ἐρέβευσφιν,</em></span> <span class='ocrx_word' id='word_1_390' title='bbox 1575 2717 1752 2768; x_wconf 79' lang='grc' dir='ltr'><em>ἕτέρῃφιν</em></span> 
     </span>
     <span class='ocr_line' id='line_1_45' title="bbox 235 2768 1754 2817; baseline -0.001 -11"><span class='ocrx_word' id='word_1_391' title='bbox 235 2772 380 2807; x_wconf 86' lang='lat' dir='ltr'><strong>similia.</strong></span> <span class='ocrx_word' id='word_1_392' title='bbox 432 2771 528 2815; x_wconf 89' lang='lat' dir='ltr'><strong>Hoc,</strong></span> <span class='ocrx_word' id='word_1_393' title='bbox 563 2771 660 2816; x_wconf 84' lang='lat' dir='ltr'><strong>quod</strong></span> <span class='ocrx_word' id='word_1_394' title='bbox 694 2773 769 2806; x_wconf 90' lang='lat' dir='ltr'><strong>iam</strong></span> <span class='ocrx_word' id='word_1_395' title='bbox 803 2771 842 2806; x_wconf 90' lang='lat' dir='ltr'><strong>in</strong></span> <span class='ocrx_word' id='word_1_396' title='bbox 874 2771 1069 2817; x_wconf 88' lang='lat' dir='ltr'><strong>proecdosi</strong></span> <span class='ocrx_word' id='word_1_397' title='bbox 1101 2768 1292 2816; x_wconf 89' lang='lat' dir='ltr'><strong>proposui,</strong></span> <span class='ocrx_word' id='word_1_398' title='bbox 1328 2769 1509 2814; x_wconf 89' lang='lat' dir='ltr'><strong>probante</strong></span> <span class='ocrx_word' id='word_1_399' title='bbox 1544 2768 1670 2804; x_wconf 87' lang='lat' dir='ltr'><strong>Curtio</strong></span> <span class='ocrx_word' id='word_1_400' title='bbox 1707 2769 1754 2804; x_wconf 88' lang='lat' dir='ltr'><strong>de</strong></span> 
     </span>
     <span class='ocr_line' id='line_1_46' title="bbox 237 2815 1754 2863; baseline -0.001 -11"><span class='ocrx_word' id='word_1_401' title='bbox 237 2820 348 2854; x_wconf 88' lang='lat' dir='ltr'><strong>verbo</strong></span> <span class='ocrx_word' id='word_1_402' title='bbox 374 2818 433 2855; x_wconf 83' lang='lat' dir='ltr'><strong>Gr.</strong></span> <span class='ocrx_word' id='word_1_403' title='bbox 462 2820 477 2854; x_wconf 90' lang='grc' dir='ltr'><strong>Ι</strong></span> <span class='ocrx_word' id='word_1_404' title='bbox 503 2822 559 2863; x_wconf 84' lang='grc'><strong>54,</strong></span> <span class='ocrx_word' id='word_1_405' title='bbox 585 2819 699 2854; x_wconf 81' lang='lat' dir='ltr'><strong>etiam</strong></span> <span class='ocrx_word' id='word_1_406' title='bbox 723 2829 821 2854; x_wconf 85' lang='lat' dir='ltr'><strong>nunc</strong></span> <span class='ocrx_word' id='word_1_407' title='bbox 851 2821 968 2854; x_wconf 87' lang='lat' dir='ltr'><strong>tueor.</strong></span> <span class='ocrx_word' id='word_1_408' title='bbox 1019 2817 1140 2854; x_wconf 90' lang='lat' dir='ltr'><strong>Litem</strong></span> <span class='ocrx_word' id='word_1_409' title='bbox 1171 2817 1216 2852; x_wconf 91' lang='lat' dir='ltr'><strong>de</strong></span> <span class='ocrx_word' id='word_1_410' title='bbox 1249 2815 1437 2852; x_wconf 81' lang='lat' dir='ltr'><strong>clausulae</strong></span> <span class='ocrx_word' id='word_1_411' title='bbox 1468 2816 1587 2861; x_wconf 83' lang='lat' dir='ltr'><strong>figura</strong></span> <span class='ocrx_word' id='word_1_412' title='bbox 1611 2815 1754 2851; x_wconf 89' lang='lat' dir='ltr'><strong>dirimit</strong></span> 
     </span>
     <span class='ocr_line' id='line_1_47' title="bbox 235 2862 1753 2911; baseline -0.001 -12"><span class='ocrx_word' id='word_1_413' title='bbox 235 2863 360 2910; x_wconf 84' lang='grc' dir='ltr'><em>οἶσθα,</em></span> <span class='ocrx_word' id='word_1_414' title='bbox 386 2867 485 2910; x_wconf 89' lang='lat' dir='ltr'><strong>quod</strong></span> <span class='ocrx_word' id='word_1_415' title='bbox 510 2865 742 2902; x_wconf 86' lang='lat' dir='ltr'><strong>Herodianus</strong></span> <span class='ocrx_word' id='word_1_416' title='bbox 761 2865 909 2910; x_wconf 87' lang='lat' dir='ltr'><strong>quidem</strong></span> <span class='ocrx_word' id='word_1_417' title='bbox 930 2875 1113 2911; x_wconf 82' lang='lat' dir='ltr'><strong>syncopae</strong></span> <span class='ocrx_word' id='word_1_418' title='bbox 1133 2863 1270 2900; x_wconf 83' lang='lat' dir='ltr'><strong>auxilio</strong></span> <span class='ocrx_word' id='word_1_419' title='bbox 1288 2875 1375 2899; x_wconf 86' lang='lat' dir='ltr'><strong>usus</strong></span> <span class='ocrx_word' id='word_1_420' title='bbox 1395 2862 1455 2898; x_wconf 86' lang='lat' dir='ltr'><strong>vel</strong></span> <span class='ocrx_word' id='word_1_421' title='bbox 1475 2862 1599 2908; x_wconf 86' lang='lat' dir='ltr'><strong>potius</strong></span> <span class='ocrx_word' id='word_1_422' title='bbox 1618 2862 1753 2898; x_wconf 77' lang='lat' dir='ltr'><strong>abusus</strong></span> 
     </span>
    </p>
   </div>
   <div class='ocr_carea' id='block_1_9' title="bbox 1263 2962 1283 2983">
    <p class='ocr_par' dir='ltr' id='par_1_11' title="bbox 1263 2962 1283 2983">
     <span class='ocr_line' id='line_1_48' title="bbox 1263 2962 1283 2983; baseline 0 0"><span class='ocrx_word' id='word_1_423' title='bbox 1263 2962 1283 2983; x_wconf 60' lang='grc' dir='ltr'>Ο</span> 
     </span>
    </p>
   </div>
  </div>
 </body>
</html>
