1864 3126
524 165 774 215 APPENDIX
805 164 1287 204 ANACREONTEORUM.

158 289 203 322 15
250 276 303 322 Τὸ
335 276 460 322 καλὸν
491 275 609 331 φύσει
641 282 840 333 μαθοῦσα,

215 343 320 399 μάθε
350 345 416 387 καὶ
441 343 570 388 πόθεν
600 342 642 386 τὸ
673 349 863 399 κρεῖσσον.

246 408 301 453 Τὸ
333 409 455 466 ῥόδον
485 408 605 453 πάλιν
635 407 852 464 προλάμπει

220 474 394 531 Χάριτας
425 475 585 526 κλάδοις
615 474 828 531 χαράσσον·

213 540 236 585 ‘d
267 540 343 599 γὰρ
374 540 399 597 ἡ
432 540 554 596 φύσις
583 545 800 595 προσεῢρεν

157 618 203 651 20
216 605 258 650 τὸ
291 606 412 663 ῥόδον
444 606 569 662 μόνον
599 609 828 660 προσεῢρεν.

244 672 446 727 Γλυκερὸν
477 671 598 728 ῥόδον
628 675 844 727 προῆλθεν,

214 738 410 796 γλυκερὴν
439 737 554 794 χάριν
583 740 741 793 κομίζει,

216 808 377 848 κοτίνου
410 805 453 847 δὲ
484 802 625 859 πικρὸν
656 802 786 853 ἄνθος

215 875 418 926 γλυκεροῖς
448 867 609 919 κλάδοις
638 867 837 911 καλύπτει.

160 947 204 978 25
250 934 413 987 Φύσεως
445 933 574 989 μόνην
604 938 830 988 κρατοῦσαν.

218 1003 386 1055 Παφίην
416 1002 536 1051 ἔδειξε
567 997 698 1055 πάσης

216 1065 381 1121 δροσόεν
412 1065 534 1122 ῥόδον
564 1070 763 1121 κρατῆσαν

216 1136 411 1188 στιβαρῶν
441 1130 600 1174 κλάδων
631 1132 774 1186 ἐλαίης.

168 1248 172 1251 st
251 1195 304 1240 Τὸ
336 1196 458 1254 ῥόδον
483 1201 622 1250 φυτῶν
645 1195 688 1239 τὸ
713 1195 854 1247 κάλλος

159 1274 205 1305 30
218 1262 416 1318 παλάμαις
446 1268 550 1314 τεαῖς
580 1265 770 1317 λαβοῦσα,

217 1331 382 1384 Παφίης
414 1333 555 1383 μελῶν,
582 1326 752 1383 Ἀθήνη,

217 1392 378 1449 ε’ρατοὺς
408 1392 551 1449 χοροὺς
583 1394 776 1449 μετέρχου.

250 1462 420 1515 Παφίην
451 1458 580 1514 μόνην
607 1458 786 1514 Ἀθήνης

176 1559 183 1564 .
217 1526 392 1580 κρατέειν
423 1524 546 1581 ῥόδον
577 1518 765 1568 διδάσκει.

157 1600 202 1631 35
246 1588 346 1633 Δότε
377 1608 443 1645 μοι
474 1588 598 1646 ῥόδον
629 1590 827 1644 φυτεύσω,

217 1657 283 1699 ἵνα
316 1657 381 1699 καὶ
413 1653 535 1712 ῥόδον
566 1658 758 1715 προέλθῃ,

218 1720 280 1764 ὅτε
310 1722 355 1764 δὲ
383 1727 511 1779 τραπῇ
541 1720 640 1777 πρὸς
671 1721 778 1775 ἄλλο,

217 1785 299 1829 τότε
331 1786 492 1838 Παλλάς
523 1788 600 1830 ἐστι
630 1790 831 1842 κρείσσων.

252 1854 302 1893 Τί
328 1852 509 1908 λέγουσιν
535 1851 774 1908 Ἀφροδίτην

162 1926 207 1958 40
221 1919 383 1971 βυθίοις
407 1915 500 1969 ἁλὸς
530 1919 728 1974 γενέσθαι,

219 1981 281 2024 ’ὅτε
309 1983 377 2025 καὶ
406 1984 528 2027 πλέον
559 2001 605 2039 με
635 1990 728 2040 γαῖα

221 2046 287 2090 διὰ
316 2053 387 2091 τοῦ
412 2047 535 2104 ῥόδου
567 2053 726 2105 σεβίζει,

239 2112 327 2156 ”En
357 2114 560 2169 παρθένος
589 2120 796 2157 καλεῖσθαι

219 2177 317 2234 τ’άχα
347 2184 424 2222 νῦν
453 2180 595 2234 θέλεις,
623 2179 796 2235 Ἀθήνη·

162 2253 208 2285 45
222 2242 326 2297 μάθε
356 2243 448 2295 τοὺς
477 2244 635 2296 πόθους
660 2244 859 2301 Κυθήρης

223 2310 289 2350 ἵνα
319 2310 386 2351 καὶ
416 2309 539 2363 ῥόδου
568 2310 774 2367 κρατήσῃς.

247 2372 404 2429 Ἀρετῆς
434 2373 561 2430 πόσης
592 2377 781 2431 μετέσχεν,

224 2434 282 2481 ὅτ’
316 2437 369 2481 ἂν
400 2442 455 2490 εἰς
486 2438 607 2495 ῥόδον
638 2446 829 2496 μετῆλθεν

223 2503 264 2547 τὸ
295 2502 423 2558 φυτὸν
453 2503 495 2547 τὸ
527 2510 595 2559 τῆς
627 2505 823 2560 Κυθήρης

1584 165 1674 208 365

945 287 989 318 50
1004 276 1064 320 ὅτε
1095 275 1168 332 τὴν
1199 276 1389 320 ἄκανθαν
1420 274 1553 328 εἷλξεν.

1035 341 1245 397 Πρόφασις
1270 344 1375 386 πέλει
1401 341 1641 385 ποθούντων

1003 407 1045 451 τὸ
1077 407 1199 464 ῥόδον
1229 408 1271 452 τὸ
1303 414 1372 464 τῆς
1404 406 1612 463 Κυθήρης.

1038 473 1170 516 Πάλιν
1201 473 1222 518 ὁ
1254 473 1395 530 χρόνος
1425 476 1571 529 κομίζει

1006 538 1198 595 γλυκερὸν
1230 539 1336 594 φάος
1366 543 1534 595 χορείης,

944 615 989 646 55
1003 610 1174 661 λογικοῖς
1205 604 1335 661 λόγοις
1367 606 1613 660 κρατοῦντες,

1005 675 1155 725 τελετῆς
1187 670 1315 726 νόμον
1346 670 1529 722 τεκόντες.

1036 735 1320 792 Σταχυηκόμος
1354 737 1397 779 δὲ
1427 743 1533 793 γαῖα,

1007 802 1072 845 ὅτε
1104 801 1312 858 Κύπριδος
1341 802 1384 846 τὸ
1416 802 1559 855 ἄνθος,

1006 867 1170 924 νοτερὴν
1201 869 1336 926 ἄνοιγε
1368 873 1512 924 βῶλον,

947 946 991 977 60
1005 933 1127 990 ῥόδον
1157 933 1206 978 οὗ
1239 933 1384 990 στάχυν
1415 936 1604 996 φέρουσα.

1035 999 1223 1055 Λιβάνου
1254 1002 1366 1052 κλέος
1398 999 1586 1054 Κυθήρη,

1006 1069 1189 1122 Χαρίτων
1220 1065 1324 1109 ὅπου
1355 1065 1401 1108 τὰ
1427 1065 1535 1116 τόξα·

1005 1130 1228 1188 Μαραθὼν
1259 1132 1357 1187 ἔρως
1384 1130 1576 1186 Ἀθήνης,

1004 1201 1149 1252 σοφίης
1180 1196 1283 1240 ὅπου
1314 1196 1360 1239 τὰ
1391 1196 1501 1248 τόξα·

948 1272 1006 1305 65
1030 1260 1075 1305 Ὁ
1105 1263 1233 1319 γέρων
1252 1261 1383 1317 Ἔρως
1415 1259 1567 1318 χορεύει

1006 1327 1128 1383 ῥόδον
1159 1331 1214 1379 εἰς
1244 1327 1358 1383 χάριν
1391 1327 1615 1372 συνάπτων.

1032 1392 1180 1448 Ἐδάης
1210 1392 1256 1436 τὰ
1290 1399 1377 1447 νῦν,
1405 1393 1572 1448 Ἀθήνη.

1005 1458 1190 1501 καλύκων
1221 1460 1366 1513 σθένος
1396 1458 1615 1514 Κυθήρης,

1006 1523 1106 1580 ῥόδα
1138 1522 1345 1580 Κύπριδος
1376 1524 1543 1580 χορεύει,

947 1588 1064 1632 'lofin
1095 1589 1306 1641 Παλλάδος
1337 1595 1559 1646 κρατοῦσιν.

1037 1658 1194 1710 Παφίη,
1226 1654 1362 1711 χόρευε
1393 1655 1546 1711 μούνη,

1007 1719 1066 1764 ὅτι
1095 1722 1162 1763 καὶ
1193 1720 1297 1776 μόνη
1330 1720 1528 1777 διδάχθης

1006 1787 1180 1842 κρατέειν
1211 1791 1340 1842 σοφῆς
1367 1786 1545 1843 Ἀθήνης
1587 1799 1677 1830 1100

1007 1857 1215 1908 φλογεροῖς
1245 1851 1381 1909 ῥόδοις
1411 1857 1607 1909 τυπείσης.

949 1929 992 1962 75
1039 1922 1252 1974 Φλογεροῖς
1283 1920 1410 1974 ἐμοῖσι
1439 1921 1614 1976 κέντροις

1006 1984 1146 2039 βροτέη
1178 1982 1301 2038 φύσις
1328 1991 1539 2039 κρατεῖται·

1007 2049 1126 2105 μάθε,
1158 2049 1332 2104 Παλλάς,
1364 2051 1404 2101 ἐξ
1430 2049 1627 2107 Ἐρώτων,

1008 2113 1158 2158 ὁπόσον
1189 2116 1334 2167 σθένος
1366 2116 1576 2172 Κυθήρης.

1031 2178 1178 2235 Ἐδάης
1210 2179 1332 2236 ῥόδου
1363 2179 1405 2223 τὸ
1437 2180 1579 2232 ὄνθος,

949 2255 995 2288 80
1010 2244 1116 2300 μάθε
1146 2248 1212 2288 καὶ
1242 2245 1379 2289 πόθου
1405 2245 1447 2289 τὸ
1473 2247 1645 2301 κέντρον.

1038 2310 1182 2362 Πτόλις
1213 2312 1317 2354 ἐστὶν
1344 2309 1580 2366 Ἀφροδίτης

1008 2375 1172 2432 μεγάλαι
1204 2381 1343 2430 σοφῶν
1370 2376 1555 2431 Ἀθῆναι,

1009 2440 1068 2484 ὅτι
1100 2441 1307 2497 Κύπριδος
1338 2447 1540 2497 προσῆλθε

1009 2506 1050 2549 τὸ
1083 2506 1211 2560 φυτὸν
1241 2506 1283 2550 τὸ
1314 2512 1382 2561 τῆς
1414 2509 1556 2562 ἐλαίης.

141 2641 348 2691 χαράσσον,
381 2645 410 2680 Β
435 2642 644 2702 χαράσσων.
679 2665 722 2671 -
759 2644 799 2681 V.
827 2649 884 2682 20.
918 2645 946 2680 Β
971 2659 1065 2691 προς
1090 2640 1214 2692 εὗρεν.
1252 2668 1289 2673 -
1327 2647 1368 2684 V.
1396 2651 1452 2684 37.
1480 2648 1614 2695 τραπῇ,
1647 2648 1676 2684 Β

140 2705 290 2739 τραπηι.
324 2712 367 2719 -—
401 2692 444 2728 V.

471 2696 528 2728 48.
565 2688 623 2727 ὅτ’
651 2688 701 2728 ἂν
726 2691 773 2736 Β,
806 2704 880 2728 non
906 2705 1011 2738 οταν,
1043 2693 1215 2730 Piccolos
1241 2691 1365 2730 ὁπότ’.
1396 2716 1437 2720 -
1472 2694 1515 2729 V.
1537 2699 1582 2731 53
1601 2707 1678 2741 seq.

142 2739 235 2776 haec
254 2740 411 2786 stropha.
430 2740 579 2776 videtur
601 2750 645 2775 ex
665 2740 809 2776 duabus
829 2740 985 2776 confusa
1003 2751 1094 2778 esse.
1117 2763 1158 2766 —
1180 2741 1223 2777 V.
1246 2746 1301 2778 57.
1323 2741 1352 2776 Β
1372 2739 1675 2789 στάχυηκόμοσσε

140 2791 244 2832 γαια.
272 2807 315 2813 -
352 2787 394 2823 V.
421 2791 477 2824 59.
502 2784 661 2833 νοτερὴν
686 2787 837 2834 scripsi,
869 2787 899 2822 B
923 2785 1073 2845 νοερὴν.
1100 2808 1145 2814 -
1182 2788 1222 2824 V.
1250 2792 1305 2825 60.
1339 2788 1507 2834 φέρουσα
1534 2790 1677 2849 scripsi,

143 2834 214 2870 nisi
239 2834 336 2871 form
362 2833 556 2892 φέρουσαν
581 2837 760 2891 praestat,
790 2835 816 2870 B
837 2832 1017 2883 φερούσῃ.
1049 2856 1085 2863 —-
1117 2835 1160 2871 V.

1183 2840 1239 2872 63.
1266 2835 1481 2894 Μαραθὼν,
1510 2838 1536 2872 Β
1555 2836 1677 2884 μαρά-

142 2883 238 2918 θων.
265 2902 309 2908 -·
340 2882 380 2918 V.
406 2885 464 2918 83.
489 2896 550 2919 οτι
576 2879 768 2929 Κύπριδος
793 2884 1006 2929 προσῆλθε,
1039 2883 1165 2919 nescio
1197 2895 1244 2919 an
1277 2880 1346 2919 ὅθι
1371 2882 1563 2931 Κύπριδος
1587 2899 1676 2932 προ·

146 2928 242 2973 ἦλθε
270 2929 506 2966 scribendum
531 2930 590 2966 sit.
