1864 3126
815 148 1000 187 IBYCUS.
1580 147 1668 191 243

231 257 516 317 ἀμφοτέρους
544 260 769 316 γεγαῶτας
800 258 850 303 ἐν
881 256 977 318 ὠέῳ
1579 269 1670 301 1003

191 328 439 391 ῦ.ἄργυρέῳ
472 363 646 375 .....

801 450 1006 502 17.[43J

234 531 438 585 Πυκινὰς
468 532 690 589 πέμφιγας
720 529 938 588 πιόμενοι.

801 652 868 696 18.
901 652 1006 706 [44.]

234 749 685 770 ,ζυυ-υυ-υ--

235 817 346 863 ofin
376 817 485 863 κατὰ
518 815 738 876 σφετεράν
770 817 947 875 ἐέλδωρ.

804 938 1008 992 19.[45]

234 1035 637 1056 --luu-uu-'-

232 1103 425 1149 Ἐσθλὸν
455 1104 816 1160 προδεδεγμένον
846 1105 1000 1161 ἔλδωρ.

799 1224 1008 1278 20.[37]

238 1304 358 1351 Οὐδὲ
388 1305 575 1364 Κυάρας
605 1303 643 1350 ὁ·
663 1308 882 1363 Μηδείων
913 1304 1168 1363 στραταγός.

140 1436 248 1495 posui
272 1448 356 1472 cum
384 1436 668 1473 Schneidewino
693 1434 975 1495 ἰσοκεφάλλους,
1001 1436 1191 1472 Hermann
1217 1434 1467 1493 ἰσοκαροὶνους
1500 1436 1672 1474 coniecit.

142 1480 406 1567 -ιὲνιγυιόυς
437 1483 639 1520 Schneider
670 1483 784 1530 Saxo,
817 1484 903 1520 libri
937 1480 1123 1529 ἕνιγυους.
1157 1505 1204 1510 -
1238 1484 1280 1519 V.
1306 1488 1339 1520 4.
1373 1482 1454 1532 ωέῳ
1488 1485 1674 1531 Eustatht„

140 1544 190 1568 vu
205 1542 255 1578 go
280 1528 373 1580 ὥεῷ.

237 1591 295 1628 Fr.
323 1595 378 1627 17.
416 1589 545 1627 Galen.
564 1590 668 1626 XVII
687 1591 726 1626 P.
747 1590 872 1627 1881:
896 1588 980 1626 Ἐπὶ
1006 1589 1049 1626 δε
1069 1591 1136 1626 τοῦ
1162 1589 1338 1636 νέφους
1357 1592 1468 1628 δοκεῖ
1488 1589 1676 1638 τετάχθαι

141 1638 314 1694 (πέμφιξ)
338 1635 436 1674 κατὰ
460 1636 549 1674 τόδε
575 1635 617 1673 τὸ
645 1637 735 1679 ἔπος
760 1636 802 1675 ἐν
821 1641 1017 1696 Σαλμονεῖ
1032 1636 1208 1696 σατύροις
1225 1637 1330 1685 παρὰ
1349 1641 1558 1684 Σοφοκλεῖ·
1584 1637 1675 1698 πέμ-

142 1699 226 1744 φιγι
257 1686 383 1722 πᾶσαν
408 1683 503 1742 ὄψιν
524 1682 678 1743 ἀγγέλῳ
696 1684 825 1732 πυρός.
870 1683 962 1732 παρ’
986 1682 1043 1743 Ἰβ
1021 1684 1163 1734 βύκῳ·
1190 1688 1298 1723 Πυκ.
1331 1690 1405 1723 κτλ.
1440 1685 1610 1723 λέλεκται
1635 1684 1674 1723 δ’

142 1727 251 1774 οὗτος
275 1730 295 1768 ὁ
320 1729 557 1790 λόγοςοαῦτῷ
582 1731 679 1768 κατά
704 1747 790 1768 τινα
807 1730 999 1782 παραβολ
1007 1747 1028 1768 ν
1055 1723 1130 1770 ἐπὶ
1149 1733 1431 1793 χειμαζομένων
1462 1733 1675 1781 εἰρημένην.

142 1779 203 1817 διὸ
229 1781 294 1816 καὶ
318 1782 393 1816 τῶν
418 1781 707 1837 προγνωστικῶν
734 1779 774 1817 οἷ
795 1784 960 1817 πλεῖστοι
982 1746 1049 1818 2⁷22
1076 1782 1149 1817 τῶν
1174 1780 1272 1818 κατὰ
1298 1779 1388 1823 τούς
1407 1778 1572 1829 ὄμβρους
1590 1794 1676 1818 στα-

143 1827 264 1874 γόνων
291 1827 474 1874 εἰρῆσθαί
495 1840 588 1873 φασι
613 1825 680 1869 τὰς
703 1827 905 1875 πέμφιγας.
957 1828 1064 1871 Quod
1095 1829 1127 1864 si
1159 1827 1336 1875 πιόμενοι
1368 1829 1570 1875 integrum,
1602 1842 1677 1866 non

143 1876 267 1922 potuit
297 1876 563 1922 grammaticus
593 1874 766 1921 πέμφιγα
803 1877 934 1912 nubem
970 1876 1227 1922 interpretari,
1268 1877 1333 1913 sed
1366 1876 1492 1923 potius
1522 1882 1677 1934 quttanc,

144 1923 256 1969 idque
282 1923 392 1969 plane
417 1923 591 1970 flagitant
615 1922 749 1959 Galeni
780 1924 894 1960 verba
925 1935 1023 1969 quae
1053 1924 1229 1961 continuo
1250 1924 1498 1960 subiiciuntur
1523 1923 1583 1960 διὸ
1613 1925 1677 1960 καὶ

144 1971 219 2006 τῶν
251 1983 383 2016 προγν.
414 1974 490 2006 κτλ.
542 1972 710 2017 Apparet
740 1971 883 2028 aliquid
913 1972 1105 2007 turbatum
1137 1983 1232 2008 esse·
1270 1971 1504 2008 enuntiatum
1538 1970 1600 2009 ἐπὶ
1633 1971 1675 2008 δὲ

143 2018 210 2054 τοῦ
236 2018 448 2063 νέφους..
478 2046 485 2054 .
512 2014 656 2067 ἀγγέλῳ
682 2016 799 2064 πυρός
824 2020 882 2055 est
906 2019 1148 2055 reiiciendum
1181 2020 1229 2055 ad
1259 2019 1499 2055 novissimam
1532 2022 1677 2066 partem

145 2065 432 2123 disputationis.
458 2066 533 2102 iam
559 2054 661 2112 Ibyci
686 2077 814 2101 versus
840 2065 980 2112 excipit
996 2066 1215 2113 Aeschylea
1240 2067 1427 2113 exempla.
1455 2065 1517 2103 ἐπὶ
1538 2066 1580 2103 δὲ
1601 2070 1680 2126 τῆς

141 2111 342 2172 ᾆανίδος
373 2110 392 2149 ὁ
427 2110 541 2154 αὐτός
572 2125 688 2160 φησιν
715 2110 756 2149 ἐν
789 2115 998 2160 Προμηθεῖ
1022 2141 1029 2148 .
1058 2141 1065 2149 .
1092 2115 1158 2150 καὶ
1184 2112 1225 2150 ἐν
1251 2117 1407 2150 Πενθει
1426 2143 1433 2151 .
1462 2142 1469 2150 .
1496 2114 1562 2150 καὶ
1586 2112 1678 2160 παρ’

141 2157 285 2219 Ἰβύκῳ.
311 2161 407 2197 Nam
434 2173 508 2197 non
534 2160 623 2197 licet
648 2161 746 2196 hunc
771 2161 810 2196 in
843 2161 996 2197 modum
1022 2162 1196 2208 exempla.
1219 2162 1409 2198 ordinare·
1443 2159 1505 2198 ἐπὶ
1537 2161 1579 2198 δὲ
1612 2163 1679 2198 τοῦ

146 2206 288 2253 νέφους
308 2229 352 2234 -
367 2205 430 2244 ἐπὶ
444 2207 485 2244 δὲ
501 2208 566 2254 τῆς
580 2206 744 2254 ᾆανίδος,
758 2209 1059 2267 quandoquidem
1081 2208 1277 2255 Sophoclis
1289 2209 1439 2245 nomine
1459 2221 1680 2255 praegresso

146 2265 218 2290 non
245 2257 366 2300 potuit
391 2223 555 2291 Galenus
580 2266 736 2302 pergere
762 2269 782 2292 ο
809 2269 947 2298 αυτος
973 2255 1014 2293 ἐν
1040 2259 1251 2303 Προμηθεῖ.

243 2313 300 2349 Fr.
330 2317 385 2349 18.
435 2313 634 2351 Herodian.
660 2314 746 2361 περὶ
772 2328 853 2361 μον.
881 2327 917 2361 p.
938 2319 996 2359 32,
1016 2319 1080 2351 2οι
1108 2312 1224 2352 οὐδὲν
1250 2314 1305 2356 εἰς
1324 2329 1376 2361 ωρ
1395 2315 1519 2371 λῆγον
1530 2311 1681 2351 οὖδὲτε·

147 2374 214 2406 ρον
239 2373 336 2405 υπερ
361 2360 452 2419 μίαν
478 2359 663 2407 συλλαβὴν
677 2360 768 2417 ἔχει
793 2360 1011 2419 συμπλοκὴν
1038 2359 1107 2398 δύο
1128 2376 1342 2420 συμφωνων
1363 2360 1435 2407 πρὸ
1455 2363 1522 2398 τοῦ
1542 2367 1582 2398 ὦ.
1610 2390 1618 2398 .
1642 2391 1649 2399 .
1672 2392 1679 2399 .

142 2407 303 2465 Ἕλδωρ,
330 2421 374 2444 ου
399 2422 472 2453 γαρ
497 2406 691 2455 συμπλοκὴ
718 2406 876 2448 ἐνθάδε
902 2407 995 2446 αλλὰ
1022 2407 1225 2451 διάστασις.
1259 2407 1301 2446 Ο
1326 2409 1367 2446 δὲ
1387 2408 1418 2444 Ι
1426 2411 1565 2456 βυκος
1591 2407 1679 2446 ἔσθ’

148 2452 209 2492 ὅτε
237 2436 303 2491 καί
325 2455 502 2502 θηλυκῶς
533 2454 782 2514 προφέρεται·
815 2454 930 2492 Οὔτι
960 2460 1036 2493 κτλ.
1086 2458 1221 2493 Mirum
1253 2468 1340 2492 sane
1373 2454 1512 2502 ἐέλδωρ
1538 2457 1680 2493 dictum

147 2502 334 2549 θηλυκῶς,
359 2514 445 2538 nam
473 2513 531 2549 ap.
553 2503 649 2548 Hesy
651 2504 708 2540 ch.
722 2500 887 2560 Ἔλπωρ·
914 2501 936 2550 ἡ
958 2502 1061 2545 ἐλπίς
1079 2507 1180 2540 recte
1200 2505 1375 2540 videntur
1400 2501 1579 2558 ἐλπωρή
1600 2516 1678 2541 cor

149 2551 280 2597 rigere.
307 2551 438 2596 ltaque
458 2549 718 2586 Schneidewin
739 2548 756 2587 ἔ
768 2548 884 2586 aad&
905 2551 1076 2597 coniecit,
1104 2553 1274 2598 Hartung
1294 2548 1478 2596 σφετερὸν
1497 2550 1680 2598 Ὲεέλδωρ.

244 2610 301 2646 Fr.
330 2613 385 2647 19.
435 2609 636 2646 Herodian.
667 2622 705 2644 π.
738 2622 827 2664 μον.
850 2607 975 2656 λέξῃ
1012 2615 1070 2655 32,
1096 2615 1159 2646 25:
1194 2611 1269 2646 Kal
1302 2608 1441 2647 ἐσθλὸν
1477 2612 1681 2658 προδεδεγ-
1716 2627 1722 2633 ·

150 2655 265 2703 μένον
300 2653 438 2716 ἐέλδωρ
471 2654 664 2704 (”Ιβυκος);
696 2656 830 2702 scripsi
861 2622 997 2703 ἔλδωρ,
1031 2658 1335 2703 προὸεὸεγμένον
1367 2658 1467 2693 idem
1493 2659 1683 2704 estquod

149 2702 481 2761 προδεδειγμένον.
539 2704 797 2740 Schneidewin
830 2703 891 2738 hic
929 2715 1077 2750 quoque
1109 2706 1191 2741 vult,
1222 2703 1365 2741 ἐσθλάν
1401 2705 1683 2751 ποτιδεγμένων

151 2749 266 2788 ἕελὸώ
292 2752 434 2797 legere,
466 2753 508 2788 at
536 2751 618 2798 ipse
650 2750 884 2787 Herodianus
909 2750 1054 2787 indicat
1076 2751 1226 2797 Ibycum
1261 2752 1374 2788 etiam
1400 2752 1521 2789 altero
1545 2764 1683 2799 genere

151 2811 256 2834 usum
283 2810 374 2835 esse.

246 2858 304 2894 Fr.
331 2862 388 2893 20.
440 2857 497 2894 Et.
524 2858 571 2894 M.
599 2861 681 2900 542,
707 2862 770 2893 51:
797 2855 966 2904 Κυάρης·
986 2855 1148 2906 ἨΙβυκος
1175 2855 1267 2895 ουδὲ
1288 2857 1443 2916 Κυάρης
1448 2858 1508 2914 (D
1527 2872 1682 2905 καρυας,

153 2905 190 2940 M
219 2902 386 2951 Κυαρας)
411 2903 431 2941 ὁ
459 2905 607 2951 Μήδων
633 2905 718 2950 (DM
746 2907 894 2951 Μηδεῖ)
914 2917 965 2942 στ.
995 2926 1037 2931 -
1064 2905 1163 2947 τινὲς
1187 2905 1360 2952 λέγουσιν
1385 2903 1462 2942 ἀπὸ
1488 2907 1554 2943 τοῦ
1582 2910 1682 2943 Κυα-

1328 2966 1399 3002 16*
