1864 3126
116 0 162 21 §Uis

0 0 88 74 Eas<
102 55 103 58 ,
132 39 148 56 .·

0 75 28 94 ’Q

539 168 763 208 CARMINA
789 168 1079 207 POPULARIA.
1168 199 1171 202 ,
1488 166 1575 211 673

124 277 247 325 ’uasa
277 276 396 336 μύλα
426 276 546 323 ἄλει·

136 350 211 396 καὶ
242 349 328 408 γὰρ
362 349 582 414 Πιττακὸς
613 349 727 408 ἄλει,

135 421 328 480 μεγάλας
362 421 624 475 Μιτυλάνας
655 419 919 478 βασιλεύων.

774 544 843 585 44.
1489 553 1578 586 1313

131 618 186 671 Ὦ
215 627 391 681 παῖδες,
424 623 523 670 ὅσοι
557 628 763 681 Χαρίτων
794 641 839 667 τε
871 624 943 668 καὶ
976 624 1178 681 πατέρων
1210 621 1356 681 λάχετ’
1386 625 1580 679 ἐσθλῶν,

138 695 199 755 μὴ
230 695 448 754 φθονεῖθ’
485 714 602 754 ωρας
634 694 878 752 ἀγαθοῖσιν
911 692 1109 752 ὁμιλιΗαν

139 766 225 815 σὺν
269 766 355 827 γὰρ
393 766 579 827 ἀνδρείᾳ
618 767 691 811 καὶ
730 765 753 811 ὁ
792 764 1031 824 λυσιμελὴς
1069 770 1178 823 ἔρως
1219 766 1288 811 ἐπὶ
1323 766 1581 811 Χαλκιδέων

900 837 1058 883 θάλλει
1089 836 1287 883 πόλεσιν.

780 961 849 1003 45.

146 1030 236 1075 Τὸν
260 1028 476 1082 Ἑλλάδος
507 1027 705 1086 ἀγαθέας

141 1099 390 1159 στραταγὸν
418 1098 497 1144 ἀπ’
533 1097 785 1158 εὐρυχόρου

142 1172 354 1231 Σπάρτας
384 1170 660 1230 ὑμνήσομεν,
693 1168 728 1216 οἳ

128 1243 188 1302 ’ἰὴ
221 1244 385 1289 Παιάν.

49 1374 855 1411 ἰοὶιοηοιηοάυιιιεεεσωθῐίοιιᾶωιιιυ-
873 1390 939 1408 ν-
957 1375 1419 1418 υΙιυ-υ-νυ,1υ..
1436 1391 1503 1410 υ-
1521 1388 1586 1410 oz

49 1440 115 1458 υ-
133 1440 158 1458 υ
176 1436 198 1458 ,ι
216 1439 258 1467 υ,
294 1423 426 1468 postea.
457 1422 584 1458 autem
609 1422 782 1475 Aeolicos
813 1423 990 1457 accentus
1017 1422 1245 1458 revocandos
1271 1433 1350 1458 esse
1376 1423 1479 1458 ratus
1506 1435 1538 1458 v.
1565 1427 1587 1458 2

48 1470 165 1507 verba
182 1469 333 1506 traiecit
357 1469 422 1505 καὶ
443 1470 627 1510 Πίττακος
646 1469 717 1515 γάρ
737 1467 820 1504 α”λει
838 1487 863 1503 υ
882 1483 903 1503 „r
922 1486 947 1503 υ
965 1499 987 1504 -
1005 1487 1030 1503 υ
1049 1483 1071 1504 ,ι
1090 1497 1131 1509 ...
1184 1469 1310 1505 Facile
1336 1472 1495 1515 apparet
1514 1470 1588 1506 ele—

49 1517 261 1564 gantissimi
275 1517 451 1554 carminis
464 1518 688 1553 varietatem
709 1528 945 1552 numerorum
965 1517 1022 1552 ita.
1040 1516 1151 1562 plane
1166 1516 1300 1553 everti.
1321 1527 1365 1552 ac
1385 1517 1589 1563 permirum

47 1564 107 1602 illi
131 1565 225 1612 legi,
261 1567 320 1601 cui
357 1564 446 1600 olim
473 1565 635 1600 Graecos
661 1563 979 1610 obtemperavisse
1011 1564 1201 1610 opinatur,
1232 1575 1348 1600 unum
1379 1565 1450 1600 hoc
1482 1565 1590 1601 astri-

50 1615 153 1649 ctum
184 1624 264 1648 esse
298 1614 599 1656 monumentum,
638 1612 730 1647 satis
768 1612 863 1647 illud
894 1612 1045 1657 quidem
1077 1612 1250 1657 exiguum
1285 1623 1352 1648 neo
1382 1612 1494 1648 valde
1525 1624 1590 1648 ve-

49 1662 211 1744 tumui:
246 1662 413 1696 attamen
446 1659 656 1695 Ritschelio
688 1670 860 1695 assensus
893 1660 949 1695 est
981 1659 1172 1695 Hermann
1204 1659 1303 1706 Epit.
1336 1660 1453 1697 doctr.
1481 1661 1589 1696 metr.

52 1711 124 1744 220
149 1719 169 1743 e
234 1712 266 1744 2.

147 1755 205 1791 Fr.
231 1759 288 1791 44.
340 1732 436 1791 Plut.
465 1756 631 1790 Amator.
659 1766 688 1790 ο.
718 1758 778 1790 17:
814 1751 1058 1813 Ἀριστοτέλης
1090 1752 1131 1790 δε
1164 1751 1230 1790 τὸν
1263 1753 1334 1800 μὲν
1356 1753 1590 1814 Κλεόμαχον

54 1800 174 1861 ᾅλλως
198 1801 416 1838 ἀποθανεῖν
443 1815 548 1848 φησι,
573 1801 812 1847 κρατήσαντα
838 1803 912 1838 τῶν
935 1799 1155 1856 Ἐρετριέων
1182 1799 1224 1838 ἐν
1250 1803 1294 1849 τῇ
1315 1799 1432 1850 μάχῃ·
1459 1800 1526 1839 τὸν
1547 1800 1589 1838 δε

53 1847 129 1887 ὑπὸ
162 1851 228 1886 τοῦ
262 1848 453 1896 ἐρωμένου
486 1849 700 1905 φιληθέντα
731 1851 806 1885 τῶν
841 1846 918 1885 ἀπὸ
952 1851 1006 1896 Θρ
986 1847 1106 1899 ρᾴκης
1140 1848 1360 1885 Χαλκιδέων
1393 1849 1589 1907 γενέσθαι,

53 1897 285 1955 πεμφθέντα
327 1902 406 1938 τοῖς
450 1895 491 1933 ἐν
532 1894 678 1980 Εὖῖςξοία
718 1898 972 1933 Χαλκιδεῦσιν
1014 1885 1238 1954 ἐπίκουρον·
1283 1893 1381 1934 σθεν
1424 1896 1593 1948 ᾄδεσθαι

52 1943 157 1990 παρὰ
182 1950 260 1986 τοῖς
284 1945 552 1981 Χαλκιδεῦσιν
640 1934 805 1986 πάιδες
829 1947 906 1981 κτλ.
929 1966 968 1971 —
994 1945 1037 1981 V.
1067 1949 1098 1980 1.
1125 1957 1209 1981 οσοι
1234 1945 1376 2003 scripsi,
1403 1934 1517 1991 vulgo
1543 1947 1593 1982 οἵ.

125 1989 253 2046 λάχετ’
281 1992 469 2036 Meineke,
502 1989 652 2038 ἐλάχετε
685 1992 810 2049 vulgo.
839 2013 881 2018 —
908 1992 954 2029 V.
981 1997 1014 2029 2.
1054 1990 1223 2039 ὁμιλίαν,
1262 1995 1329 2029 aut
1353 1989 1516 2051 ὁμιλειν,
1551 1996 1593 2029 ut

54 2039 144 2076 olim
171 2038 303 2097 scripsi
338 2040 431 2076 eorri
461 2039 615 2083 endum,
654 2042 721 2076 aut
759 2053 858 2087 ωρας
889 2037 1093 2086 ἀγαθοῖς
1123 2038 1323 2087 (ἐρανᾶς)
1355 2037 1518 2087 ὁμιλίαν.
1548 2061 1589 2066 -

57 2087 102 2123 V.
129 2091 162 2123 3.
187 2085 284 2132 ἀνδρ
286 2089 364 2138 είᾳ,
391 2052 500 2122 Βὲ’
477 2068 627 2130 ἀνδρία.

150 2135 208 2171 Fr.
235 2139 290 2171 45.
322 2102 438 2172 ᾳΡῙιιίῑ.
466 2148 498 2171 v.
528 2135 609 2192 lays,
639 2139 700 2171 18.
744 2119 904 2193 Πρωτον
942 2133 1017 2192 μὲν
1047 2133 1139 2193 γάρ,
1177 2132 1226 2176 ὡς
1263 2133 1408 2178 ιστορεῖ
1442 2136 1593 2180 Δοῦρις,

48 2179 236 2228 Ἑλλήνων
263 2179 396 2231 ἐκείνῳ
422 2180 660 2238 (Λυσάνδρῳ)
695 2180 845 2229 βωμοὺς
876 2197 917 2218 αι
946 2180 1075 2223 πόλεις
1107 2179 1319 2240 ἀνέστησαν
1345 2179 1395 2223 ὡς
1420 2183 1501 2240 θεῷ
1530 2183 1593 2218 καὶ

55 2231 195 2270 θυσίας
221 2219 384 2286 ἔθυσαν,
422 2229 476 2270 είς
506 2231 654 2274 πρῶτον
687 2227 727 2265 δὲ
766 2231 963 2272 παιᾶνες
1001 2228 1193 2285 ᾔσθησαν,
1233 2223 1285 2265 ὧν
1325 2227 1409 2270 ἑνὸς
1448 2227 1593 2287 ἀρχὴν

59 2274 337 2334 μνημονεύουσι
361 2275 532 2312 τοιάνδε·
564 2275 640 2311 τὸν
666 2279 740 2312 κτλ.
769 2297 812 2303 --
841 2277 882 2313 V.
909 2281 943 2312 2.
971 2274 1197 2335 στραταγὸν,
1225 2277 1276 2322 Sg
1302 2274 1520 2334 στρατηγὸν.
1549 2297 1592 2303 -

57 2320 264 2382 ευρυὲόρου
290 2324 437 2369 Naeke,
463 2336 496 2360 v.
517 2337 742 2370 ευρυχωρου
766 2344 810 2350 -
836 2324 876 2360 V
905 2328 937 2360 3
964 2322 1193 2379 υμνήσομεν,
1220 2323 1334 2370 SgAC
1356 2321 1594 2386 ὑμνήσωμεν.

59 2392 105 2398 -
131 2385 160 2406 ω
187 2382 257 2407 om.
287 2371 330 2415 C,
367 2353 563 2417 praisterea.
587 2370 797 2416 SgAPnSV
829 2368 884 2416 ᾥὴ
917 2369 1048 2407 παιάν.
1099 2370 1197 2407 Fort.
1225 2373 1395 2417 praestat
1427 2385 1456 2407 ω
1484 2370 1594 2418 ἰήϊε,

58 2418 136 2454 vid.
165 2419 247 2464 Hep
251 2419 369 2454 haest.
398 2431 430 2464 p.
461 2422 529 2454 128
555 2419 594 2454 et
618 2419 759 2454 exitum
786 2419 938 2464 paeanis
965 2418 1266 2455 Chalcidensium
1290 2419 1328 2454 in
1355 2419 1482 2455 Titum
1508 2419 1594 2455 Fla-

60 2465 242 2501 mininum
269 2478 329 2512 ap.
356 2466 452 2501 Plut.
479 2466 543 2503 vit.
572 2466 691 2502 Flam.
720 2470 762 2502 16
789 2466 868 2511 (ubi
899 2465 1043 2502 correxi
1075 2466 1175 2512 quod
1199 2478 1233 2502 v.
1260 2470 1282 2502 2
1308 2466 1448 2512 legitur
1481 2479 1595 2512 μεγα-

60 2511 314 2549 λευκτοτάταν
340 2509 502 2559 ορκοις)ε

345 2573 469 2608 πίστιν
495 2570 536 2608 δὲ
559 2569 751 2630 Ρωμαίων
776 2571 937 2632 σέβομεν

345 2618 415 2656 τάν
441 2618 773 2666 μεγαλαυχοτάταν
799 2633 936 2667 ορκους
961 2618 1180 2667 φυλάσσειν.

348 2666 504 2714 μέλπετε
515 2668 682 2726 κοῦραι

348 2716 451 2761 Ζῆνα
477 2713 597 2771 μέγαν
627 2713 762 2772 Ρωμαν
787 2728 826 2752 τε
856 2717 968 2752 Τίτον
992 2713 1041 2752 θ’
1069 2729 1150 2762 αμα
1169 2712 1361 2762 Ῥωμαίων
1387 2728 1424 2751 τε

345 2763 486 2799 πίστιν·
514 2760 588 2808 ἰήϊε
615 2760 764 2798 Παιάν·

350 2824 378 2846 ω
407 2811 493 2846 Τίτε
521 2810 647 2855 σῶτερ.

62 2882 135 2919 nisi
169 2884 337 2929 praestat
374 2881 522 2919 divisim
560 2882 721 2920 scribere
756 2880 793 2930 ἰὴ
828 2880 880 2928 ἰέ,
919 2895 1004 2921 nam
1036 2896 1083 2921 ex
1114 2885 1308 2930 geminata
1340 2881 1599 2922 interiectione

65 2930 248 2976 originem
273 2931 381 2967 duxit
405 2930 631 2967 adieetivum
657 2928 763 2977 ἰήιος.
808 2931 954 2969 Variari
980 2933 1126 2969 solebat
1150 2932 1421 2978 epiphthegma
1445 2932 1483 2968 in
1508 2944 1597 2979 pss-

136 2995 269 3022 Ponu
287 2996 1314 3027 Ln.111.43
