1864 3126
516 176 765 214 APPENDIX
789 175 1275 214 ANACREONTEORUM.
1569 174 1655 218 347

766 410 858 454 Τοῦ
890 406 1032 452 αὐτοῦ

282 497 402 546 Τίνας
432 496 533 537 εἴποι
565 492 707 549 λόγους
737 491 763 549 ἡ
790 492 1002 549 Ἀφροδίτη
1035 496 1203 548 ζητοῦσα
1234 493 1303 537 τὸν
1323 494 1519 537 ”Λδωνιν·

462 557 763 615 ἀντιφθέγγεται
795 559 837 601 δὲ
867 557 967 614 πρὸς
997 557 1144 613 ταύτην
1175 557 1196 602 ὃ
1228 558 1330 610 Ζεὺς

575 625 669 675 ἔπος
699 622 798 679 πρὸς
829 626 923 676 ἔπος
954 623 1225 680 ἀμειβόμενος.

133 713 224 751 ΑΦ.
247 706 293 752 ‘0
323 709 443 766 γέλως
474 707 495 752 ὅ
526 713 595 764 τῆς
626 706 824 763 Κυθήρης
915 713 1005 752 ΛΦ.
1041 711 1091 750 Τί
1118 726 1164 772 με
1195 711 1392 765 παιγνίοις
1424 707 1582 759 ἆτίζεις;

211 773 382 826 ἀπαθῶς
412 773 548 830 βρύων
578 770 770 831 γαλήνην,
998 773 1123 817 ἐθέλω
1155 773 1314 830 βλέπειν
1334 773 1508 817 ’Ἄδωνιν

212 841 380 897 γενέσεις
411 839 472 883 ἀεὶ
502 838 689 896 λοχεύων,
998 838 1138 894 ἐρατὸν
1167 839 1341 896 βρύοντα
1371 838 1533 890 κάλλος·

212 905 346 962 ἄχεσιν
376 908 465 961 λίην
494 911 704 961 κρατεῖται·
997 903 1242 962 λυκάβαντος
1273 907 1351 949 ἐστὶ
1381 902 1528 959 κόσμος

180 983 201 1014 5
213 975 252 1015 τί
267 971 404 1026 πάθω,
423 970 557 1027 πάτερ,
576 975 614 1014 τί
629 972 747 1028 ρέξω;
788 980 878 1013 1084
940 983 984 1013 35
999 974 1188 1027 γονίμους
1219 971 1374 1026 στέφων
1404 969 1589 1026 ἀρούρας.

245 1041 383 1092 Φιλίης
414 1037 567 1080 ἄνασσα
597 1041 741 1092 πηγῆς,
1019 1037 1169 1092 ’Ἄρεως
1199 1036 1341 1081 θανὼν
1372 1035 1506 1081 ὀδόντι

213 1104 344 1161 ζαθέῳ
376 1104 576 1159 βρέμουσα
606 1102 765 1160 κέντρῳ,
896 1127 900 1131 -
1000 1102 1021 1146 ὃ
1053 1102 1142 1155 νέος
1173 1102 1271 1147 νόον
1302 1102 1495 1160 χαλέπτει·

214 1171 477 1225 φιλομείλιχος
507 1174 656 1226 γελῶσα
999 1168 1144 1225 ἄγονος
1176 1168 1296 1223 φύσις
1326 1167 1531 1211 καθεύδει·

168 1256 172 1258 >
213 1237 371 1290 Παφίη,
402 1235 506 1291 γέμω
539 1232 741 1289 μερίμνης·
1000 1232 1078 1277 ὑπὸ
1109 1239 1186 1291 γῆν
1217 1233 1294 1278 ἐών
1326 1234 1348 1278 ὁ
1379 1238 1524 1289 κοῦρος

158 1311 201 1343 10
215 1303 253 1343 τί
278 1299 414 1354 πάθω,
444 1299 578 1356 πάτερ,
608 1303 647 1342 τί
674 1299 795 1356 ρέξως
941 1298 1132 1343 4οἈΐδου
1165 1299 1343 1356 δάμαρτα
1372 1299 1513 1354 τέρπει.

237 1365 283 1409 Ὁ
312 1365 397 1418 τεὸς
428 1365 574 1421 σπόρος
605 1383 650 1421 με
682 1368 807 1416 τίκτει,
1031 1365 1317 1421 Καταβήσομαι
1347 1364 1446 1420 πρὸς
1465 1364 1625 1419 Ἅιδην,

214 1434 280 1474 ἴνα
311 1435 450 1486 φίλτρα
479 1436 576 1474 πᾶσι
607 1434 744 1486 μίσγω,
852 1447 859 1452 ·
1000 1430 1070 1474 ὅθι
1102 1430 1300 1487 Κέρβερος
1331 1431 1502 1487 βαΰζων,

213 1500 402 1553 γονίμους
434 1498 578 1552 σχέσεις
608 1501 801 1552 λαβοῦσα·
1000 1495 1165 1552 ζοφερὸς
1195 1495 1305 1539 κύων
1335 1495 1549 1551 τυράννου,

214 1562 343 1605 πόθεν
374 1558 448 1605 οὖν
479 1564 553 1618 ἔχω
584 1580 619 1604 τι
650 1561 796 1616 λύπης;
1001 1561 1096 1616 ἐμὸν
1128 1561 1177 1606 οὗ
1209 1564 1354 1614 σθένος
1385 1561 1568 1618 φοβήσει,

159 1639 201 1670 15
215 1630 253 1670 τί
279 1626 416 1681 πάθω,
447 1627 580 1682 πάτερ,
611 1630 649 1670 τί
676 1628 796 1683 ρέξως
942 1638 987 1670 45
1001 1630 1067 1670 ἵνα
1098 1627 1151 1684 μὴ
1186 1632 1304 1683 φίλον
1335 1631 1519 1683 κομίσσω.

133 1698 175 1736 Ζ.
240 1692 293 1737 Τὸ
326 1696 438 1749 δίκης
469 1694 586 1749 σέβας
617 1707 659 1736 σε
690 1692 832 1748 βάλλει,
918 1699 963 1736 Ζ.
1025 1693 1255 1750 Κατάβηθι,
1287 1692 1436 1749 Κύπρι,
1467 1698 1614 1736 θᾶττον

214 1757 237 1802 ὃ
268 1765 392 1812 ποεῖς,
424 1757 535 1813 μόλις
566 1757 616 1802 σὺ
645 1757 826 1814 πάσχεις·
1002 1758 1078 1802 σὺν
1100 1759 1257 1815 Ἔρωτι,
1289 1758 1364 1802 σὺν
1395 1759 1597 1814 βελέμνοις

215 1825 360 1878 φιλέεις
390 1823 545 1866 ἅπαντα
575 1827 727 1874 παίζειν
1003 1824 1159 1868 νεκύων
1188 1823 1294 1869 κάτω
1325 1823 1424 1880 πρὸς
1455 1822 1592 1877 αὐλάς,

216 1892 398 1944 κραδίαις
429 1888 581 1946 φλόγας
610 1894 780 1932 τιθεῖσα·
1003 1889 1055 1934 ἵν’
1090 1890 1302 1948 ἀπαλλαγῶ
1334 1891 1544 1946 φαρέτρης,

160 1967 205 1998 20
217 1954 260 1999 τὸ
292 1957 405 2010 δίκης
436 1956 552 2010 σέβας
583 1969 626 1998 σε
655 1954 798 2011 βάλλει.
944 1967 990 1999 50
1003 1957 1047 1999 έν
1078 1956 1157 2014 ’ὅσῳ
1189 1954 1331 2008 πόνοις
1363 1954 1569 2012 σχολάζεις.

248 2021 409 2076 Φορέεις
439 2019 604 2064 ἄπιστον
633 2017 749 2076 ἦθος,
1035 2022 1108 2065 Τέο
1140 2023 1251 2078 μέχρι
1280 2026 1401 2064 ταῦτα
1431 2020 1552 2077 βάζω,

215 2085 405 2142 μακάρων
434 2085 532 2130 νόον
561 2085 715 2140 πιέζεις,
1001 2086 1068 2130 ὅτε
1098 2088 1283 2143 κέρτομος
1314 2086 1534 2142 πλανήτης;

217 2151 379 2207 βροτέας
411 2151 560 2208 φρένας
591 2155 804 2208 μαραίνεις,
1001 2149 1141 2209 τίγὰρ
1173 2155 1217 2196 έν
1246 2159 1378 2196 θεοῖσι
1409 2151 1558 2208 χάρμα;

215 2223 419 2274 γενετῆρος
444 2217 540 2261 οὐδὲ
570 2221 708 2274 φείδῃ·
1001 2222 1040 2262 τί
1069 2219 1112 2262 δὲ
1143 2217 1296 2274 λυπρὸν
1327 2217 1549 2274 ἐμβατεύεις

157 2293 202 2324 25
215 2281 258 2325 τὸ
291 2285 404 2337 δίκης
435 2281 552 2338 σέβας
583 2297 624 2325 σε
655 2282 798 2338 βάλλει.
943 2296 987 2328 55
1002 2284 1165 2340 ἀπαθὴς
1186 2283 1386 2339 Ὄλυμπός
1417 2285 1531 2326 ἐστιν.

238 2346 423 2402 Ἕμαθον
453 2347 579 2403 πυρὸς
608 2347 792 2400 θυέλλας,
1027 2350 1198 2402 Ἀπάτας
1227 2351 1414 2392 πλέκουσι
1446 2354 1582 2403 μῦθοι,

216 2412 476 2468 πολύμορφον
507 2411 640 2468 αἶσχος
670 2415 796 2470 ἔγνων
1002 2415 1117 2459 κενεὰ
1148 2416 1311 2458 πνέουσι
1343 2414 1493 2468 τόλμαι,

217 2482 395 2535 χθονίοις
426 2478 585 2535 γάμοισι
615 2482 776 2534 χαίρων,
1000 2480 1046 2523 τὰ
1077 2480 1192 2535 πάθη
1223 2481 1389 2523 πνέουσι
1419 2482 1536 2534 γαίης

218 2542 239 2588 ὅ
270 2549 380 2587 θεῶν
410 2543 510 2595 ἅναξ
540 2545 753 2599 έπαίχθην·
1003 2545 1190 2600 μακάρων
1221 2545 1305 2587 ἅνω
1337 2542 1436 2598 πρὸς
1465 2539 1607 2595 οὖδας·

159 2621 205 2653 30
217 2608 260 2654 τὸ
292 2612 405 2665 δίκης
436 2608 553 2664 σέβας
584 2623 626 2651 σε
655 2608 799 2664 βάλλει.
945 2621 990 2654 60
1003 2609 1168 2665 ἀπαθὴς
1190 2608 1388 2664 Ὄλυμπός
1419 2611 1534 2653 ἐστιν.

226 2750 411 2787 Ioannis
436 2762 586 2787 carmen
611 2754 643 2786 6.
688 2749 802 2787 Extat
826 2750 927 2807 apud
951 2749 1072 2787 Hatra
1149 2762 1187 2786 m
1207 2753 1285 2787 638.
1332 2749 1462 2787 Adieci
1486 2761 1667 2797 persona-

133 2810 215 2834 rum
246 2800 366 2836 notas.
418 2799 459 2834 In
487 2797 730 2844 inscriptione
762 2798 791 2833 B
822 2794 978 2834 αδωνιν.
1013 2762 1195 2835 -nVafi
1231 2798 1259 2834 Β
1290 2798 1409 2844 πᾶτερ
1458 2819 1498 2824 -
1534 2798 1578 2835 V.
1608 2803 1669 2835 13.

135 2844 279 2892 σχέσεις
303 2845 345 2892 Β,
370 2857 491 2883 nono
517 2845 603 2882 έσει.
632 2866 677 2872 -
679 2846 879 2902 λαβοῦσα,
904 2846 990 2882 fort.
1017 2846 1219 2903 λαβοῦσι.
1248 2865 1291 2871 -
1325 2845 1367 2881 V.
1394 2849 1452 2882 24.
1481 2846 1597 2903 φείδῃ
1627 2847 1669 2892 Β,

135 2905 210 2929 non
235 2895 361 2952 φείδη.
387 2914 431 2921 -
499 2898 591 2932 ..32
619 2894 647 2928 B
672 2889 827 2929 ἅδωνιν.
856 2913 892 2920 —-
928 2892 969 2929 V.
997 2897 1052 2930 36.
1087 2893 1116 2928 Β
1141 2890 1281 2929 ὀδόντι.
1309 2913 1354 2920 -
1386 2892 1430 2929 V.
1456 2897 1514 2930 41.
1536 2875 1669 2940 Ἅιδην

139 2939 182 2985 B,
205 2951 279 2977 non
303 2938 415 2991 ᾅδην.
443 2963 486 2969 -
514 2941 559 2978 V.
586 2944 642 2978 5⁷.
669 2938 814 2988 τόλμαι,
840 2942 869 2977 Β
895 2938 1057 2988 τόλμαις.
