1864 3126
216 140 303 182 570
523 124 526 129 ⁴
778 143 968 180 POETAE
993 143 1170 182 MELIGI.

871 252 942 295 *3.
976 253 1081 307 [34.]

309 344 1138 370 ...ιυ--Δυυ-υυ--Δυυ-ξέ

309 403 855 427 ...ιυ---Ιυυ-υυΞ

308 464 807 487 -Ῐυ-.-.Δυ---ζυ-

308 533 533 590 Παύροισι
554 533 603 578 δὲ
621 537 805 579 θνατῶν
823 534 905 579 τὸν
924 534 1097 580 ἅπαντα
1116 536 1283 594 χρόνον
1301 540 1362 598 τῷ
1388 540 1570 595 δαίμονι
1595 539 1739 583 δῶκεν
1811 560 1846 579 ι

308 603 590 661 πράσσοντας
621 607 670 650 ἐν
700 609 839 667 καιρῷ
871 606 1231 665 πολιοκρόταφον

307 677 446 734 γῆρας
477 678 722 734 ἱκνεῖσθαι,
754 677 860 735 πρὶν
892 676 1103 736 ἐγκῦρσαι
1135 677 1234 737 δύα.

897 798 937 840 4.
970 798 1046 852 [2.]

304 891 1182 920 Lu--LUU-UU-Lw÷-·LU--

301 958 378 1012 Ὡς
409 958 451 1004 δ’
488 958 601 1014 ἅπαξ
626 963 846 1019 εἰπεῖν,φ
812 964 956 1046 φρένα
980 962 1054 1007 καὶ
1079 961 1274 1008 πυκιναν
1298 963 1455 1021 κέρδος
1479 961 1744 1022 ἀνθρώπων

1064 1036 1224 1090 βιᾶται.

957 1130 996 1173 5.

332 1215 459 1255 Sehol.
487 1216 652 1255 A1·is¹nid.
679 1218 726 1257 T.
745 1217 807 1255 III
833 1231 870 1266 p.
892 1219 976 1256 317
988 1237 997 1261 ς
1024 1211 1234 1268 Ἐρεχθεὺς
1263 1218 1415 1268 πρῶτος
1445 1213 1536 1269 παρ’
1561 1212 1738 1269 ’Ἀθηνᾶς

210 1275 252 1318 τὸ
283 1275 388 1330 ἅρμα
419 1278 593 1330 ἐδέξατο,
631 1279 752 1332 ἕτεροι
784 1279 826 1320 δέ
857 1292 954 1332 φασι
986 1279 1148 1320 Πέλοπα
1184 1277 1290 1333 παρὰ
1323 1281 1591 1329 Ποσειδῶνος·
1627 1277 1739 1322 ἄλλοι

211 1341 254 1382 δὲ
285 1342 478 1396 λέγουσιν,
510 1341 567 1385 ’ὅτι
594 1344 637 1385 ἐκ
661 1346 841 1393 Σικελίας
867 1342 996 1397 ε’φᾶνη
1019 1341 1092 1397 τὴν
1116 1341 1253 1398 ἀρχήν.
1301 1345 1547 1397 Βακχυλίδης
1570 1341 1645 1399 γὰρ
1671 1343 1738 1385 καὶ

213 1409 416 1460 Πίνδαρος
441 1405 601 1462 Ἱέρωνα
630 1409 697 1450 καὶ
727 1409 905 1461 Γέλωνα,
942 1406 1034 1458 τοὺς
1063 1411 1244 1459 Σικελίας
1275 1407 1465 1463 ἄρχοντας
1495 1406 1738 1462 ὑμνήσαντες

209 1472 275 1512 καὶ
311 1477 468 1513 πλεῖστα
505 1472 780 1527 θαυμάσαντες
819 1474 862 1515 ἐν
898 1476 1132 1530 ἵππηλασίᾳ,
1170 1472 1268 1528 πρὸς
1307 1472 1420 1532 χάριν
1457 1472 1588 1516 αὐτῶν
1624 1471 1737 1516 εἷπον

210 1535 263 1586 ὡς
287 1542 515 1579 Σικελιῶται
545 1543 690 1591 πρῶτοι
721 1537 826 1592 ἅρμα
857 1539 1025 1593 ἐξεῦρον.
1069 1541 1127 1579 ita
1147 1541 1189 1589 O,
1215 1543 1361 1580 rectius
1388 1542 1559 1581 fortasse
1577 1542 1668 1581 BD:
1697 1541 1740 1581 οἵ

209 1601 283 1657 γὰρ
316 1603 405 1656 περὶ
435 1606 684 1657 Βακχυλίδην
713 1605 779 1645 καὶ
810 1606 1016 1659 Πίνδαρον
1051 1603 1293 1658 ὑμνήσαντες
1329 1602 1420 1653 τοὺς
1454 1605 1544 1658 περὶ
1574 1602 1734 1656 Ἱέρωνα

209 1668 273 1708 καὶ
305 1668 463 1708 Γέλωνα
501 1668 543 1709 ἔν
581 1671 720 1724 ἱππικῇ
751 1670 946 1724 παρέσχον
977 1667 1171 1712 ὑπόνοιαν
1201 1666 1436 1718 Σικελιώτας
1465 1666 1538 1722 τὴν
1567 1666 1735 1722 ἱππικὴν

209 1733 389 1786 ἐξευρεῖν.

876 1827 947 1870 *6.
980 1828 1056 1881 [5.]

304 2039 468 2060 -fu-..
494 2039 704 2063 ......

210 2134 317 2176 esset,
340 2133 411 2168 hoc
438 2132 473 2167 ei
497 2133 659 2168 muneris
678 2144 745 2178 pro
765 2145 833 2168 sua
851 2133 1026 2169 missione
1045 2133 1188 2169 dedisse
1208 2133 1390 2177 scribitur,
1411 2132 1582 2169 docuisse
1593 2144 1731 2187 regem,

212 2191 284 2214 non
304 2179 406 2215 nasci
425 2179 567 2215 homini
576 2181 697 2234 longe
715 2181 898 2226 optimum
919 2191 1016 2224 esse,
1041 2181 1251 2226 proximum
1271 2181 1414 2224 autem,
1440 2191 1554 2226 quam
1571 2179 1743 2226 primum·

207 2227 326 2262 morif
397 2226 449 2262 Cf.
488 2227 657 2273 inprimis
695 2228 935 2264 Aristotelem
973 2239 1021 2273 ap
1024 2228 1162 2263 ..Plut
1195 2227 1340 2264 Consol.
1379 2228 1427 2263 ad
1457 2228 1580 2273 Apoll.
1611 2239 1641 2264 ο.
1674 2231 1730 2264 27.

208 2274 331 2318 Αἰφιθ
355 2275 429 2309 hue
453 2275 583 2319 refero,
610 2276 709 2320 quod
735 2275 890 2311 Photius
917 2240 1021 2310 Biblp
1038 2287 1070 2321 p
1099 2276 1210 2311 153A
1237 2286 1281 2310 ex
1306 2274 1582 2320 Hephaestione
1607 2275 1732 2311 Ptole-

189 2332 314 2357 <111an
348 2321 470 2358 affert:
509 2323 548 2357 τί
576 2319 652 2358 ἐστι
683 2321 724 2358 τὸ
757 2320 861 2368 παρὰ
895 2323 1105 2369 Βακχυλίδῃ
1137 2319 1187 2363 ὥς
1217 2320 1293 2358 απὸ
1318 2322 1504 2368 Σειληνοῦ
1532 2320 1731 2368 εἰρημένον

209 2368 273 2403 καὶ
298 2366 391 2414 πρὸς
415 2370 500 2404 τίνα
525 2367 606 2405 εἶπε
633 2366 674 2405 τὸ
703 2368 810 2414 ἕςπος

303 2416 359 2451 Fr.
388 2420 420 2453 3.
465 2416 579 2452 Clem.
605 2417 710 2452 Alex.
732 2417 802 2454 Str.
823 2417 874 2453 VI
894 2421 978 2453 745·
1005 2418 1296 2463 Βακχυλίδου
1321 2430 1359 2452 τε
1387 2413 1597 2463 εἰρηκότος·
1622 2413 1730 2452 Παύ-

208 2475 305 2507 ροισι
335 2466 408 2499 κτλ.
440 2485 480 2489 -
510 2464 550 2499 V
579 2468 609 2499 1.
647 2461 825 2510 παύροισι
856 2465 1081 2510 Stephanus.
1105 2431 1236 2510 xvulgo
1267 2461 1359 2510 παρ’
1393 2463 1477 2500 οἷσι.
1503 2483 1548 2489 -
1573 2462 1729 2499 θνατῶν

207 2510 329 2555 Neue,
361 2511 475 2557 vulgo
506 2511 671 2556 θνητῶν.
699 2533 739 2537 -
767 2512 818 2558 τῷ
845 2513 997 2557 δαίμονι
1028 2513 1145 2556 δῶκε,
1176 2511 1332 2547 Ursinus
1357 2509 1378 2547 ὁ
1405 2512 1495 2556 δαίμ
1497 2523 1549 2546 ων
1575 2509 1728 2554 ἔδωκεν,

209 2558 311 2593 Neue
343 2559 435 2604 δαίμ
437 2572 488 2593 ων
522 2558 680 2602 ἔδωκεν,
715 2571 788 2604 qua
819 2560 1032 2595 coniecizura.
1062 2570 1135 2595 non
1166 2558 1313 2595 tollitur
1341 2524 1495 2595 νίίῐίιιηιμ
1527 2537 1730 2593 Laboranti

207 2605 290 2640 loco
322 2606 517 2641 subvenire
552 2605 721 2651 difficile,
758 2607 933 2651 quoniam
965 2606 1135 2642 Clemens
1147 2606 1307 2663 passim
1338 2603 1523 2642 mendosis
1560 2606 1729 2640 veterum
1794 2607 1795 2610 ’

207 2652 312 2687 libris
344 2663 431 2688 usus
463 2655 529 2689 est.
582 2654 752 2689 Fortasse
783 2653 1018 2689 scribendum
1049 2650 1115 2689 τὸν
1141 2649 1292 2688 ἅπαντα
1325 2650 1460 2699 χρόνον
1493 2648 1734 2696 §memma
1779 2659 1786 2664 ”

208 2698 306 2734 δῶκε
335 2697 472 2744 (θεός)
504 2697 739 2743 πράσσοντας
765 2697 806 2736 ἐν
832 2701 971 2759 σχερῷ
1004 2701 1053 2746 (h.
1080 2712 1111 2736 e.
1137 2702 1215 2736 sine
1239 2700 1524 2743 intermissione).
1552 2719 1596 2724 -——
1622 2698 1667 2734 V.
1693 2702 1728 2734 2.

208 2743 443 2803 πράσσοντας
468 2747 638 2804 Sylburg,
674 2748 752 2783 eod.
780 2748 863 2783 Par.
888 2746 1111 2805 πράσσοντα.
1138 2769 1183 2774 -
1209 2747 1253 2783 V.
1280 2753 1300 2784 3
1325 2758 1420 2792 resp.
1446 2746 1603 2791 Hesych.
1629 2744 1728 2821 Πρὶν

209 2789 388 2836 ἐγκῦρσαι
415 2794 526 2839 (adde
552 2793 657 2844 δύα)·
683 2794 771 2840 πρὶν
796 2793 998 2840 πλησιασαι
1022 2795 1088 2840 τῆς
1111 2796 1384 2836 κακοπαθείας.

303 2840 360 2876 Fr.
381 2845 412 2875 4.
440 2841 541 2878 Stob
563 2831 660 2878 Flor.
681 2809 792 2877 Χρ.14
819 2843 1104 2888 Βακχυλίδου
1126 2839 1326 2878 Ἐπινικῶν
1345 2841 1469 2887 (sieA,
1489 2852 1559 2876 om.
1576 2840 1725 2886 Trina).
1786 2840 1794 2873 ζ

210 2905 252 2910 -
280 2882 495 2932 ανθρώπων
522 2890 551 2923 A
580 2888 689 2926 Vind.
715 2889 824 2926 Gesn.
850 2901 980 2935 marg„
1005 2890 1118 2936 vulgo
1143 2886 1345 2936 ανθρώπου.

1762 1529 1842 1610 124

1781 2805 1796 2832 ς
