1864 3126
216 148 303 190 518
495 153 497 157 ’
781 124 975 182 pomi:
998 144 1175 182 MEmoi.

963 259 994 298 Ι.

322 334 400 380 ῗΗν
430 337 507 392 ἄρα
536 335 713 379 κάκεῖνοι
742 336 1005 393 ταλακάρδιοι,
1038 341 1083 380 οῖ’
1105 354 1196 381 ποτε
1226 337 1389 392 Μήδων

390 404 527 445 παισὶν
557 401 617 444 ἐπ’
649 401 779 445 Ἠϊόνι
809 401 1038 457 Στρυμόνος
1068 401 1172 457 ἀμφὶ
1201 401 1298 458 ῥοάς

332 466 445 523 λιμόν
474 466 507 510 τ’
543 470 701 510 αἴθωνα
731 466 917 522 κρατερόν
945 465 980 509 τ’
1015 466 1224 523 ἐπάγοντες
1243 467 1371 523 ’Ἀρηα

391 537 538 587 πρῶτοι
569 533 794 587 δυσμενέων
826 527 943 587 εὗρον
973 531 1206 589 ἀμηχανίην.

968 654 1022 693 ΙΙ.

326 732 580 790 Ἡγεμόνεσσι
610 735 654 777 δὲ
685 732 831 789 μισθὸν
857 733 1068 789 Ἀθηναῖοι
1100 733 1185 776 τάδ’
1219 735 1374 776 ἔδωκαν

392 798 476 842 ἀντ’
513 799 733 856 εὐεργεσίης
764 801 830 842 καὶ
861 798 1029 856 μεγάλης
1060 798 1214 855 ἀρετῆς·

334 863 480 919 μᾶλλόν
511 882 568 915 τις
597 864 683 907 τάδ’
719 863 818 907 ἰδὼν
848 866 915 914 καὶ
945 865 1217 919 ἐπεσσομένων
1248 863 1428 919 ἐθελήσει

393 928 497 984 ἀμφὶ
527 931 614 984 περὶ
646 933 781 981 ξυνοῖς
810 929 1011 986 πράγμασι
1041 928 1195 985 μόχθον
1225 931 1337 984 ἔχειν.

940 1051 1015 1090 ΙΙΙ.

323 1118 400 1161 ’Ἐκ
430 1136 521 1162 ποτε
551 1123 669 1174 τῆσδε
700 1118 846 1174 πόληος
879 1117 947 1173 ἅμ’
977 1117 1192 1176 Ἀτρείδῃσι
1223 1117 1460 1169 Μενεσθεύς

393 1182 521 1240 ἡγεῖτο
553 1184 698 1235 ζάθεον
732 1182 909 1238 Τρωϊκὸν
939 1183 993 1238 ἀμ
1023 1186 1178 1237 πεδίον,

336 1249 383 1292 ὅν
413 1247 512 1292 ποθ’
535 1248 710 1305 ’Όμηρος
739 1250 817 1302 ἔφη
849 1252 1023 1290 Δαναῶν
1053 1247 1160 1290 πύκα
1189 1247 1435 1304 θωρηκτάων

392 1318 618 1370 κοσμητῆρα
650 1313 775 1370 μάχης
806 1314 942 1368 ἔξοχον
972 1312 1101 1369 ἄνδρα
1131 1319 1280 1368 μολεῖν·

335 1379 459 1430 οὕτως
491 1378 610 1422 οὐδὲν
640 1378 767 1430 ἀεικὲς
792 1377 1043 1432 Ἀθηναίοισι
1072 1384 1279 1422 καλεῖσθαι
1647 1390 1737 1423 1191

394 1443 590 1499 κοσμητὰς
620 1437 792 1499 πολέμου
822 1444 858 1487 τ’
894 1443 997 1500 ἀμφὶ
1026 1445 1093 1486 καὶ
1123 1443 1302 1500 ἠνορέης.

217 1531 424 1580 poterant,
456 1530 491 1569 si
520 1531 712 1582 temporis
743 1531 942 1571 rationem
971 1530 1183 1582 habemus,
1215 1544 1240 1570 a
1270 1531 1470 1572 Simonide
1502 1532 1639 1582 scribi,
1676 1533 1746 1572 sed

217 1597 354 1634 tamen
386 1595 419 1634 si
449 1596 544 1646 quid
574 1597 689 1636 video
722 1597 772 1636 ab
802 1596 922 1636 huius
953 1597 1095 1646 poetae
1125 1596 1286 1647 ingenio
1318 1597 1546 1647 abhorrent,
1577 1610 1649 1637 nec
1679 1598 1744 1637 de-

217 1661 381 1699 fuerunt
419 1661 589 1701 Athenis
626 1650 874 1717 tunc,·quos
912 1661 954 1699 in
991 1659 1166 1700 Cimonis
1203 1661 1378 1712 gratiam
1415 1663 1513 1702 haec
1543 1663 1743 1713 poematia.

219 1725 439 1764 condidisse
471 1727 663 1776 suspicari
695 1726 836 1777 possis.
866 1747 915 1753 —
945 1725 1006 1765 De
1031 1729 1193 1766 auctore
1220 1728 1362 1766 horum
1382 1727 1643 1767 distichorum
1668 1728 1746 1767 dis-

220 1791 346 1829 seruit
376 1791 586 1831 Kirchhoff
612 1793 653 1830 in
684 1792 835 1831 Herma
866 1791 903 1829 V
936 1793 990 1831 48
1025 1805 1123 1842 seq„
1164 1792 1232 1841 qui
1263 1793 1447 1842 quoniam
1485 1791 1591 1832 iadis
1622 1793 1745 1832 mani-

221 1855 326 1894 festa
356 1857 531 1906 vestigia
562 1852 761 1910 (ἠνορέης,
792 1853 1029 1909 ἀμηχανίην,
1061 1852 1298 1909 εὐεργεσίης,
1331 1858 1401 1896 sed
1430 1851 1648 1911 πράγμασι)
1681 1858 1746 1896 de-

219 1919 534 1971 prehenduntur,
565 1934 655 1960 oum
686 1922 852 1971 antiqua
877 1922 1013 1961 Attica
1043 1921 1334 1972 epigrammata
1365 1918 1556 1974 (quorum
1586 1922 1747 1972 quidem

219 1988 359 2025 tenues
392 1988 607 2035 supersunt
636 1981 848 2039 reliquiae)
881 1987 963 2025 fere
989 1986 1116 2025 Attici
1141 1987 1334 2025 sermonis
1359 1987 1491 2037 legem
1517 1989 1746 2039 sequantur,

220 2051 398 2089 Ionicum
430 2050 604 2100 aliquem
641 2053 801 2100 poetam
838 2051 910 2090 hos
956 2063 1097 2090 versus
1141 2051 1326 2101 panxisse
1363 2051 1624 2101 probabiliter
1655 2064 1744 2091 con-

221 2116 363 2165 tendit,
395 2115 466 2154 sed
497 2115 602 2165 quod
632 2116 720 2155 Ioni
751 2115 847 2155 Chio
878 2116 1063 2166 vindicat,
1095 2116 1310 2155 admodum
1339 2116 1492 2156 incerta
1520 2116 1748 2156 coniectura.

223 2183 301 2219 est:
332 2193 425 2219 nam
457 2182 502 2218 ut
543 2180 808 2218 Melanthium
839 2180 1016 2231 mittam,
1054 2182 1122 2231 qui
1159 2181 1193 2220 si
1224 2193 1248 2220 a.
1277 2181 1432 2231 tragico
1469 2183 1588 2231 poeta
1623 2180 1746 2220 Athe·

222 2245 352 2284 niensi
389 2245 663 2295 segregandus
701 2246 774 2296 est,
811 2243 944 2294 potuit
981 2258 1028 2284 ex
1065 2246 1178 2285 Ionia,
1208 2246 1388 2285 Athenas
1433 2258 1475 2285 se
1519 2246 1745 2297 contulisse,

223 2310 443 2349 Archelaus
475 2311 611 2347 utrum
652 2309 831 2348 Milesius
868 2322 920 2347 an
950 2310 1206 2350 Atheniensis
1242 2311 1367 2350 suerit
1403 2311 1639 2362 ambigitur,
1677 2312 1747 2351 sed

222 2376 293 2414 illa
329 2375 437 2413 fama.
467 2374 595 2412 multo
634 2377 696 2413 est
731 2375 996 2416 verisimilior.
1051 2376 1110 2415 Ac
1146 2375 1316 2416 fortasse
1347 2376 1569 2426 rhapsodus
1600 2377 1745 2427 aliquis

223 2519 279 2541 τοι
311 2504 505 2542 Plutarchi
535 2505 675 2550 pariter
706 2507 818 2552 atque
849 2506 1042 2542 Aeschinis
1072 2506 1159 2542 libri
1189 2506 1357 2551 tuentum
1394 2503 1547 2554 πύργῳ
1579 2505 1742 2542 scriben—

224 2554 314 2588 dum
353 2563 432 2589 esse
463 2551 561 2587 infra
596 2554 740 2597 monui,
779 2565 898 2598 neque
937 2553 1073 2590 deiecit
1109 2565 1168 2589 me
1206 2554 1251 2589 de
1288 2553 1359 2589 hac
1391 2553 1575 2589 sententia
1610 2553 1744 2590 Bernh.
1810 2577 1814 2580 -

228 2599 398 2636 Schmidt
441 2600 555 2644 (Mus.
591 2601 708 2636 Rhen.
747 2600 903 2636 XXXVI
939 2613 974 2646 p.
1016 2603 1055 2644 1)
1099 2600 1163 2646 qui
1205 2601 1433 2637 levissimam
1483 2610 1571 2636 sane
1620 2600 1744 2637 mede-

227 2648 303 2682 lam
328 2647 509 2683 adhibens
533 2644 707 2693 πρώτω,
743 2659 817 2683 non
841 2650 968 2684 tamen
992 2647 1230 2684 difficultates
1257 2646 1460 2694 expedivit:
1489 2657 1576 2682 nam
1601 2648 1644 2682 ut
1667 2647 1743 2683 lar-

227 2695 308 2739 giar
338 2694 567 2740 praefectum
597 2683 790 2731 Medorum
820 2696 968 2741 πρῶτον
1000 2693 1216 2741 δυσμενέων
1248 2695 1321 2731 dici
1345 2694 1521 2740 potuisse,
1551 2705 1625 2730 non
1649 2705 1744 2730 unus

229 2741 303 2776 dux
333 2742 373 2777 in
406 2740 560 2777 summis
591 2742 784 2788 angustiis,
819 2753 938 2788 neque
969 2742 1127 2779 decebat
1148 2743 1301 2788 poetam
1325 2741 1437 2788 Bogis
1461 2740 1605 2777 facinus
1629 2741 1746 2788 respi-

229 2798 329 2824 cere:
355 2788 413 2825 vir
437 2789 544 2824 fortis
569 2789 668 2825 enim
693 2801 782 2826 suae
807 2789 956 2835 quidem
981 2789 1248 2826 existimationi
1279 2787 1475 2831 consuluit,
1506 2799 1589 2824 cum
1615 2787 1661 2824 de
1687 2800 1744 2826 sa·

227 2835 307 2916 ffite
315 2837 531 2918 ἒεεξέεταῃε
563 2837 639 2873 vim
669 2836 740 2873 sibi
763 2837 926 2882 afferret,
961 2848 1080 2881 neque
1104 2847 1192 2874 vero
1217 2835 1426 2873 Atticorum
1451 2834 1588 2871 ducum
1612 2836 1742 2873 laudes
1810 2871 1815 2875 .

272 2893 314 2917 ΠΒ
351 2893 411 2919 aVl
431 2911 438 2920 .
594 2894 596 2899 '
