1864 3126
759 135 1035 174 SIMONIDES.
1574 132 1663 177 453

128 245 229 294 δρῦν
253 247 288 283 δ.
314 249 492 293 πολεμον.
525 266 569 272 -
602 245 682 282 Hoc
707 244 939 292 epigramma
969 244 1197 281 confidenter
1222 243 1437 280 abiudicavi
1463 242 1657 287 Simonidi,

128 295 238 334 obelo
271 294 311 331 in
343 306 392 330 m.
425 292 574 339 addito,
607 303 729 339 neque
763 292 874 329 aliter
905 292 1026 328 visum
1058 291 1343 328 Schneidewino
1375 295 1413 328 et
1444 291 1657 337 Hartungoz

128 341 294 380 dilucide
319 341 507 379 Leonidae
525 343 564 378 et
583 340 852 395 Spartanorum
873 340 1001 377 laudes
1020 339 1197 384 illustrat,
1223 341 1265 375 et
1283 338 1348 385 qui
1366 338 1527 385 scripsit,
1551 338 1660 375 fluxit

128 389 316 427 Leonidae
354 388 499 426 tumulo
539 388 709 426 additum
747 399 827 424 esse
859 389 908 433 (v.
941 392 962 424 2
994 385 1090 435 τῇδ’
1126 386 1333 433 ἔθανον),
1371 387 1436 423 sed
1467 386 1554 423 inde
1586 386 1661 422 iam

127 437 369 475 manifestum
395 435 680 473 demonstrativi
709 435 857 482 generis
890 434 1119 481 poematium
1151 445 1250 478 esse,
1282 434 1383 480 quod
1408 445 1475 481 per
1500 445 1661 470 errorem

128 484 312 523 Simonidi
342 486 401 521 est
430 482 631 527 tributum3
662 495 749 519 nam
784 482 823 519 in
856 482 1125 529 Spartanorum
1158 482 1303 518 tumulo
1336 481 1407 517 fuit
1439 493 1497 528 ep.
1530 485 1587 519 92.
1617 502 1659 508 —-

127 534 301 571 Fortasse
326 532 397 568 hoc
423 531 668 578 epigramma,
701 530 800 577 quod
833 532 967 577 postea
990 531 1034 565 ut
1068 529 1217 566 videtur
1249 531 1305 566 est
1335 530 1517 565 insertum
1544 529 1663 565 Simo-

126 580 248 618 nideis
274 579 566 627 epigrammatis,
591 589 666 615 non
692 580 750 615 est
773 578 963 624 integrum
989 579 1198 614 servatum:
1225 577 1317 614 item
1337 576 1376 613 in
1396 577 1507 613 Auth.
1532 578 1570 613 P.
1591 575 1661 612 VII

126 633 196 667 2⁶2
220 625 455 672 Ἀντιπάτρου
481 627 619 673 legitur
639 626 873 672 epigramma
900 624 954 667 εἰς
972 622 1062 666 τοὺς
1087 621 1229 666 αὐτοὺς
1255 625 1293 671 (i.
1314 635 1345 660 e,
1373 623 1427 666 εἰς
1451 622 1540 666 τοὺς
1565 621 1659 670 μετὰ

126 676 320 760 Λεωνίδοῖυ
345 671 560 720 πεσόντας),
586 685 659 720 quo
686 673 777 710 satis
804 672 1039 710 incommode
1060 673 1133 709 duo
1164 672 1365 710 Simonidis
1386 672 1662 719 epigrammata

125 734 285 772 separan
306 735 367 759 ur:

340 779 427 818 om’
451 778 574 818 Ἀΐδαν
599 779 819 826 στέρξαντες
845 778 1026 817 ἐνύπνιον
1053 777 1124 827 οὐχ
1149 776 1247 825 ἅπερ
1274 776 1383 821 ἄλλος

411 827 567 874 στάλαν,
593 826 675 865 ἀλλ’
703 825 847 874 ἀρετὰν
872 825 959 865 ἀντ’
986 825 1127 875 ἀρετᾶς
1153 826 1299 874 ἔλαχον.

124 891 279 928 Lemma
302 889 432 936 utique
457 889 604 926 videtur
628 888 716 924 huic
742 887 905 925 disticho
931 887 1142 932 convenire,
1169 887 1235 923 sed
1259 898 1335 923 non
1361 885 1550 932 integrum
1577 898 1657 922 esse

125 937 360 986 poematium
386 938 560 984 apparet;
586 936 714 983 itaque
741 935 884 972 conieci
908 936 977 972 hos
1003 936 1095 972 duos
1116 935 1205 970 Anti
1234 934 1306 970 atri
1326 945 1455 970 versus
1475 934 1562 970 huic
1582 935 1660 980 epi-

124 984 328 1034 grammati
358 983 609 1021 subiiciendos
641 994 738 1020 esse:
777 983 1013 1020 commodam
1051 981 1151 1019 enim
1187 994 1206 1018 c
1224 981 1395 1018 ansulam
1427 980 1487 1027 ep'
1535 992 1662 1018 amma

124 1032 330 1080 recuperat,
356 1031 388 1068 si
412 1033 594 1068 πλείστων
626 1028 674 1077 δὴ
708 1059 717 1068 .
744 1058 753 1066 .
780 1059 787 1067 .
821 1030 971 1079 πολέμῳ
1005 1030 1245 1067 continuatur
1276 1029 1399 1066 verbis
1431 1029 1493 1064 οΐὸ
1537 1025 1661 1064 Ἀΐδαν

125 1111 133 1120 .
155 1111 163 1119 .
185 1110 193 1118 .
221 1079 366 1127 ἔλαχον.
418 1078 525 1123 Quod
552 1079 624 1116 hoc
649 1078 885 1125 epigramma
904 1084 1143 1114 'communem
1177 1087 1404 1122 sermonem,
1431 1076 1526 1112 illud
1553 1075 1660 1113 disti-

124 1130 221 1166 chon
243 1128 419 1165 Dorieum
446 1138 536 1174 prae
563 1138 602 1163 se
621 1125 706 1171 fert,
731 1125 825 1162 haec
844 1125 1008 1162 varietas
1032 1137 1107 1162 non
1133 1125 1262 1161 obstat
1280 1135 1386 1160 meae
1406 1123 1653 1160 coniecturae.

125 1176 236 1221 Quod
260 1175 458 1222 Antipater
482 1174 636 1221 negavit
670 1175 858 1210 trecentos
884 1173 1086 1219 Spartanos
1118 1174 1250 1209 nactos
1275 1183 1357 1209 esse
1383 1169 1517 1218 στήλης
1542 1171 1661 1208 hono-

124 1235 216 1269 rem,
241 1223 463 1260 adversatur
487 1221 652 1267 veritati,
679 1232 767 1257 nam
791 1221 864 1257 fuit
887 1221 927 1257 in
951 1221 1172 1257 memoriam
1194 1220 1348 1256 illorum
1372 1219 1453 1266 pila
1477 1231 1563 1255 cum
1582 1219 1658 1255 elo-

124 1272 188 1319 gio
213 1271 368 1317 (Simon.
396 1282 454 1316 ep.
480 1271 540 1315 92)
565 1269 606 1305 in
629 1269 775 1305 tumulo
801 1269 936 1315 posita,
963 1268 1030 1305 sed
1062 1267 1347 1304 demonstrativi
1373 1267 1546 1303 carminis
1571 1267 1659 1303 scri-

124 1322 250 1366 ptores
276 1318 369 1354 satis
399 1329 467 1364 pro
500 1317 656 1354 arbitrio
682 1318 904 1363 argumenta
928 1316 1085 1353 variant.
1094 1316 1128 1360 *)
1185 1316 1359 1352 Ceterum
1392 1313 1552 1360 scriptor
1583 1314 1660 1360 epi—

124 1365 345 1413 grammatis
371 1368 431 1410 95,
461 1364 630 1411 quisquis
655 1364 739 1408 fuit,
772 1363 977 1410 Simonidei
1001 1365 1182 1400 sermonis
1213 1363 1315 1398 filum
1349 1362 1560 1399 aemulatus
1592 1363 1660 1408 est,

125 1412 439 1460 quemadmodum
466 1424 551 1448 cum
577 1411 661 1454 alii,
692 1413 774 1447 tum
801 1411 1021 1455 Mnasalcas,
1051 1411 1158 1447 velut
1182 1410 1308 1457 arguit
1339 1411 1416 1446 eius
1442 1409 1660 1455 poemation

123 1462 237 1498 Anth.
263 1461 303 1497 P.
329 1460 398 1496 V11
424 1463 506 1504 242,
531 1459 619 1495 hinc
646 1458 904 1495 Theodoridas
930 1459 1043 1496 Anth.
1073 1458 1159 1494 XIII
1189 1462 1232 1494 21
1261 1469 1346 1494 eum
1370 1458 1438 1498 τᾶς
1462 1458 1660 1503 Σιμωνίδα

123 1507 267 1551 πλάτας
291 1505 575 1554 ἀποσπάραγμα
601 1505 817 1553 appellavit.

217 1591 502 1638 Epigrammata
526 1589 805 1626 Corinthiorum
830 1589 1003 1626 laudibus
1036 1588 1225 1625 destinata
1251 1592 1306 1625 96.
1336 1592 1392 1624 97.
1420 1591 1483 1633 98,
1518 1588 1654 1634 quibus

122 1639 270 1678 accedit
296 1642 383 1684 184,
415 1637 598 1675 Simonidi
628 1637 864 1683 abiudicant,
904 1637 968 1683 qui
998 1648 1117 1683 nuper
1147 1636 1257 1672 huius
1295 1636 1429 1682 poetae
1469 1635 1654 1683 epigram-

122 1687 234 1724 matis
265 1698 418 1734 operam
449 1686 699 1722 navaverunt:
731 1696 819 1720 nam
851 1695 1019 1731 pugnare
1050 1683 1225 1720 videntur
1251 1684 1344 1719 haec
1371 1682 1538 1719 carmina
1569 1695 1655 1719 cum

122 1735 186 1781 iis,
225 1745 320 1781 quae
358 1733 569 1778 Herodotus
608 1732 811 1769 memoriae
848 1732 1026 1778 prodidit,
1064 1732 1220 1767 utuntur
1256 1731 1314 1767 his
1359 1731 1545 1777 poematis
1583 1731 1656 1768 Dio

123 1783 411 1830 Chrysos'tomus
436 1782 476 1817 et
494 1781 726 1825 Plutarchus,
751 1779 816 1816 ille
841 1780 880 1815 in
905 1779 1074 1816 oratione
1100 1778 1350 1824 Corinthiaca,
1377 1789 1489 1833 quam
1514 1779 1562 1814 ab
1583 1778 1658 1815 alio

123 1831 273 1867 rhetore
305 1829 471 1866 eiusdem
502 1828 638 1864 aetatis
670 1827 849 1874 scriptam
881 1838 961 1864 esse
993 1827 1135 1863 certum
1163 1829 1235 1871 est,
1266 1825 1364 1862 alter
1388 1838 1427 1862 m
1453 1825 1584 1862 libello
1611 1826 1658 1862 de

122 1877 304 1914 Herodoti
340 1876 623 1920 maledicentia,
654 1886 765 1921 quem
806 1875 927 1911 critici
964 1874 1136 1911 nonnulli
1173 1873 1425 1910 Chaeronensi
1461 1873 1658 1920 indiguum

123 1927 286 1962 censent.
337 1924 441 1960 Haec
465 1923 582 1970 igitur
606 1923 806 1959 manifesta
831 1922 971 1959 fraudis
1005 1921 1146 1958 indicia
1170 1922 1360 1958 videntur:
1395 1921 1531 1957 Kaibel
1556 1921 1658 1958 deni-

123 1969 990 2063 30⁰snii5¹1z⁰ff3ffl„zffiffisc‘ssffuffa‘zziffiffigszz
999 1969 1656 2072 “izssaezifgffiv‘zffi‘znssffiss253AEss

449 2047 459 2064 9
844 2046 852 2061 1
1329 2044 1338 2060 2

67 2103 82 2112 ,
122 2067 280 2105 reticeri.
342 2067 394 2102 At
436 2078 521 2102 cum
561 2065 634 2102 hac
678 2066 853 2112 opinione
893 2067 1039 2112 pugnat
1073 2065 1249 2111 lect1onis
1285 2064 1502 2110 diversitas,
1544 2075 1655 2110 quam

123 2115 263 2162 passim
282 2115 320 2151 in
339 2114 399 2151 his
419 2113 702 2160 epigrammatis
722 2113 1047 2159 deprehendimus,
1068 2123 1255 2159 quamque
1277 2122 1350 2148 non
1368 2112 1459 2148 licet
1477 2111 1525 2147 ad
1544 2112 1656 2147 libra-

123 2162 200 2199 rios
223 2162 358 2198 horum
384 2160 646 2207 opusculorum
672 2160 821 2201 referre.
871 2161 1157 2207 Epigrammata
1182 2161 1276 2196 haec
1302 2161 1390 2196 sunt
1413 2159 1514 2195 haud
1541 2157 1654 2195 dubie

124 2209 298 2265 mm
603 2205 1656 2292 anem

124 2267 372 2349 ἰξΐῖιζῖωῗέὁ.
391 2267 634 2349 (ἓῖἶῗῃρῖίῑθιξὲ
651 2302 904 2349 compluribus
934 2302 1040 2339 annis
1072 2284 1159 2348 post
1188 2302 1373 2348 proelium
1412 2300 1657 2336 Salaminium

125 2352 327 2388 excitatum
354 2362 444 2394 esse,
469 2360 556 2385 nam
581 2361 666 2386 cum
691 2349 939 2386 Athenienses
971 2352 1190 2396 spargerent
1220 2360 1407 2385 rumorem
1432 2348 1479 2384 de
1503 2347 1657 2394 ignavia

70 2418 83 2431 -
123 2398 400 2436 Corinthiorum
437 2397 587 2440 (Herod.
621 2397 672 2432 IX
702 2399 760 2443 94)
794 2398 833 2433 et
863 2408 947 2433 cum
978 2397 1233 2434 Herodoteum
1264 2408 1358 2442 opus
1390 2394 1533 2432 editum
1566 2394 1656 2430 Adi-

124 2447 253 2486 manto
274 2456 427 2493 gravem
451 2444 699 2490 ignominiam
723 2444 928 2489 inussisset,
955 2447 1243 2481 consentaneum
1263 2445 1330 2489 est,
1356 2443 1570 2479 Corinthios
1597 2442 1655 2478 his

124 2494 334 2531 rumoribus
361 2492 511 2529 obviam
537 2492 666 2536 ivisse3
693 2493 731 2527 et
756 2503 813 2538 ep.
835 2496 879 2527 97
900 2489 1052 2538 πήματα
1074 2521 1082 2529 .
1104 2521 1112 2528 .
1133 2520 1141 2529 .
1162 2490 1338 2538 μνήματα
1358 2490 1518 2527 rhetoris
1536 2491 1655 2526 artem

124 2542 283 2588 prodere
308 2541 467 2577 videtur.
519 2539 592 2575 Sed
618 2551 673 2584 ep.
697 2543 742 2575 96
768 2539 897 2575 statim
922 2541 1008 2586 post
1032 2540 1215 2585 proelium
1237 2538 1428 2575 conditum
1454 2538 1515 2573 vel
1540 2537 1654 2573 Hero-

124 2590 255 2626 dotum
282 2599 484 2634 agnoscere
511 2589 601 2633 puto
630 2586 679 2622 lX
699 2590 744 2623 94
770 2583 816 2622 οὐ
835 2585 966 2631 μέντοι
983 2583 1097 2622 αὖτοί
1111 2600 1152 2632 γε
1175 2587 1376 2630 Κορίνθιοι
1395 2582 1655 2630 ὁμολογέουσι,

125 2632 208 2673 ἀλλ’
237 2634 278 2672 ἐν
303 2632 482 2680 πρώτοισι
507 2632 628 2680 σφέας
653 2630 794 2674 αὐτοὺς
822 2633 888 2679 τῆς
912 2635 1123 2680 ναυμαχίης
1142 2634 1334 2680 νομίζουσι
1355 2630 1537 2677 γενέσθαι
1571 2632 1651 2668 Hoc

125 2684 242 2730 igitur
267 2684 305 2719 et
329 2694 386 2729 ep.
416 2687 483 2718 134
509 2694 573 2718 cur
599 2681 780 2717 Simonidi
806 2681 1009 2727 eripiamus
1033 2681 1138 2717 nulla
1163 2682 1221 2716 est
1245 2691 1368 2716 causa.

218 2802 253 2848 ¹⁸²)
280 2802 323 2838 In
353 2800 443 2838 Anti
471 2800 546 2838 atri
576 2813 610 2837 ν.
647 2804 663 2835 1
701 2796 823 2835 Ἀΐδαν
862 2798 1082 2845 στέρξαντες
1114 2796 1293 2835 ἐνύπνιον
1328 2798 1422 2835 vitio
1454 2798 1654 2834 manifesto

125 2850 290 2904 laborat,
323 2849 409 2886 fort.
447 2849 560 2885 Αΐδα
601 2846 818 2893 στέρξαντες
853 2844 1073 2883 ἐναύλιον
1107 2846 1316 2894 legendum.
1367 2846 1412 2882 V.
1445 2851 1478 2882 2.
1510 2841 1653 2892 ἀρετὰν

126 2896 311 2943 significat
334 2896 514 2934 honorem
540 2897 618 2932 sive
644 2895 875 2931 felicitatem.
