1864 3126
211 139 298 181 456
525 128 527 132 ’
778 138 968 174 ΡοΕΤΑΕ
994 138 1171 174 MEmol.

859 247 927 289 99.
961 246 1095 300 [154]
1643 257 1735 290 1150

296 341 539 397 ’Ἀσβεστον
570 340 696 392 κλέος
727 341 820 384 οἵδε
853 343 961 397 φίλη
993 339 1092 396 περὶ
1123 343 1302 398 πατρίδι
1333 340 1489 393 θέντες

211 484 292 528 λᾶς)
318 484 356 518 et
381 495 439 528 ap.
466 482 573 518 Dion.
600 481 706 516 BMm
734 482 776 526 (r.
798 475 843 517 οὗ
871 478 1062 529 διαβολάς,
1088 494 1120 516 v.
1143 475 1187 516 οὗ
1210 479 1273 516 διὰ
1295 482 1458 528 βουλᾶς),
1484 477 1530 517 ὃν
1549 478 1613 516 διὰ
1633 481 1736 516 πᾶσα

212 531 310 566 Plut.
340 551 382 555 —-
409 530 452 565 V.
480 534 512 564 2.
540 527 773 573 ἐλευθερίας,
794 529 874 564 cod.
897 529 975 564 Pal.
1003 526 1230 574 ἐλευθερίης.
1254 550 1295 554 -
1317 529 1557 574 Epigramma
1581 528 1738 564 forta-sse

213 590 285 614 non
319 577 509 622 integrum
540 578 748 620 servatum,
787 575 884 611 Plut.
918 577 956 610 et
985 576 1073 620 Dio,
1112 588 1195 610 cum
1234 576 1462 611 Herodotum
1498 576 1738 621 redarguunt,

214 625 404 660 exordium
431 624 605 659 carminis
639 623 807 658 sufficere
840 623 913 658 rati
947 625 1042 659 sunt.
1094 622 1132 658 Si
1163 623 1234 658 hoc
1267 622 1499 668 epitaphium
1524 623 1602 658 iure
1627 622 1735 658 attri—

214 672 342 708 buitur
368 671 568 715 Simonidi,
601 670 779 716 scriptum
806 671 862 705 est
887 671 1085 715 antequam
1113 672 1227 715 poeta
1252 669 1463 715 Syracusas,
1483 669 1665 714 discessit,
1697 671 1740 705 ut

212 719 436 754 Adimantus
462 718 582 753 tribus
607 718 683 753 fere
709 717 817 753 annis
843 718 929 763 post
954 717 1196 752 Salaminiam
1222 729 1388 763 pugnam
1412 719 1571 753 mortem
1590 716 1737 761 obierit,

213 767 280 802 sed
307 766 454 811 longius
479 766 597 801 vitam
622 764 779 801 traxisse
807 764 954 800 videtur
978 765 1075 799 Plut.
1102 765 1250 800 testari:
1277 762 1359 800 οὔτ’
1388 761 1436 799 ἂν
1463 762 1639 810 ἐτόλμησε
1665 764 1740 799 τῶν

212 812 435 859 θυγατέρων
462 810 582 858 ὄνομα
607 811 753 848 θέσθαι
777 813 820 858 τῇ
849 810 918 857 μὲν
945 813 1194 857 Ναυσινίκην,
1220 812 1262 858 τῇ
1291 808 1327 847 δ’
1360 810 1601 857 Ἀκροθίνιον,
1626 811 1668 858 τῇ
1697 807 1737 846 δ’

210 858 427 907 Ἀλεξιβίαν,
458 857 619 905 Ἀριστέα
651 859 693 895 δὲ
728 858 884 894 καλέσαι
915 857 981 894 τὸν
1012 857 1118 902 υιῗόν,
1146 858 1186 894 ἐἰ
1215 857 1263 904 μή
1290 872 1345 899 τις
1368 853 1415 904 ἦν
1443 856 1650 904 ἐπιφάνεια
1675 858 1741 894 καὶ

213 905 428 954 λαμπρότης
459 907 545 952 περὶ
573 904 693 942 αὐτὸν
728 904 803 942 ἀπὸ
837 907 913 940 τῶν
945 905 1062 951 ἔργων
1097 903 1263 942 ἐκείνων.
1312 907 1484 942 Fortasse
1515 918 1589 941 non
1614 917 1741 942 omnes

215 955 325 991 liberi
351 955 520 990 confecto
546 955 695 990 demum
722 953 867 989 Medico
893 953 992 988 bello
1018 953 1098 1001 nati
1122 956 1216 997 sunt,
1244 954 1308 989 sed
1332 954 1483 989 nomina
1509 956 1608 989 certe
1635 955 1741 988 Ναυ-

216 1004 339 1047 σινίκη
367 1004 405 1037 et
434 1001 666 1046 Ἀκροθίνιον
698 1000 898 1036 manifesto
930 1002 1103 1045 spectant
1126 1012 1184 1036 res
1210 1002 1345 1046 gestas,
1376 1012 1531 1046 quarum
1556 1000 1744 1046 particeps

217 1051 342 1086 fuerat
363 1049 638 1093 Adimantus*).
691 1049 764 1084 Sed
792 1047 974 1083 Simonidi
1000 1047 1230 1093 epigramma
1254 1049 1510 1093 abrogandum
1535 1059 1615 1083 esse
1640 1048 1743 1083 lucu-

215 1098 337 1133 lenter
362 1097 489 1142 arguit
513 1096 752 1141 praeconium
778 1095 935 1140 insigne,
962 1106 1034 1139 quo
1054 1096 1166 1140 poeta
1190 1095 1350 1140 prudens
1369 1097 1518 1140 poterat
1537 1095 1743 1131 Themisto-

217 1144 313 1180 clem
339 1144 526 1188 decorare,
552 1155 626 1179 non
649 1142 902 1178 Adimantum.
945 1142 1040 1177 Sane
1065 1142 1156 1177 fides
1182 1143 1399 1188 deneganda
1423 1142 1481 1188 iis,
1507 1153 1601 1187 quae
1625 1141 1740 1178 Hero-

216 1193 325 1227 dotus
351 1192 397 1226 de
416 1190 610 1226 Adimanti
635 1190 788 1236 ignavia
813 1189 936 1234 refert,
964 1189 1248 1225 Atheniensium
1273 1188 1469 1225 calumniis
1488 1189 1618 1225 faciles
1637 1201 1743 1234 prae-

215 1240 307 1274 bens
333 1249 451 1282 aures,
478 1239 541 1273 sed
566 1238 709 1273 recenti
733 1248 856 1272 rerum
881 1237 1061 1272 memoria
1079 1237 1179 1271 haud
1199 1237 1396 1282 quisquam
1423 1248 1534 1272 ausus
1554 1239 1652 1272 esset
1674 1237 1746 1272 hac

217 1285 499 1331 vaniloquentia
530 1285 710 1330 derogare
737 1283 999 1319 Themistoclis
1031 1283 1193 1328 meritis,
1227 1284 1291 1328 qui
1323 1283 1490 1319 omnium
1515 1283 1746 1319 confessione

219 1333 383 1369 consiliis
410 1332 484 1368 suis
509 1332 721 1368 universam
749 1331 945 1367 Graeciam
971 1332 1193 1366 servaverat.
1233 1331 1455 1366 Adimantus
1477 1331 1623 1366 videtur
1649 1331 1744 1366 The-

218 1381 389 1416 mistocle
414 1380 454 1415 in
480 1380 632 1415 exilium
658 1379 765 1424 pulso
791 1379 852 1414 vel
877 1378 1052 1413 defuncto
1079 1377 1179 1413 diem
1204 1389 1417 1423 supremum
1442 1378 1588 1423 obiisse,
1615 1378 1743 1423 itaque

217 1431 307 1463 tunc
333 1426 527 1471 Corinthii,
553 1428 596 1461 ut
620 1426 902 1462 Atheniensium
927 1424 1204 1461 criminationes
1229 1426 1465 1470 repellerent,
1492 1436 1567 1461 non
1592 1425 1743 1461 dubit-a—

218 1477 351 1511 verunt
374 1474 552 1510 insolenti
577 1475 647 1509 hoc
678 1473 870 1519 epitaphio
902 1472 1096 1508 Adimanti
1129 1472 1347 1508 memoriam
1380 1483 1519 1508 ornare.
1571 1471 1643 1515 Qui
1667 1472 1746 1518 pri-

218 1535 299 1557 mus
327 1521 527 1557 Simonidis
552 1521 824 1567 epigrammata
849 1520 1018 1566 collegit,
1051 1531 1134 1555 cum
1167 1520 1403 1565 cognovisset
1428 1519 1659 1555 Simonidem
1682 1531 1743 1555 res

219 1581 241 1604 a
261 1569 461 1605 Corinthiis
481 1569 580 1604 bello
595 1568 741 1604 Medico
761 1570 887 1613 gestas
907 1567 1074 1603 versibus
1093 1567 1351 1612 illustravisse,
1366 1567 1481 1603 etiam
1503 1568 1574 1603 hoc
1595 1578 1747 1612 poema-

221 1616 317 1652 tium
332 1617 371 1651 in
385 1616 551 1652 ordinem
565 1616 715 1661 recepit,
730 1615 857 1659 itaque
879 1615 1013 1649 mirum
1032 1626 1106 1650 non
1129 1619 1197 1659 est,
1211 1614 1243 1649 si
1263 1615 1473 1660 scriptores,
1489 1614 1553 1659 qui
1567 1613 1749 1650 Herodoti

220 1665 332 1699 fidem
359 1665 426 1699 sub
446 1663 626 1698 iudicium
646 1663 882 1705 vocaverunt,
908 1664 1088 1707 tanquam
1110 1661 1310 1697 Simonidis
1336 1662 1552 1698 testimonio
1578 1662 1637 1697 usi
1655 1661 1746 1706 sint;

194 1711 198 1715 ”
221 1711 394 1756 equidem
421 1711 530 1746 obelo
555 1711 692 1746 notavi.
720 1730 764 1736 —
790 1709 961 1745 Imitatur
986 1710 1058 1745 hoc
1083 1709 1313 1755 epigramma
1338 1709 1558 1745 Aristoteles
1584 1709 1647 1753 qui
1673 1708 1744 1744 fer·

221 1761 282 1794 tur
306 1759 346 1793 in
370 1759 486 1804 Peplo
513 1769 570 1803 ep.
599 1762 659 1793 13:
686 1751 795 1798 οὗτος
812 1753 1010 1802 Ὀδυσσῆος
1028 1757 1157 1791 κείνου
1177 1754 1308 1802 τάφος,
1335 1752 1382 1792 ὃν
1401 1753 1466 1791 διὰ
1485 1754 1602 1791 πολλὰ
1618 1752 1747 1801 Ἕλλη-

222 1819 285 1846 νες
310 1804 458 1853 πολέμῳ
487 1805 642 1853 Τρωικῷ
670 1801 888 1849 εὖτύχεσαν.

318 1899 443 1945 Epigr.
469 1904 525 1935 99.
575 1899 688 1934 Anth.
714 1899 792 1935 Pal.
818 1898 887 1933 VII
919 1901 1004 1934 251:
1037 1909 1127 1933 corr.
1156 1897 1220 1934 CN
1252 1913 1284 1934 ·:·
1318 1899 1602 1944 Σιμωνίδου·
1635 1897 1663 1933 Ο
1695 1895 1750 1938 εἰς

223 1945 311 1988 τούς
336 1944 476 1987 αὐτοὺς
501 1945 594 1991 μετὰ
620 1947 812 1981 Λεωνίδου
838 1943 1032 1986 πεσόντας.
1082 1946 1216 1981 Alcaeo
1242 1945 1419 1981 tribuitur
1444 1956 1502 1990 ap.
1530 1945 1670 1980 Iriarte.
1700 1965 1743 1971 —

224 1993 427 2030 Lemmatis
458 1994 562 2029 nulla
596 1996 653 2028 est
683 1993 792 2035 fides;
825 1993 1052 2038 praecedunt
1082 1997 1161 2028 248.
1189 1995 1257 2027 249
1296 1992 1497 2027 Simonidis
1523 1991 1647 2038 elogia
1672 1993 1743 2037 (ep.

224 2047 280 2078 91.
307 2043 366 2086 92)
393 2053 531 2086 eorum,
556 2040 621 2085 qui
646 2040 905 2085 Thermopylis
931 2039 1157 2083 occiderunt,
1186 2039 1352 2084 sequitur
1371 2043 1440 2075 250
1465 2039 1570 2084 (Sim.
1595 2050 1652 2084 ep.
1678 2041 1750 2084 97),

225 2088 587 2176 22102033032333223‘2
602 2086 1208 2170 3222}ss⁰..ss‘2212533‘3113’012‘z1335
1218 2085 1750 2169 ffefflatffffissfssiissfflss

227 2151 359 2218 dginde
385 2183 428 2218 ut
452 2183 546 2218 solet
571 2147 825 2227 {ropagaffum'
844 2181 892 2216 ad
917 2146 1094 2226 proxima?
1111 2146 1382 2226 epigraiiiffiata
1416 2162 1483 2216 25'1
1511 2180 1663 2226 (Simon.
1690 2192 1748 2226 ep.

227 2234 298 2275 98),
315 2235 383 2266 252
397 2229 599 2275 Antipatri,
619 2233 687 2264 253
708 2228 861 2274 (Simon.
878 2239 934 2274 ep.
950 2229 1021 2272 92).
1059 2229 1109 2264 Et
1123 2228 1313 2274 Antipatri
1332 2227 1485 2273 quidem
1504 2227 1748 2273 epigramma,

227 2278 328 2323 quod
354 2289 426 2322 quo
459 2278 604 2321 spectet
634 2279 766 2322 postea
790 2276 1010 2320 videbimus,
1035 2276 1133 2311 male
1165 2275 1236 2311 hoc
1262 2276 1344 2311 loco
1370 2275 1571 2310 insertum:
1604 2273 1753 2310 divellit

229 2326 328 2360 enim
360 2326 432 2360 duo
467 2323 667 2359 Simonidis
694 2323 981 2369 epigrammata,
1015 2333 1111 2368 quae
1136 2323 1344 2358 arctissima
1368 2322 1640 2358 necessitudine
1665 2332 1751 2356 con-

227 2373 354 2407 iuncta
386 2383 466 2407 esse
499 2372 674 2417 apparet3
706 2371 797 2406 item
830 2370 1086 2412 manifestum,
1118 2381 1192 2405 non
1217 2371 1328 2406 fuisse
1354 2369 1541 2405 destinata
1565 2369 1751 2404 Leonidae

230 2423 267 2455 et
291 2419 466 2454 trecentis
493 2418 697 2464 Spartanis,
730 2429 851 2462 neque
873 2428 958 2453 vero
982 2419 1158 2463 proptera
1183 2417 1431 2453 abiudicanda
1455 2418 1541 2452 sunt
1565 2416 1639 2452 Ceo
1664 2427 1751 2461 poe-

229 2469 302 2510 tae,
336 2466 375 2501 id
406 2466 506 2511 quod
538 2465 626 2504 olim
659 2465 829 2510 quamvis
856 2465 1068 2500 dubitanter
1099 2465 1206 2510 posui
1237 2466 1438 2510 praeeunte
1471 2462 1750 2499 Schneidewino

230 2527 266 2560 p.
294 2517 361 2549 152
394 2515 433 2548 et
468 2513 730 2558 comprobante
762 2512 968 2557 Hartungo.
1018 2511 1191 2547 Carmina
1223 2512 1322 2547 enim
1353 2511 1641 2556 haudquaquam
1666 2510 1753 2545 sunt

231 2560 399 2606 expertia
417 2561 507 2595 artis
522 2559 769 2605 Simonideae,
789 2561 831 2595 ut
852 2558 1132 2595 Schneidewino
1151 2559 1282 2595 visum.
1316 2558 1497 2604 Equidem
1515 2568 1588 2593 non
1608 2557 1750 2602 dubito,

326 2691 360 2734 *)
385 2691 582 2736 Iunghahn
612 2690 829 2726 adversatur
861 2689 1078 2733 Plutarcho,
1103 2688 1298 2725 immemor
1323 2688 1437 2724 etiam
1462 2687 1751 2723 Themistoclem

232 2739 379 2774 filiabus
405 2739 556 2773 nomina
582 2734 898 2783 Μνησιπτολέμαν
925 2739 963 2772 et
989 2733 1212 2781 Νικομάχην
1237 2736 1427 2780 indidisse,
1446 2734 1521 2770 vid.
1540 2734 1636 2769 Plut.
1656 2734 1751 2769 The-

234 2786 332 2820 mist.
360 2797 390 2821 c.
417 2790 481 2828 323
512 2785 603 2820 item
630 2785 782 2820 nomina
805 2781 938 2819 Ἰταλία
965 2785 1002 2818 et
1026 2781 1194 2830 Σύβαρις
1219 2794 1392 2828 quorsum
1418 2783 1605 2827 spectent,
1631 2781 1753 2827 aperit

236 2833 498 2868 Themistoclis
530 2832 649 2868 oratio
676 2844 734 2877 ap.
764 2830 898 2867 Herod.
925 2830 1013 2865 VIII
1039 2834 1094 2865 62.
1133 2829 1323 2866 Adimanti
1360 2828 1458 2864 filius
1496 2829 1662 2864 Aristeus
1694 2828 1750 2864 Ol.

237 2882 293 2922 87,
322 2884 339 2913 1
366 2879 528 2924 praefuit
554 2878 828 2915 Corinthiorum
854 2877 970 2923 copiis
995 2877 1206 2913 Potidaeae.
