1864 3126
230 109 317 151 612
517 124 518 127 ¹
791 108 984 145 POETAE
1009 109 1188 147 MELICI.

960 218 1026 260 10.

325 287 739 312 ...υ-’.υ-υ-..

356 381 364 390 .
386 382 394 390 .
415 343 636 400 ’Έθυσας;
669 345 904 404 ἀντιθύσῃ.

962 466 1027 508 11.
1565 466 1570 471 ’
1662 479 1752 512 1263

349 540 554 591 Aristoph.
596 541 704 581 Plut.
744 543 847 580 290:
888 538 969 578 Καὶ
1010 536 1088 591 μὴν
1129 536 1203 594 ἐγώ
1243 538 1486 594 βουλήσομαι
1525 533 1755 595 θρεττανελὸ

229 601 298 645 τὸν
331 602 531 645 Κύκλωπα
562 603 824 658 Μιμούμενος
849 604 914 646 καὶ
939 609 1022 646 τοῖν
1046 605 1191 645 ποδοῖν
1217 601 1290 645 ὡδὶ
1314 603 1616 658 παρενσαλεύων
1633 603 1752 660 (Υμᾶς

231 667 358 724 ἄγειν·
390 667 471 710 ἀλλ’
508 666 568 710 εἶα
592 670 701 711 τέκεα
731 668 870 723 θαμίν’
914 670 1208 722 ἐπαναβοῶντες
1244 669 1498 724 Βληχώμενοί
1531 687 1570 712 τε
1607 673 1757 726 προβα-

230 737 324 775 τίων
363 736 486 789 αἷγῶν
521 750 559 775 τε
596 733 876 789 κιναβρώντων
913 734 1027 788 μέλη,
1053 732 1224 775 ’Ἕπεσθ’
1265 732 1586 788 ἆπεψωλημένοι’
1623 734 1758 791 τράγοι

232 797 268 840 δ’
304 797 562 853 ἀκρατιεῖσθε.
603 803 721 841 ΧΟΡ.
751 797 887 853 ἹΙμεῖς
925 798 968 839 δέ
1005 796 1041 854 γ’
1083 793 1133 839 αὖ
1170 797 1384 853 ζητήσομεν
1420 799 1654 855 θρεττανελὸ
1689 798 1758 843 τὸν

231 863 434 907 Κύκλωπα
473 861 750 919 Βληχῶμενοι,
791 864 832 906 σὲ
870 863 1024 906 τουτονὶ
1061 867 1234 905 πινῶντα
1277 864 1576 919 καταλαβόντες,
1614 864 1758 921 Πήραν

232 930 369 984 ἔχοντα
407 927 559 984 λάχανά
598 928 629 971 τ’
673 929 809 985 ἅγρια,
848 927 1033 984 δροσερά,
1069 933 1362 983 κραιπαλῶντα,
1396 928 1642 985 τΗγούμενον
1679 937 1761 981 τοῖς

231 998 478 1049 προβατίοις,
516 998 622 1048 Εἰκῆ
655 995 697 1037 δὲ
728 995 1025 1049 καταδαρθέντα
1055 1011 1154 1047 που,
1192 995 1339 1050 ,Μέγαν
1369 994 1554 1049 λαβόντες
1583 993 1760 1050 ἡμμένον

233 1062 455 1113 σφηκίσκον
493 1061 747 1114 ἐκτυφλῶσαι.
798 1065 867 1102 ubi
907 1063 992 1102 Sch.
1026 1063 1075 1101 ad
1114 1076 1149 1102 v.
1185 1063 1286 1100 298:
1325 1060 1500 1102 ἐνταῦθα
1536 1058 1557 1102 ὃ
1596 1059 1761 1114 ποιητὴς

234 1128 486 1181 παιγνιωδῶς
524 1127 698 1181 ἐπιφέρει
734 1125 779 1168 τὰ
817 1131 886 1168 τοῦ
926 1125 1140 1174 Φιλοξένου
1179 1123 1356 1174 εἰπόντος
1391 1124 1547 1179 πήραν
1587 1124 1760 1180 ausui--

234 1192 330 1238 ζειν
365 1189 447 1231 τὸν
483 1189 723 1231 Κύκλωπα
759 1191 836 1232 καὶ
874 1189 1054 1244 λάχανα
1093 1191 1294 1231 ἐσθίειν·
1333 1188 1434 1231 οὕτω
1465 1189 1540 1245 γὰρ
1571 1193 1758 1244 πεποίηκε

233 1253 302 1296 τὸν
331 1259 401 1296 τοῦ
432 1253 653 1304 Κύκλωπος
683 1253 899 1310 ὑποκριτὴν
931 1257 985 1304 εἰς
1010 1253 1082 1308 τὴν
1107 1253 1258 1309 σκηνὴν
1284 1254 1546 1309 εἰσαγόμενον.
1580 1254 1760 1309 ἐμνήσθη

235 1320 277 1360 δὲ
308 1321 372 1361 καὶ
405 1324 486 1373 τῆς
516 1319 814 1373 τυφλῶσεως,
848 1318 906 1369 ὦς
938 1319 1082 1374 οὔσης
1125 1321 1173 1361 ἐν
1201 1324 1260 1378 τῷ
1291 1319 1536 1374 ποιήματι·
1568 1324 1687 1361 ταῦτα
1719 1319 1761 1361 δὲ

234 1384 363 1426 πάντα
396 1384 596 1439 διασύρων
626 1384 695 1427 τὸν
729 1384 942 1435 Φιλόξενον
981 1384 1107 1438 εἶπεν,
1146 1384 1198 1435 ὡς
1236 1384 1288 1439 μὴ
1326 1384 1585 1439 ἀληθεύοντα.
1634 1383 1655 1427 ὃ
1686 1383 1761 1440 γὰρ

235 1449 428 1503 Κύκλωψ,
461 1449 513 1499 ὥς
545 1464 668 1504 φησιν
686 1450 870 1505 ’Όμηρος,
902 1451 996 1504 κρέα
1025 1450 1156 1505 ἤσθιε,
1187 1452 1253 1492 καὶ
1285 1449 1333 1493 οὗ
1364 1450 1530 1505 λάχανα·
1572 1448 1597 1492 ἃ
1627 1453 1763 1492 τοίνυν

234 1517 381 1569 ἔφησεν
421 1516 504 1557 ἐκεῖ
539 1513 559 1557 ὃ
600 1515 828 1569 Φιλόξενος,
865 1521 983 1558 ταῦτα
1020 1514 1041 1557 ὃ
1080 1515 1194 1571 χορὸς
1233 1518 1287 1566 εἰς
1323 1515 1365 1558 τὸ
1405 1517 1524 1570 μέσον
1561 1515 1761 1571 ἀναφέρει.

236 1582 374 1623 Omnis
406 1584 531 1633 igitur
568 1584 638 1622 illa
679 1585 783 1633 apud
825 1584 1137 1634 Aristophanem
1178 1585 1392 1634 descriptio
1433 1585 1670 1624 adumbrata
1710 1584 1761 1623 ad

236 1649 538 1687 similitudinem
569 1649 753 1687 carminis
779 1649 1014 1688 Philoxenii.
1046 1650 1174 1688 Idem:
1206 1645 1339 1700 πήραν
1364 1648 1517 1700 ἔχοντα]
1546 1646 1760 1696 Φιλοξένου

235 1712 313 1752 ἐστὶ
331 1711 584 1766 παρηγμένον
603 1711 669 1752 καὶ
686 1715 798 1753 τοῦτο
817 1709 858 1753 τὸ
879 1712 1020 1766 ῥηθέν·
1045 1716 1224 1754 τοιοῦτον
1242 1710 1316 1767 γὰρ
1340 1710 1409 1754 τὸν
1427 1708 1632 1753 Κύκλωπα
1657 1710 1758 1752 εἰσᾶ-

234 1793 293 1831 γει
323 1775 455 1830 πήραν
487 1778 623 1830 ἔχοντα
653 1777 717 1818 καὶ
750 1777 813 1818 ἐπὶ
852 1775 971 1834 ταύτῃ
1003 1776 1118 1832 ἄγρια
1133 1775 1309 1831 λάχανα.
1339 1782 1458 1818 ταῦτα
1491 1778 1534 1818 δέ
1565 1789 1664 1830 φησι
1693 1776 1759 1817 καὶ

235 1839 281 1882 τὰ
313 1841 401 1894 ἑξῆς
434 1839 486 1891 ὥς
516 1842 582 1882 καὶ
611 1846 692 1895 τῆς
716 1841 997 1894 τυφλῶσεως
1022 1841 1166 1884 αὐτοῦ
1192 1841 1338 1895 οὔσης
1365 1843 1412 1883 ἐν
1437 1846 1495 1898 τῷ
1520 1841 1761 1896 ποιήματι.

236 1910 426 1948 Forbassc
457 1909 602 1958 aliquis
634 1911 797 1959 colligat
828 1910 950 1949 ctiam
981 1909 1081 1947 illud
1111 1905 1344 1960 θρεττανελό
1375 1922 1422 1947 ex
1447 1909 1663 1948 Philoxeno
1694 1922 1760 1959 pe-

237 1975 357 2013 tihum
388 1987 487 2024 esse,
519 1987 611 2012 nam
644 1975 768 2013 schol:
797 1975 847 2013 ad
879 1988 914 2014 v.
949 1976 1051 2013 290:
1084 1973 1126 2012 οἱ
1153 1971 1196 2012 δὲ
1226 1971 1400 2026 λέγοντες
1430 1970 1499 2013 τὸν
1524 1969 1762 2026 θρεττανελώ

238 2035 460 2089 Κύκλωπα,
490 2035 617 2091 ἤγουν
652 2035 720 2078 τὸν
751 2035 898 2095 ᾄδοντα
928 2035 970 2078 τὸ
1001 2034 1259 2091 θρεττανελῶ,
1297 2037 1363 2077 καὶ
1395 2035 1460 2077 διὰ
1491 2041 1604 2078 τοῦτο
1635 2035 1677 2078 τὸ
1707 2041 1761 2077 λω

238 2101 537 2156 μεγεθύνοντες,
581 2099 766 2155 ἀμαθεῖς·
815 2107 954 2145 τοῦτο
999 2101 1048 2143 δὲ
1098 2102 1147 2142 ἐκ
1190 2097 1454 2151 Κύκλωπος
1500 2101 1763 2151 Φιλοξένου

238 2168 382 2208 ἐστίν·
413 2168 601 2219 πεποίηκε
631 2165 706 2221 γὰρ
738 2162 851 2217 οὗτος
881 2166 950 2209 τὸν
973 2165 1175 2208 Κύκλωπα
1199 2168 1461 2220 κιθαρίζοντα.
1494 2172 1535 2208 et
1565 2170 1658 2208 ibid».
1693 2170 1761 2208 Φι-

238 2233 398 2284 λόξενον
439 2231 508 2275 τὸν
559 2231 905 2286 διθυραμβοποιὸν
951 2230 974 2286 ἢ
1018 2229 1435 2288 τραγῳδοδιδάσκαλον
1480 2230 1673 2286 διασύρει,
1717 2230 1764 2282 ὃς

238 2299 386 2354 ἔγραψε
416 2295 484 2340 τὸν
525 2298 647 2351 ἔρωτα
682 2301 752 2339 τοῦ
783 2296 1004 2348 Κύκλωπος
1039 2295 1107 2339 τὸν
1143 2297 1206 2338 ἐπὶ
1236 2299 1440 2353 Γαλατείᾳ·
1478 2294 1558 2338 εἶτα
1593 2295 1764 2351 κιθάρας

335 2432 393 2467 Fr.
422 2435 476 2467 10.
527 2431 628 2466 Suid.
653 2427 839 2474 Ἔθυσας,
873 2427 1059 2489 αντιθύση
1092 2429 1217 2487 (vulgo
1255 2426 1340 2465 ἀντὶ
1378 2430 1444 2465 τοῦ
1481 2427 1614 2488 θύσῃ)·
1651 2429 1762 2466 τοῦτο

240 2476 343 2562 ’‘⁵²‘'f}
376 2476 618 2561 ἷιῖἒξεῖῗῦο
651 2475 1079 2561 {fiffflfflfffflffi
1095 2474 1394 2582 ἕνωῗξέἔίσσόἕ
1418 2474 1680 2569 533‘1‘5222‘0.
1690 2490 1763 2559 723

240 2539 375 2620 attam}
403 2539 581 2619 είίρῆεσθαι
599 2539 669 2608 εἴἐπὶ
695 2573 768 2607 τῶν
794 2539 937 2618 ἆρῖῶν,
969 2538 1126 2618 οὖχὶμὸὲ
1153 2571 1194 2607 τὸ
1220 2569 1471 2625 απεθύσαμεν
1498 2571 1596 2618 (fort
1623 2538 1762 2607 ἒρπεθύ-

242 2633 359 2678 σαμεν
385 2621 446 2656 vel
456 2618 760 2678 ἐθυμιασαμεν)
776 2623 963 2655 νοεῖσθαι.
1012 2619 1095 2655 Huc
1120 2618 1273 2676 respicit
1297 2619 1409 2655 eiiam
1437 2617 1559 2654 Schol.
1578 2619 1620 2653 ΙΙ.
1643 2632 1656 2653 ι
1677 2623 1762 2654 219:

241 2666 264 2713 ἡ
292 2669 422 2713 διπλῆ,
453 2665 511 2703 ὅτι
541 2668 686 2703 θῦσαι
717 2681 761 2703 ου
794 2665 954 2712 σφαξαι,
987 2664 1063 2713 (ὡς)
1090 2664 1110 2702 ὁ
1141 2664 1329 2723 Τιμόθεος
1353 2663 1551 2721 ὑπέλαβεν
1566 2665 1631 2700 καὶ
1656 2664 1762 2701 Φιλό-

243 2716 365 2759 ξενος,
399 2713 536 2773 ὁμοίως
566 2716 609 2762 τῇ
642 2712 807 2772 ἡμετέρᾳ
839 2716 1043 2764 συνηθεία,
1075 2711 1167 2749 αλλὰ
1198 2715 1403 2759 θυμιᾶσαι,
1434 2713 1499 2748 καὶ
1529 2709 1586 2747 ὅτι
1617 2710 1765 2758 θυηλὰς

242 2761 309 2803 τὰς
349 2761 608 2808 ἐπιθυομένας
646 2775 828 2807 απαρχας.
880 2761 932 2797 Of.
966 2751 1094 2797 Zonar.
1128 2765 1195 2797 625
1228 2761 1384 2805 (ἔθυσας
1420 2757 1504 2795 αντὶ
1538 2760 1605 2795 τοῦ
1629 2761 1762 2817 θύσῃ·

243 2810 352 2845 τοῦτο
376 2809 481 2865 παρὰ
515 2808 715 2867 Φιλοξένῳ)
748 2811 785 2844 eb
815 2809 984 2854 Append.
1010 2809 1182 2844 Proverb.
1211 2810 1243 2844 ΙΙ
1272 2813 1332 2852 10,
1356 2807 1422 2843 ubi
1446 2807 1473 2842 C
1498 2805 1704 2854 αντνθύσῃ,
1730 2808 1763 2843 V

243 2853 423 2903 ἄντιθύη,
450 2858 478 2892 Β
503 2854 691 2892 ἄιτιθύει.
