1864 3126
745 126 1079 165 LAMPROCLES.
1588 122 1677 166 555

241 235 486 297 ποτικλῄζω
517 235 846 295 πολεμαδόκον,
879 233 1025 294 ἁγνάν
1585 243 1676 277 1216

241 311 379 356 παῖδα
413 307 526 362 Διὸς
556 309 751 367 μεγάλου
783 306 1083 366 δαμάσιππον.

149 465 354 504 verisimile
379 466 438 502 est
461 464 749 501 Eratosthenem
774 463 975 509 Phryniohi
1001 462 1135 499 comici
1167 463 1303 509 poetae
1335 461 1559 498 auctoritate
1584 460 1680 498 illud

145 525 297 551 carmen
315 512 528 559 Lamprocli
546 511 732 548 tribuisse.
770 512 908 548 Errant
926 513 1065 555 autem,
1085 510 1149 557 qui
1169 509 1385 546 existimant
1404 512 1550 546 veteres
1569 508 1679 545 dubi·

145 562 247 600 uae
271 561 318 597 de
343 563 497 597 auctore
521 559 630 596 huius
655 559 786 606 hymni
810 559 849 595 in
874 559 1091 603 Minervam,
1124 558 1189 594 sed
1214 558 1290 594 duo
1315 558 1463 594 diversa
1487 558 1576 593 sunt
1600 568 1679 593 car·

146 607 251 647 mina
273 608 390 655 probe
409 607 663 652 discernenda,
689 608 848 643 alterum
868 607 1084 652 Phrynichi,
1110 605 1271 642 alterum
1297 605 1544 651 Lamproclis3
1571 604 1680 640 huius

150 656 382 705 prooemium
409 655 675 691 Eratosthenes
701 654 912 701 adscripsit,
939 654 1040 690 illius
1065 653 1214 689 initium
1239 652 1278 688 in
1299 653 1422 699 priore
1442 651 1586 689 scholio
1605 663 1680 688 ser-

148 705 278 750 vatum
304 705 378 740 est:
410 702 534 740 Aristo
561 703 677 739 hanes
709 704 834 739 autem
860 702 1090 748 Lamproclis
1119 712 1270 737 carmen
1300 700 1481 747 respexit,
1513 699 1553 735 id
1579 699 1679 746 quod

148 751 260 789 docet
282 747 448 788 δεινάν
473 751 521 787 ad
552 751 656 794 tum,
676 750 775 796 quod
794 750 835 786 in
852 748 1059 796 Phrynichi
1077 749 1241 786 carmine
1266 760 1341 785 non
1366 760 1448 793 com
1478 748 1574 784 aret:
1607 747 1680 784 hoc

147 811 232 838 cum
250 799 378 836 deesse
390 798 733 835 animadverterent
750 797 884 835 comici
896 797 975 834 inte
1022 798 1131 842 retes,
1150 807 1244 842 quos
1265 797 1448 842 Lamproc
1465 795 1497 832 is
1515 796 1678 842 hymnus

146 847 271 893 latuit,
297 846 397 883 male
422 846 661 882 coniecerunt
684 845 756 882 hoc
781 846 829 882 ab
847 845 1000 891 Aristop
1028 856 1097 881 ane
1123 843 1312 880 adiectum
1337 855 1429 889 esse,
1455 843 1531 879 vid.
1553 842 1678 880 Schol.

147 894 324 931 Aristidis
347 894 389 931 Τ.
415 893 466 929 111
486 897 572 930 53⁷:
598 890 782 930 Παλλάδα
807 891 1071 938 περσέπτολιν·
1097 889 1199 933 εἶδος
1224 891 1266 928 δὲ
1287 892 1397 928 τοῦτο
1422 889 1589 941 ᾄσματος
1613 889 1679 927 καὶ

147 939 262 989 άρχή·
287 939 355 978 τὸν
380 940 423 978 δὲ
454 938 616 988 ποιητὴν
648 938 767 977 αὐτοῦ
794 937 955 986 Ῥοῦφος
985 939 1051 976 καὶ
1083 937 1283 981 Διονύσιος
1317 937 1530 985 ἴστοροῦσιν
1558 936 1599 975 ἔν
1632 938 1678 985 τῇ

148 990 324 1028 Movent*
354 986 542 1035 Φρύνιχόν
566 1001 663 1033 τινα,
689 986 795 1024 ἄλλοι
820 986 864 1024 δέ
890 999 986 1033 φασι
1010 986 1263 1046 Λαμπροκλέα
1289 983 1312 1032 ἢ
1339 988 1571 1033 Στησίχορον
1597 987 1678 1031 (sed

147 1037 262 1075 Paris·
288 1003 326 1073 13
347 1048 406 1083 ap.
438 1036 625 1073 Frommel
655 1035 722 1072 τὸν
757 1034 799 1072 δὲ
832 1033 993 1081 ποιητὴν
1026 1035 1146 1071 αυτοῦ
1181 1031 1368 1080 Φρύνιχον
1395 1032 1479 1070 τινά
1512 1045 1630 1079 φασιν
1655 1031 1679 1080 ἢ

146 1084 411 1132 Λαμπροκλέα,
436 1080 459 1130 ἢ
485 1084 749 1130 Στησίχορον)·
775 1081 817 1119 τὸ
844 1081 886 1119 δὲ
911 1080 1081 1119 δεινὰν
1107 1079 1324 1118 Παλλάδα
1343 1083 1497 1128 γελοίως
1515 1079 1682 1118 άντίκει·

149 1143 228 1169 ται·
252 1131 296 1168 τὸ
322 1129 395 1178 γὰρ
414 1125 516 1181 ᾆσμα
536 1127 656 1173 οὕτως
676 1130 769 1178 ἔχει·
796 1128 1019 1166 Παλλάδα
1044 1129 1355 1176 περσέπτολιν
1381 1132 1681 1166 κλεισοπολε-

90 1207 97 1214 .
148 1176 354 1226 μαδὸκον
380 1179 459 1226 (BD
480 1180 546 1216 Ox.
565 1176 841 1226 πολεμοδόκον,
861 1179 960 1215 Mon.
980 1174 1257 1224 πολεμηδὸκον)
1283 1174 1430 1224 ἁγνάν
1451 1177 1532 1224 (Ox.
1553 1174 1691 1223 ἁγίαν,

148 1228 179 1264 Β
199 1225 341 1275 ἁγνὴν)
365 1228 512 1263 παῖδα
538 1223 649 1269 Διὸς
673 1223 872 1273 μεγάλου
899 1223 1058 1273 (μεγάλα
1082 1226 1123 1270 Β,
1149 1223 1309 1272 μεγάλαι
1333 1225 1377 1270 D,
1404 1223 1570 1271 μεγάλην
1598 1224 1685 1270 ΟΧ.)

149 1275 454 1322 δαμνοπῶλον
487 1274 554 1321 (sic
579 1276 629 1320 A,
667 1274 919 1321 δαμνηπῶλον
950 1274 1032 1319 rel.)
1065 1270 1226 1309 ἄϊστον
1259 1270 1428 1318 (ἄριστον
1463 1273 1530 1309 Ox.
1562 1269 1682 1309 αὐτοῦ

148 1323 265 1360 Paris.
290 1323 323 1358 D
355 1333 415 1369 ap.
444 1323 618 1368 Fromm.)
648 1321 903 1368 παρθένον.
953 1321 1024 1359 Ηίο
1055 1321 1188 1367 igitur,
1222 1320 1287 1356 ubi
1314 1321 1518 1356 secundum
1544 1320 1681 1356 Rufum
1715 1342 1720 1348 -

149 1373 190 1408 et
210 1369 432 1416 Dionysium
463 1381 613 1406 carmen
642 1369 856 1416 Phrynicho
889 1368 1084 1413 tribuitur,
1114 1379 1267 1414 prorsus
1293 1368 1424 1404 eodem
1449 1368 1579 1414 modo,
1605 1379 1680 1414 quo

150 1419 189 1455 in
215 1417 331 1455 schol.
357 1418 374 1454 I
399 1417 590 1464 Aristoph.
617 1417 770 1463 legitur,
797 1416 1029 1463 adscriptum
1054 1417 1122 1461 est,
1148 1416 1213 1452 sed
1238 1415 1352 1462 paulo
1379 1415 1537 1452 auctius:

364 1510 548 1549 Παλλάδα
567 1511 798 1569 ἲπερσέπολιν
823 1510 962 1569 κλῄζω,
987 1509 1270 1558 πολεμαδόκον,
1295 1508 1419 1556 ἁγνὰν

363 1562 484 1597 παῖδα
511 1564 604 1602 Διος
629 1563 812 1607 μεγαλου,
838 1562 1075 1607 δαμνιππον,
1101 1558 1178 1596 αἰεὶ
1202 1558 1411 1604 παρθένον.

150 1657 205 1694 sic
229 1656 329 1694 enim
359 1656 534 1694 videntur
563 1656 770 1702 novissima
800 1654 1036 1702 corrigenda,
1067 1654 1236 1691 Minerva
1267 1652 1483 1701 δάμνιππος
1514 1655 1683 1699 vocatur,

151 1704 198 1742 cf.
220 1704 369 1742 Cornut.
393 1709 472 1749 113,
498 1715 727 1750 quamquam
747 1703 823 1740 alia
842 1714 991 1749 quoque
1010 1703 1169 1749 possunt
1183 1701 1334 1747 coniici,
1359 1703 1465 1739 velut
1484 1698 1683 1748 δάμνιπ-

148 1765 252 1797 πον,
289 1750 512 1796 εὔπωλον,
543 1748 829 1798 ’ἄδάμαστον
865 1749 1072 1796 παρθένον.
1131 1750 1174 1786 In
1211 1750 1299 1787 edit.
1335 1754 1355 1786 1*
1398 1746 1555 1795 άρίσταν
1594 1762 1686 1794 παρ-

150 1798 271 1837 θένον
295 1799 439 1846 scripsi,
464 1801 507 1836 ut
524 1798 657 1835 Kleine
683 1799 816 1835 edidit:
843 1799 880 1834 in
914 1798 1003 1835 edit.
1028 1803 1052 1835 2
1079 1798 1225 1835 servavi
1250 1797 1430 1834 traditam
1460 1797 1686 1843 scripturam

149 1844 377 1894 δαμόπωλον
402 1844 533 1883 ἄϊστον
552 1844 761 1892 παρθένον,
786 1847 852 1883 sed
871 1845 1098 1891 dubitanter,
1122 1846 1250 1891 itaque
1270 1844 1443 1891 Hartung
1463 1844 1593 1889 edidit,
1621 1845 1685 1890 qui

155 1894 387 1942 Lamproclis
418 1906 545 1931 versus
576 1895 702 1930 nescio
728 1905 793 1930 cur
816 1895 872 1930 ita
896 1893 1161 1938 conformavit,
1194 1894 1236 1929 ut
1259 1906 1293 1930 v.
1321 1897 1342 1928 2
1370 1893 1547 1929 scriberet
1574 1890 1631 1928 πό
1642 1905 1682 1927 τ-

151 1956 257 1979 νιαν
288 1942 451 1980 κλεΐσω
483 1945 565 1978 πολ.
596 1939 656 1988 ἆγ.
708 1942 838 1978 Παῖδα
870 1939 963 1982 Διὸς
994 1938 1178 1988 μεγάλου,
1211 1937 1456 1987 δαμάσιππον
1493 1937 1683 1976 άείσοον

90 1996 94 2000 “
150 1988 403 2036 παρθένον.
453 1988 560 2026 Nihil
590 1989 723 2026 iuvant
753 1989 830 2026 alia
859 1989 1092 2026 testimonia:
1127 2000 1215 2025 nam
1247 1999 1292 2025 ex
1325 1988 1450 2024 Schol.
1477 1988 1589 2023 Arist.
1617 2000 1685 2024 sua

150 2037 278 2075 hausit
307 2038 427 2075 Tzetz.
459 2037 554 2075 Chil.
586 2038 603 2073 I
635 2041 722 2074 683:
763 2033 910 2073 Τούτου
941 2037 1008 2072 τοῦ
1039 2035 1274 2083 Στησιχόρου
1309 2035 1351 2073 δὲ
1388 2034 1498 2082 μέλος
1523 2032 1686 2081 ὑπάρχει

151 2082 252 2122 τόδε.
295 2083 479 2122 Παλλάδα
503 2082 748 2131 περσέπτολιν
774 2082 892 2132 κλῄζω
919 2097 957 2120 π.
983 2081 1044 2130 ἆγ.
1070 2097 1108 2131 π.
1136 2088 1179 2121 Δ.
1207 2098 1242 2130 μ.
1270 2080 1498 2130 δαμόπωλον
1532 2082 1626 2129 (cod.
1654 2083 1683 2118 B

151 2129 395 2180 δαμνόπλον.)
420 2130 560 2169 ἄϊστων
585 2145 624 2169 π.
669 2131 722 2168 Cf.
749 2131 872 2168 Schol.
898 2132 937 2167 in
964 2131 1084 2168 Cram.
1112 2132 1179 2168 An.
1207 2132 1274 2168 Ox.
1305 2133 1457 2175 111353,
1480 2135 1521 2165 13
1548 2130 1684 2175 (TzetZ.

151 2180 271 2227 Epist.
291 2181 348 2217 ed.
369 2180 515 2216 Pressel
536 2182 636 2226 101):
664 2178 774 2226 μέλος
798 2177 1042 2225 Στησιχόρου.
1070 2178 1169 2220 τινὲς
1195 2180 1389 2225 Φρυνίχου
1416 2179 1526 2214 τοῦτο
1553 2179 1683 2222 φασίν,

152 2227 274 2274 ἕτεροι
305 2226 347 2264 δὲ
379 2225 680 2274 Δαμπροκλέους.
736 2226 996 2273 Aristophanis
1032 2229 1160 2263 autem
1197 2227 1320 2262 locum
1358 2227 1552 2272 praeterea
1584 2236 1681 2271 resp.

154 2275 225 2311 Dio
250 2274 335 2311 chr.
360 2274 446 2310 XIII
471 2275 514 2310 T.
539 2274 556 2309 Ι
581 2286 617 2320 p.
643 2278 731 2310 259:
763 2273 802 2310 οἰ
829 2270 878 2310 ἄν
914 2271 1053 2316 ἴκανῶς
1083 2275 1310 2319 κιθαρίσωσι
1341 2270 1525 2309 Παλλάδα
1552 2272 1683 2317 περσέ-

150 2325 259 2373 πολιν
285 2322 355 2406 ῗω
379 2322 460 2366 ΒΜ,
486 2321 731 2367 περσέπτολιν
756 2321 837 2368 rel.)
863 2318 997 2358 δεινάν
1023 2323 1093 2367 (ita
1119 2322 1173 2366 M,
1204 2318 1338 2357 δεινὰν
1363 2319 1462 2356 θεὸν
1485 2320 1556 2365 ΟΡ,
1576 2317 1682 2365 Ἀθη-

150 2367 223 2406 ’ὰν
242 2364 1518 2463 ἐκ)’δξὲἓῑὲᾱέεμτἕξηλέτεεετέεεῑῑῖτιέῑιῑς·(,ῖ3λές”ρέ;ι;ε
1548 2364 1682 2458 ,ξέὲἔὲ

150 2467 297 2511 πτολιν)
324 2461 497 2502 Ἀθάναν.
517 2453 563 2491 -’
590 2445 849 2508 Quod’autem
874 2464 940 2500 alii
965 2464 1011 2500 de
1038 2464 1252 2500 Stesichoro
1279 2443 1564 2508 cogitaverunt,
1596 2461 1683 2498 inde

151 2513 398 2560 repetendum
430 2511 531 2557 quod
563 2511 624 2548 hic
659 2522 808 2557 quoque
839 2511 986 2547 videtur
1017 2513 1194 2557 hymnum
1221 2511 1386 2555 aliquem
1411 2510 1450 2545 in
1476 2509 1686 2546 Minervam

152 2560 325 2597 similiter
349 2571 500 2596 exorsus
526 2570 617 2604 esse,
644 2570 820 2613 quorsum
845 2559 1080 2595 referendum
1106 2559 1253 2595 videtur
1277 2560 1320 2595 fr.
1348 2561 1404 2595 62.
1448 2558 1526 2593 Iam
1553 2556 1684 2593 simili-

152 2607 244 2644 tudo
262 2607 341 2653 illa,
393 2618 463 2643 uae
481 2606 681 2642 intercedit
699 2605 798 2642 inter
816 2606 976 2652 hymnos
999 2605 1236 2652 (Stesichori)
1258 2604 1491 2651 Lamproclis
1510 2605 1550 2640 et
1571 2604 1686 2650 Phry-

152 2654 268 2701 nichi,
292 2619 394 2692 hand
419 2654 532 2690 dubie
556 2653 643 2690 inde
669 2655 728 2689 est
751 2653 966 2708 repetenda,
997 2653 1099 2699 quod
1123 2653 1344 2698 antiquioris
1370 2652 1529 2688 alicuius
1555 2651 1685 2698 hymni

154 2702 232 2739 sive
257 2703 359 2739 nomi
384 2701 574 2739 exordium
601 2712 645 2737 ex
670 2711 772 2737 more
797 2701 939 2737 imitati
963 2702 1069 2737 sunta
1095 2701 1194 2736 hunc
1220 2701 1243 2735 h
1274 2712 1400 2735 mnum
1427 2701 1520 2746 puto
1546 2711 1684 2735 memo-

153 2750 229 2786 rari
252 2749 292 2786 in
317 2749 375 2787 Et.
402 2750 452 2786 M.
478 2753 560 2795 474,
585 2753 648 2785 80:
675 2745 842 2784 Ἱππία·
875 2745 1019 2794 ἐκλήθη
1045 2744 1163 2789 οὕτως
1195 2744 1217 2807 ᾗ
1250 2747 1407 2793 Αθηνᾶ,
1441 2744 1524 2783 ἐπεὶ
1551 2743 1593 2783 ἐκ
1619 2747 1687 2792 τῆς

154 2797 323 2843 κεφαλῆς
347 2797 413 2833 τοῦ
442 2794 534 2838 Διὸς
558 2794 651 2842 μεθ’
678 2797 803 2831 ἵππων
828 2792 1005 2840 ἀνήλατο,
1030 2792 1080 2836 ὦς
1105 2792 1124 2830 ὁ
1153 2792 1199 2831 ἐπ
1251 2792 1367 2840 αὐτῆς
1398 2790 1543 2839 ὕμνος
1576 2796 1691 2840 δηλοῖ

154 2845 297 2888 (eadem
324 2844 440 2880 Bekk.
468 2845 535 2880 An.
562 2844 578 2878 I
603 2847 672 2882 207
698 2871 707 2887 ,
733 2847 779 2879 32
804 2846 843 2879 et
867 2846 948 2888 350,
967 2846 1026 2889 25,
1053 2842 1117 2878 sed
1143 2842 1213 2879 hoc
1241 2842 1453 2889 posteriore
1479 2841 1562 2879 loco
1588 2839 1639 2883 ὡς
1661 2838 1682 2877 ὁ

155 2891 280 2938 μῦθος
303 2892 468 2938 legitur).
