1864 3126
279 179 365 220 674
571 167 573 171 '
770 176 990 212 CARMINA
1017 176 1305 213 POPULARIA.

1002 285 1072 327 46.
1675 346 1678 348 .
1711 295 1803 329 1314
1852 270 1864 306 >⁷

365 365 440 418 Ὡς
472 367 517 410 οἱ
547 367 743 422 μέγιστοι
775 367 867 410 τῶν
901 368 1024 410 θεῶν
1054 365 1129 410 καὶ
1162 369 1360 421 φίλτατοι

274 509 419 553 auibus,
445 508 519 545 vid.
546 508 714 563 inprimis
738 508 837 543 infra
861 512 905 544 47
933 510 971 543 812
995 508 1156 544 Τ111101211.
1183 508 1226 545 fr.
1250 513 1304 544 13.
1355 508 1435 543 Huc
1461 509 1556 544 adde
1583 507 1716 544 Athen.
1733 508 1802 544 XV

273 561 341 593 696
367 557 409 601 E,
435 556 500 591 ubi
523 557 623 591 hunc
647 556 767 613 ipsum
792 566 973 601 paeanem
999 557 1199 591 111811101812·
1235 553 1305 591 οὐκ
1333 554 1410 601 ἔχει
1436 552 1473 590 δ’
1502 552 1592 592 οὔδε
1618 553 1660 591 τὸ
1686 568 1800 591 παια-
1862 596 1864 598 ,

271 602 378 639 νικὸν
419 601 625 661 ἐπίρρημα
654 600 832 648 καθάπερ
871 602 891 638 ὁ
931 602 984 644 εἰς
1016 601 1238 647 Λύσανδρον
1269 601 1335 638 τὸν
1368 600 1610 649 Σπαρτιάτην
1641 616 1662 648 γ
1689 603 1802 648 αφεὶς
1857 612 1864 617 “

272 649 390 692 ὅντως
426 649 563 695 παιάν,
602 664 647 686 ον
679 662 773 696 φησι
805 651 944 708 Δοῦρις
976 648 1017 686 έν
1049 655 1126 690 τοῖς
1152 650 1307 707 Σαμίων
1335 616 1802 708 ε’πιγραφομένοιςξᾯροις

272 695 440 747 ᾄδεσθαι
466 696 507 734 ἐν
533 680 662 758 Σάμῳ.
713 696 842 733 Παιὰν
874 695 912 733 δ’
949 695 1025 733 ἐστὶ
1057 696 1122 732 καὶ
1154 695 1174 732 ὃ
1200 697 1254 738 εἰς
1278 696 1472 754 Κρατερὸν
1496 695 1562 734 τὸν
1587 695 1800 734 Μακεδόνα

270 735 447 803 γραφείς,
474 741 519 781 ὃν
546 743 771 790 ἐτεκτήνατο
793 741 968 788 Ἄλεξῖνος
996 742 1015 780 ὁ
1044 743 1294 789 διαλεκτικός,
1329 742 1378 786 ὥς
1405 757 1518 804 φησιν
1541 741 1776 829 Ερμιπποςέ
1777 742 1798 781 ὂ

270 791 543 840 Καλλιμάχειος
569 790 610 829 έν
637 793 687 840 τῷ
713 789 845 851 πρώτῳ
870 793 957 838 περὶ
979 788 1262 849 Ἀριστοτέλους·
1286 774 1430 842 ᾅδεται
1465 791 1506 828 δε
1532 794 1596 828 καὶ
1623 787 1733 834 οὗτος
1757 790 1800 829 ἐν

273 844 453 898 Δελφοῖς,
479 830 693 898 λυρίζοντός
717 839 762 885 γέ
780 853 882 881 τινος
901 837 1048 880 παιδός.
1093 839 1166 875 Καὶ
1193 837 1212 874 ὁ
1242 829 1307 881 εἰς
1307 838 1497 899 ’Λγημονα
1517 838 1558 875 δὲ
1579 837 1645 876 τὸν
1649 841 1799 924 K—o}

270 891 372 933 θιον,
404 885 597 933 Ἀλκυόνης
622 887 790 944 πατέρα,
816 884 862 922 ὃν
888 884 1022 936 αδουσι
1048 888 1267 944 Κορίνθιοι,
1301 886 1384 947 ἔχει
1409 884 1450 922 τὸ
1482 884 1688 923 παιανικὸν

272 938 445 982 φθεγμα·
466 934 657 992 παρέθετο
679 933 719 969 δὲ
742 931 859 969 αὐτὸν
879 923 1059 994 Πολέμων
1081 931 1100 969 ὁ
1122 932 1348 980 περιηγητὴς
1367 932 1408 970 έν
1428 935 1472 982 τῇ
1493 932 1588 980 πρὸς
1603 932 1798 992 Ἀράνθιον

274 980 458 1043 ἐπιστολῇ.
508 982 585 1018 Καὶ
610 980 630 1018 ὁ
658 981 711 1023 εἰς
736 984 971 1039 Πτολεμαῖον
997 980 1038 1017 δὲ
1063 979 1130 1017 τὸν
1149 982 1297 1040 πρῶτον
1316 972 1505 1039 Αἰγύπτου
1527 980 1799 1040 βασιλεύσαντα

270 1028 389 1066 παιάν
441 1028 558 1088 ε’στιν,
609 1025 654 1065 ὃν
704 1026 839 1078 ᾄδουσι
884 1026 1037 1065 Ρόδιοι·
1089 1028 1166 1074 ἔχει
1208 1042 1285 1084 γαρ
1334 1043 1375 1065 το
1428 1026 1471 1074 ἰὴ
1522 1026 1667 1065 παισὶν
1717 1027 1798 1066 έπί-

264 1081 439 1136 φθεγμα,
480 1074 529 1118 ὧς
567 1090 659 1123 φησι
692 1066 846 1122 Γόργων
885 1074 926 1112 ἐν
964 1078 1014 1124 τῷ
1051 1076 1136 1134 περὶ
1173 1077 1247 1112 τῶν
1285 1074 1326 1112 ἐν
1352 1074 1467 1125 Ῥόδῳ
1499 1077 1659 1113 θυσιῶν.
1711 1073 1796 1113 Ἐπ’

264 1122 458 1182 Ἀντιγόνῳ
491 1123 532 1160 δε
565 1124 630 1160 καὶ
656 1126 855 1182 Δημητρίῳ
888 1124 979 1169 φησὶ
1009 1122 1207 1169 Φιλόχορος
1234 1114 1455 1169 Ἀθηναίους
1489 1121 1599 1173 αδειν
1630 1124 1798 1166 παιᾶνας

268 1170 356 1214 τοὺς
380 1172 659 1218 πεποιημένους
683 1169 756 1206 υπὸ
779 1169 989 1217 Ερμίππου
1009 1173 1076 1207 τοῦ
1097 1172 1323 1229 Κυζικηνοῦ,
1340 1160 1563 1230 ἐφαμίλλων
1582 1172 1796 1231 γενομένων

268 1221 341 1255 τῶν
367 1221 534 1260 παιᾶνας
559 1217 796 1264 ποιησάντων
821 1219 965 1254 πολλῶν
991 1218 1055 1254 καὶ
1080 1219 1147 1254 τοῦ
1168 1217 1416 1264 Ερμοκλέους
1440 1218 1724 1277 προκριθέντος.
1753 1236 1761 1242 “

363 1269 422 1305 Fr
448 1271 505 1304 46.
550 1268 684 1303 Athen.
705 1266 756 1302 VI
775 1270 844 1301 253
862 1266 888 1302 C
915 1278 959 1301 ex
984 1266 1214 1301 Demochare
1239 1266 1333 1302 haec
1357 1267 1485 1302 refert:
1510 1263 1797 1303 Ἐπανελθόντα

267 1313 308 1350 δὲ
335 1313 401 1351 τὸν
429 1319 484 1361 Δη
515 1312 643 1360 ήτριον
675 1311 751 1349 ἀπὸ
782 1314 848 1358 τῆς
872 1311 1068 1354 Λευκάδος
1102 1312 1167 1348 καὶ
1191 1311 1387 1359 Κερκύρας
1413 1313 1467 1355 εἰς
1491 1312 1558 1355 τὰς
1578 1311 1736 1360 Ἀθήνας
1761 1313 1800 1350 οἵ

263 1359 464 1419 Ἀθηναῖοι
481 1363 657 1418 εδέχοντο
684 1358 729 1397 οὐ
756 1359 872 1407 μόνον
908 1361 1121 1406 θυμιῶντες
1152 1360 1216 1396 καὶ
1249 1372 1528 1406 στεφανουντες
1557 1361 1623 1397 καὶ
1653 1361 1796 1419 olvezoe

267 1411 414 1454 οῦντες,
442 1406 534 1445 ἀλλὰ
562 1409 626 1445 καὶ
651 1408 909 1466 προσοδιακοὶ
923 1409 992 1465 (ita
1016 1411 1117 1444 recte
1143 1409 1371 1466 Bernhardy,
1388 1407 1592 1465 legebatur
1610 1407 1796 1466 προσόδια

265 1457 343 1517 καὶ)
370 1457 476 1515 χοροι
507 1456 575 1492 καὶ
598 1454 803 1515 ἰθύφαλλοι
828 1452 909 1501 μετ’
937 1452 1124 1514 ὀρχήσεως
1149 1455 1214 1491 καὶ
1247 1452 1345 1504 ᾠδῆς
1375 1469 1554 1514 απηντων
1585 1454 1699 1515 αύτῳ,
1730 1455 1796 1492 καὶ

270 1503 516 1562 ἐφιστάμενοι
541 1502 636 1540 κατὰ
663 1517 751 1545 τους
776 1501 908 1561 ὄχλους
913 1497 1026 1561 ᾖδον
1052 1500 1277 1559 ὀρχούμενοι
1302 1502 1367 1539 καὶ
1399 1501 1624 1561 ἐπᾴδοντες,
1656 1501 1705 1544 ὥς
1735 1503 1795 1561 εἴη

265 1549 378 1598 μόνος
402 1550 496 1593 θεὸς
517 1548 732 1609 ἀληθινός,
767 1550 806 1586 οἵ
834 1548 872 1586 δ’
905 1548 1010 1586 αλλοι
1042 1548 1300 1587 καθεύδουσιν
1332 1564 1354 1596 η
1391 1533 1650 1611 άποδημουσιν
1674 1547 1699 1597 ἢ
1725 1547 1794 1587 οὖκ

266 1599 354 1645 εἰσί,
387 1597 552 1645 γεγονὼς
578 1596 614 1634 δ’
644 1601 730 1657 εἰη
730 1596 772 1634 ἐκ
798 1599 1037 1639 Ποσειδῶνος
1061 1597 1127 1634 καὶ
1149 1595 1380 1656 Ἀφροδίτης,
1412 1599 1462 1644 τῷ
1489 1597 1531 1634 δε
1558 1597 1687 1635 κάλλει
1710 1595 1794 1634 διά-

266 1660 384 1693 φορος
414 1647 479 1683 καὶ
510 1648 554 1694 τῇ
587 1645 695 1702 πρὸς
704 1659 877 1687 απαντας
909 1647 1179 1695 φιλανθρωπία
1211 1644 1354 1687 κοινός·
1391 1636 1575 1704 δεόμενοι,
1601 1643 1639 1682 δ’
1674 1642 1793 1682 αὐτοῦ

265 1693 436 1730 ΐκέτευον
462 1694 526 1730 καὶ
551 1691 819 1740 προσηύχοντο.
870 1693 1011 1729 Deinde
1038 1682 1172 1729 Α1211811.
1199 1694 1339 1751 pergit:
1373 1694 1513 1751 Δοῦρις
1538 1690 1623 1729 δ’ὁ
1652 1691 1796 1740 Σάμιος

264 1739 306 1778 ἐν
331 1742 378 1800 τῇ
402 1741 560 1791 δευτέρᾳ
587 1741 652 1777 καὶ
677 1741 823 1789 εἰκοστῇ
850 1741 923 1776 τῶν
950 1739 1121 1787 ἱστοριῶν
1146 1740 1212 1776 καὶ
1245 1738 1387 1777 αὐτὸν
1418 1738 1496 1776 τὸν
1531 1738 1794 1786 ἰθύφαλλον

265 1788 473 1836 (παρέθετο
493 1779 638 1825 addidit
658 1778 906 1832 Casanbonus,
933 1789 1186 1831 παρατίθεται
1205 1788 1391 1834 Ηι1118111..)
1431 1785 1488 1829 ὡς
1513 1786 1558 1824 οῖ
1580 1788 1794 1834 μέγιστοι

265 1839 340 1873 κτλ.
390 1836 501 1872 Ι1111210
528 1838 620 1872 (11108
644 1838 792 1872 tantum
818 1847 946 1872 versus
971 1837 1160 1881 (fortasse.

543 1904 711 1953 Ἀνάγετε
739 1904 894 1951 πάντες,
920 1903 1078 1952 ἀνάγετ’
1083 1936 1091 1952 ,
1118 1903 1353 1953 εὐρυχωρίαν

548 1960 627 1996 τοῖς
651 1958 761 1995 θεοις
784 1955 953 2000 ποιεῖτε.)

264 2026 435 2062 Μ81118κ8
461 2027 587 2062 deesse
614 2027 751 2069 censet,
775 2025 867 2061 item
893 2023 1026 2069 Cobet,
1067 2025 1130 2070 qui
1155 2025 1388 2062 librariorum
1422 2025 1664 2072 neglegentia
1697 2026 1791 2063 haec

267 2074 404 2109 omissa
429 2076 556 2109 censet
580 2071 644 2108 τὸν
679 2071 892 2128 ἰθύφαλλον
924 2074 1191 2130 (παρατίθεται
1225 2085 1344 2114 ουτως
1383 2071 1534 2118 ἔχοντα·
1574 2074 1790 2120 Χαίροντες,

267 2116 297 2156 ῶ
321 2118 459 2162 πάντες
483 2119 566 2166 λεω,
593 2120 794 2156 συνέλθετε
819 2117 911 2165 πρὸς
936 2117 1002 2155 τὸν
1028 2117 1268 2165 ἰθύφαλλον).
1307 2120 1464 2156 Carmen
1489 2121 1560 2156 hoc
1585 2131 1660 2166 quo
1691 2131 1789 2157 anno

267 2169 317 2204 sit
342 2169 544 2214 conditum,
569 2168 796 2214 ambiguum.
849 2169 880 2203 A
906 2178 994 2203 vero
1020 2178 1169 2213 prorsus
1189 2167 1338 2203 aberrat
1358 2167 1627 2212 Schneidewin,
1654 2168 1718 2212 qui
1742 2169 1791 2204 ad

263 2216 319 2251 Ol.
347 2215 495 2251 CXVIII
521 2198 544 2251 2’
568 2216 714 2252 retulit:
740 2216 905 2260 Droysen
931 2214 1063 2250 Gesch.
1085 2216 1148 2250 des
1168 2215 1557 2259 Hellenismus1512,
1583 2215 1643 2251 cui
1663 2226 1790 2252 assen-

261 2275 322 2298 sus
347 2265 405 2299 est
423 2263 649 2299 Hullemann
668 2262 820 2299 Duridis
840 2263 905 2299 rel.
926 2274 960 2307 p.
985 2266 1064 2307 111,
1089 2262 1242 2298 revocat
1262 2262 1310 2297 ad
1330 2273 1467 2298 annum
1487 2274 1559 2309 quo
1578 2262 1789 2299 Demetrius

262 2311 449 2355 mysteriis
473 2310 642 2346 initiatus
675 2311 748 2356 est,
785 2309 841 2345 Ol.
869 2309 983 2345 CXIX
1009 2313 1029 2344 3
1057 2310 1143 2355 (sec.
1171 2308 1401 2355 Droysenum
1428 2310 1542 2346 CXIX
1568 2311 1622 2354 2),
1659 2321 1788 2349 verum

262 2369 346 2393 cum
371 2359 441 2394 hoc
465 2359 634 2404 tempore
659 2357 877 2394 Aetolorum
910 2357 1049 2392 mentio
1082 2356 1143 2391 vix
1173 2359 1300 2402 potest
1331 2357 1538 2393 conciliari:
1571 2356 1788 2393 deducimur

261 2406 386 2450 potius
419 2407 465 2440 ad
494 2405 550 2442 Ol
578 2405 711 2441 CXXII
736 2410 775 2440 3.
813 2407 901 2440 tunc
940 2404 1038 2440 enim
1074 2403 1200 2440 Aetoli
1238 2404 1402 2450 Delphos
1441 2407 1715 2450 occupaverant
1749 2406 1788 2440 812

261 2453 488 2488 obstiterunt
525 2453 722 2497 quominus
755 2452 890 2498 Pythia
923 2453 1140 2497 agerentur,
1177 2452 1304 2496 itaque
1342 2451 1524 2487 Demetrii
1558 2451 1663 2487 iussu
1697 2453 1786 2488 tunc

261 2501 420 2536 Athenis
446 2500 635 2536 celebrata
660 2502 753 2536 sunt.
804 2500 1014 2535 Demetrius
1038 2502 1125 2535 tunc
1145 2510 1168 2534 a
1187 2499 1348 2544 Corcyra
1365 2500 1404 2534 et
1422 2499 1609 2534 Leucadia
1625 2497 1787 2534 redierat

260 2547 445 2591 Athenas,
471 2548 619 2583 videtur
643 2546 760 2592 igitur
786 2545 923 2582 Thebis
948 2546 1170 2599 expugnatis
1196 2547 1314 2582 classe
1325 2545 1543 2599 Corcyram
1560 2545 1736 2591 petivisse
1762 2557 1785 2581 a

262 2594 425 2630 Lanassa
450 2594 648 2638 invitatus,
675 2594 748 2631 vid.
776 2594 872 2629 Plut.
893 2594 958 2629 vit.
979 2592 1113 2649 Pyrrhi
1137 2598 1245 2637 0.10,
1271 2592 1343 2650 qui
1362 2605 1446 2629 cum
1471 2591 1565 2629 dicit
1582 2591 1784 2628 καὶταῦτα

260 2640 460 2687 Κέρκυραν
488 2640 679 2687 ἔναγχος
705 2638 950 2687 ἀφῃρημένος
976 2638 1068 2686 μετὰ
1095 2641 1160 2685 τῆς
1184 2638 1389 2686 γυναικός,
1402 2640 1489 2676 huic
1512 2651 1634 2675 rerum
1657 2642 1783 2684 gesta-

259 2701 341 2723 rum
368 2689 489 2725 ordini
517 2689 616 2724 haud
641 2689 868 2725 adversatur.
914 2689 1075 2734 Corcyra
1099 2687 1214 2733 igitur
1239 2689 1422 2733 occupata
1440 2687 1648 2723 Demetrius
1667 2687 1782 2722 Athe-

259 2747 326 2770 nas
356 2736 477 2779 rediit‚
503 2739 546 2772 1112
570 2737 640 2772 1100
664 2737 786 2782 ipsum
814 2747 961 2771 carmen
987 2748 1020 2771 v.
1045 2739 1065 2770 3
1091 2735 1232 2770 indicat
1255 2734 1523 2771 Boedromione
1546 2745 1684 2777 mense,
1709 2745 1782 2778 quo

259 2782 450 2818 Eleusinia
475 2784 692 2829 agebantur,
719 2784 765 2818 ab
791 2782 1079 2819 Atheniensibus
1104 2782 1303 2818 honorifice
1328 2783 1518 2828 exceptus,
1543 2781 1656 2825 atque
1682 2780 1782 2816 haud

259 2831 314 2864 ita
340 2831 458 2866 multo
484 2834 573 2885 post·
600 2834 693 2876 puto
719 2842 800 2866 eum
828 2830 962 2876 Pythia
991 2829 1270 2873 instauravisse,
1302 2828 1460 2864 fortasse
1490 2839 1614 2863 mense
1639 2829 1782 2873 Pyane-

259 2877 406 2922 psione:
445 2889 530 2913 nam
563 2877 660 2914 iusto
690 2879 858 2924 tempore
889 2878 987 2913 hunc
1017 2878 1223 2913 mercatum
1255 2875 1412 2912 Athenis
1443 2875 1669 2911 celebratum
1701 2886 1781 2912 esse

258 2935 379 2968 neque
411 2925 612 2961 memoriae
646 2926 836 2971 proditum
867 2935 988 2970 neque
1013 2935 1080 2970 per
1103 2935 1142 2960 se
1166 2923 1353 2960 versimile
1389 2924 1463 2959 est:
1499 2921 1622 2958 hieme
1655 2925 1781 2959 autem
