1864 3126
751 177 1031 216 ANACREON.
1571 172 1656 217 267

789 264 858 307 41.
892 263 997 319 [39]

212 343 261 390 Ὁ
293 348 518 405 Μεγίστης
549 344 591 392 δ’
627 344 652 391 ὁ
685 346 925 405 φιλόφρων
957 345 1063 391 δέκα
1095 343 1151 403 δὴ
1183 347 1338 403 μῆνες,
1371 344 1467 389 ἐπεί
1495 360 1540 388 τε

221 420 526 476 στεφανοῦταί
551 435 596 463 τε
628 417 750 478 λύγῳ
782 417 855 463 κάὶ
887 416 1029 476 τρύγα
1059 420 1178 462 πίνει
1209 413 1432 474 μελιηδέα.

785 538 855 583 42.
889 539 996 593 [40.]

223 621 416 679 Καθαρῇ
450 617 492 665 δ’
527 621 576 666 ἐν
606 619 762 680 κελέβῃ
795 618 925 666 πέντε
956 637 1002 666 τε
1032 619 1106 665 καὶ
1139 628 1257 679 τρεῖς
1287 596 1601 678 ἀναχείσθωνίί

785 742 856 786 43.
888 743 996 797 [41.]

218 821 381 868 Πολιοὶ
413 823 495 881 μὲν
526 821 634 882 ἡμὶν
665 823 752 882 ἤδη
785 823 1004 883 κρόταφοι
1035 822 1148 882 κάρη
1179 839 1225 868 τε
1257 821 1439 880 λευκόν,

222 898 433 952 χαρίεσσα
459 893 501 940 δ’
538 893 692 940 οὐκέθ’
728 892 814 953 ἥβη
840 893 976 954 πάρα,
1001 893 1213 954 γηράλεοι
1240 892 1282 940 δ’
1311 893 1505 962 ὀδόντες.
1572 907 1660 939 1023

221 1016 442 1073 γλυκεροῦ
475 1012 516 1059 δ’
553 1013 699 1059 οὐκέτι
731 1013 896 1068 πολλὸς
926 1013 1084 1071 βιότου
1115 1013 1278 1072 χρόνος
1309 1013 1547 1059 λέλειπται·

221 1083 296 1131 διὰ
327 1083 450 1130 ταῦτ’
486 1084 776 1141 ἀνασταλύζω
807 1084 934 1144 θαμὰ
971 1084 1207 1145 Τάρταρον
1240 1084 1464 1140 δεδοικώς.

125 1228 371 1287 Herodianus,
396 1229 469 1266 vid.
496 1228 573 1267 Ioh.
600 1229 704 1286 Alex
726 1230 773 1266 de
798 1240 875 1267 acc.
897 1234 942 1266 21
969 1230 1076 1275 φ,ησί
1101 1226 1196 1275 ὅπερ
1221 1226 1335 1266 πάλιν
1360 1227 1557 1266 ἄποκοπὲν
1578 1226 1663 1273 ὀξύ-

126 1279 247 1313 νεται·
276 1274 317 1313 τὸ
343 1273 416 1323 γὰρ
442 1275 496 1324 φή
522 1274 608 1313 ἀντὶ
633 1277 700 1314 τοῦ
727 1279 830 1333 φησί.
884 1276 992 1321 Quod
1017 1277 1110 1314 olim
1136 1277 1225 1322 dixi,
1252 1288 1363 1324 posse
1387 1277 1482 1314 haec
1507 1277 1556 1314 ad
1582 1277 1662 1324 gly-

126 1335 326 1362 coneorum
351 1336 546 1362 numerum
571 1325 754 1362 revocari:

838 1371 893 1409 Σὲ
918 1371 990 1419 γάρ

626 1418 681 1467 φὴ
709 1418 918 1468 Ταργήλιος
943 1418 1131 1468 ἐμμελέως

625 1470 769 1505 δισκειν

127 1539 203 1576 iam
222 1541 395 1584 retracto,
410 1540 595 1585 siquidem
612 1539 806 1577 breviatae
826 1539 968 1578 formae
988 1540 1111 1576 solent
1129 1540 1371 1577 novissimum
1392 1551 1519 1576 versus
1537 1540 1663 1577 locum

126 1588 311 1624 obtinere:
339 1588 520 1624 Hesiodus
543 1588 671 1623 tamen
697 1588 820 1625 medio
847 1599 955 1625 versu
980 1587 1182 1624 collocavit
1205 1587 1274 1634 Op
1294 1591 1362 1624 529
1383 1589 1514 1624 δεικνυ
1535 1589 1574 1624 et
1594 1592 1661 1625 777

129 1635 174 1680 νῆ
201 1635 280 1681 (ubi
306 1647 402 1671 nunc
428 1639 491 1671 νεῖ
512 1635 681 1682 legitur),
714 1646 811 1680 quae
841 1636 982 1672 formae
1015 1636 1046 1672 si
1076 1600 1274 1682 paradosips
1300 1635 1449 1694 integra
1480 1637 1538 1671 est
1575 1647 1663 1680 apo-

128 1694 246 1729 copen
278 1684 487 1728 ostentant,
519 1694 641 1729 neque
676 1684 835 1729 possunt
871 1684 1045 1729 componi
1083 1695 1166 1719 cum
1198 1683 1362 1720 Aeolieis
1395 1682 1518 1742 γέλαι,
1550 1684 1662 1727 διδοι,

127 1731 479 1777 δοκίμοι,(;1101·11111
505 1730 653 1767 diversa
673 1732 730 1767 est
748 1730 865 1777 origo.
885 1752 932 1757 —
958 1731 1131 1767 Ceterum
1150 1728 1336 1767 Heokerss
1339 1729 1520 1777 μμενὲως,
1547 1731 1665 1767 Cobet

128 1779 294 1814 διοσκεῖν
320 1778 580 1815 coniecerunt:
603 1778 788 1826 Hartung,
814 1777 879 1824 qui
906 1776 960 1826 φὴ
987 1778 1081 1815 dicit
1098 1778 1195 1814 nihil
1219 1778 1323 1815 aliud
1341 1790 1454 1824 quam
1475 1777 1551 1825 ἔφη
1571 1790 1663 1824 esse,

127 1827 249 1862 δικεῖν
275 1826 432 1872 scripsit.

222 1897 279 1933 Fr.
306 1902 364 1934 41.
412 1896 549 1933 Athen.
580 1897 649 1934 XV
681 1898 812 1935 67113:
846 1895 921 1934 Δια
953 1899 994 1935 τί
1018 1895 1123 1955 παρὰ
1154 1898 1206 1945 τῷ
1239 1894 1343 1953 αὐτῷ
1381 1898 1516 1958 ποιητῇ
1549 1893 1662 1943 (Ἀνα-

127 1943 293 1991 κρέοντι)
328 1942 428 1993 λόγῳ
465 1943 566 1987 τινὲς
602 1946 903 2004 στεφανοῦνταις
928 1945 1036 2002 φησὶ
1073 1943 1146 1992 γὰρ
1180 1933 1223 1983 Zv
1254 1946 1304 1994 τῷ
1343 1935 1545 2003 δευτέρῳ
1576 1946 1664 1981 τῶν

128 1993 290 2040 μελῶν·
318 1981 561 2038 Μεγίσθης
586 1996 662 2031 κτλ.
706 1991 749 2030 Ο
778 1991 852 2039 γὰρ
883 1994 950 2040 τῆς
974 1990 1103 2051 λόγον
1121 1983 1310 2039 στέφανός
1334 1990 1476 2035 ἄτοπος
1500 1995 1576 2030 κτλ.
1626 1995 1666 2030 et·

129 2040 282 2077 eosdem
307 2051 436 2077 versus
456 2041 596 2086 repetit
614 2041 709 2087 ib.p
712 2041 869 2079 ,6731).
895 2063 943 2069 -
970 2041 1012 2078 V.
1035 2046 1065 2078 1.
1088 2038 1108 2078 ὁ
1134 2042 1304 2100 Μεγίστη
1309 2055 1326 2082 ς
1345 2040 1530 2086 Gaisford,
1550 2041 1664 2087 vulgo

129 2089 340 2134 Μεγίσθης,
365 2087 430 2123 sed
455 2087 486 2123 B
512 2090 780 2134 Μεγίστης.-
736 2086 889 2126 -ἕπεί
909 2102 947 2126 τε
967 2088 1058 2147 AB,
1085 2085 1203 2125 ἑπείτ’
1232 2088 1281 2135 B,
1307 2089 1420 2135 vulgo
1449 2069 1592 2134 ἐπειδή.
1620 2109 1664 2116 -

131 2136 174 2172 V.
199 2140 234 2172 2.
261 2149 299 2171 τε
326 2134 426 2182 λύγῳ
453 2135 493 2181 Ρ,
519 2136 633 2182 vulgo
658 2136 703 2184 τῇ
731 2134 832 2185 λύγῳ
865 2137 909 2182 (Β
934 2135 976 2173 λ’
956 2138 1060 2185 ογῳ).
1105 2137 1305 2173 Praeterea.
1334 2137 1457 2183 priore
1483 2137 1507 2171 1.
1535 2137 1562 2171 Ρ
1588 2149 1666 2172 στε-

129 2183 355 2229 φανοῦνται,
383 2184 410 2219 Β
437 2164 751 2230 ἐστεφανοῦνται,
776 2187 816 2221 et
834 2184 971 2222 deinde
990 2174 1086 2221 A‘BP
1104 2186 1267 2221 πίνουσι,
1305 2185 1416 2231 Resp.
1436 2184 1509 2220 huc
1528 2184 1664 2219 Athen.

130 2229 199 2267 XV
224 2234 293 2268 674
308 2233 339 2266 A
365 2233 404 2267 et
427 2231 521 2269 Poll.
547 2231 599 2267 VI
627 2236 705 2269 107.

225 2300 283 2336 Fr.
310 2304 367 2339 42.
417 2301 551 2339 Athen.
577 2303 611 2339 X
637 2303 763 2340 430D.
791 2299 833 2340 Ὁ
863 2300 903 2340 δ’
925 2300 1173 2350 Ἀνακρέων
1207 2301 1263 2339 ἔτι
1294 2300 1513 2348 ζωρότερον,
1541 2299 1583 2338 ἐν
1609 2300 1665 2344 οἷς

130 2349 240 2405 φησί·
267 2349 460 2397 Καθαρῇ
481 2352 556 2386 κτλ.
579 2371 620 2376 -
647 2349 761 2387 πέντε
781 2364 820 2387 τε
841 2351 1012 2395 Dindorf,
1038 2351 1152 2397 vulgo
1171 2350 1297 2387 πέντε.
1317 2371 1359 2377 -·
1389 2355 1499 2395 τρεῖς,
1524 2349 1557 2384 A
1576 2351 1663 2395 τρι’.ς

63 2420 65 2423 ’
130 2385 614 2488 3220‘2352‘1'351350‘333.
626 2395 1666 2492 3:¹“3051233552'2t310153¹32⁸3303¹¹2¹123⁰13332¹22P2522

130 2491 221 2527 ralis
253 2490 400 2527 numeri
438 2491 519 2527 vice
551 2491 617 2527 fun
671 2494 775 2537 ntur,
807 2493 882 2530 vid.
915 2494 1062 2530 Ahrens
1093 2494 1136 2530 D.
1168 2493 1254 2529 Dor.
1287 2497 1374 2539 296,
1413 2494 1451 2528 et
1482 2492 1590 2528 Hom.
1623 2491 1664 2530 11.
1720 2531 1724 2535 ,

132 2539 181 2575 IX
211 2543 278 2575 170
304 2536 457 2576 ἑπέσθω
490 2539 664 2575 110111111Ῑί
694 2551 762 2586 pro
789 2537 965 2577 ἑπέσθων
991 2541 1169 2588 legebant
1193 2521 1396 2596 (γράφεται
1414 2537 1456 2576 δὲ
1471 2539 1536 2575 καὶ
1578 2539 1667 2584 ωρὶς

130 2586 197 2622 τοῦ
223 2590 274 2632 ν),
311 2586 403 2623 item
428 2586 467 2622 in
489 2588 639 2623 vetusto
664 2586 778 2623 titulo
797 2588 1012 2634 Tegeatico,
1039 2600 1150 2634 quem
1170 2586 1369 2624 Klrchhoff
1385 2599 1424 2623 111
1442 2586 1576 2623 Anna.
1597 2588 1663 2623 Ac.

130 2633 252 2670 Berol.
280 2637 389 2678 1870,
416 2638 459 2670 51
476 2637 551 2680 seq.
584 2646 659 2670 non
694 2635 793 2671 recte
825 2634 981 2681 Spartae
1012 2635 1202 2672 vindicare
1236 2637 1391 2671 conatus
1417 2636 1483 2678 est,
1508 2632 1664 2680 pltiralis

130 2677 329 2718 ἅνελόσθω
355 2682 513 2718 eandem
538 2681 757 2728 clausulam,
782 2694 894 2728 quam
922 2682 1124 2729 singularis
1149 2679 1345 2719 α’νελὲσθω
1372 2683 1550 2719 ostentat.

226 2751 284 2788 Fr.
311 2756 367 2789 43.
419 2753 522 2791 Sbob.
549 2752 675 2790 Floril
697 2752 847 2789 CXVIII
869 2757 932 2790 13:
957 2751 1038 2789 Ἆνα
1041 2751 1227 2799 κρέοντος
1266 2752 1361 2789 Miro
1386 2752 1525 2789 iudicio
1550 2753 1672 2797 Rern<

131 2799 250 2846 hardy
269 2799 364 2837 Hist.
383 2800 473 2838 Litt.
493 2800 621 2837 Graec.
637 2800 670 2837 ΙΙ
691 2805 759 2837 500
773 2802 811 2838 et
824 2804 893 2837 503
912 2802 964 2847 (p.
978 2804 1049 2837 614
1063 2801 1119 2836 od.
1135 2802 1172 2846 2)
1192 2800 1263 2836 11οο
1284 2811 1433 2837 carmen
1452 2802 1663 2838 exmonacho

132 2847 357 2884 Anacreonti
381 2847 573 2885 subditum
605 2859 685 2906 esqe
711 2849 848 2885 censet.
882 2869 924 2874 —
958 2848 1001 2884 V.
1032 2852 1063 2884 1.
1094 2845 1145 2904 ἡμ
1119 2848 1183 2893 μὶν
1210 2848 1440 2894 Stephanus,
1470 2847 1542 2884 nisi
1571 2843 1663 2907 ἧμιν

133 2894 255 2952 1118118,
281 2896 395 2942 vulgo
418 2892 518 2941 ἡμῖν.
549 2917 593 2923 -
619 2893 717 2941 κάρη
742 2895 776 2931 A
803 2895 923 2941 Vind.,
947 2895 1064 2953 vulgo
1089 2892 1197 2940 κάρα.
1226 2915 1268 2921 —-
1294 2895 1334 2932 V.
1360 2899 1393 2931 2.
1420 2891 1573 2940 οὐκέθ’,
1599 2893 1663 2933 οὖ-

134 2937 213 2978 κέτ’
245 2922 519 2981 Schneidewin.
555 2965 594 2969 —
630 2944 673 2981 V
701 2949 733 2979 4.
766 2925 1027 2990 ἄνασταλύζω,
1057 2942 1186 2980 Arsen.
1213 2939 1465 2989 amomum,
1497 2924 1665 2991 Scaliger
