1864 3126
236 114 324 155 480
536 131 538 134 ⁴
798 111 988 148 POETAE
1014 112 1191 148 MELICI.

869 222 962 263 134.
996 220 1131 274 [190]

336 299 467 344 Τοῦτ’
502 299 580 344 ἀπὶ
622 301 879 357 δυσμενέων
913 300 1087 345 Μίδων
1119 303 1278 345 ναῦται
1311 299 1552 357 Διοδώρου

392 369 491 415 ὅπλ’
527 369 691 415 ἀνέθεν
724 376 867 415 Λατοῖ
895 371 1102 428 μνάματα
1133 374 1388 428 ναυμαχίας.

849 516 872 541 *
890 515 983 558 135.
1017 516 1151 568 [192]

284 631 286 635 ,
333 598 645 640 Παντοδαποὸν
678 594 859 653 ἀνδρῶν
889 594 1042 652 γενεὰς
1070 594 1214 646 Ἀσίας
1245 594 1331 639 ἀπὸ
1364 595 1509 653 χώρας

393 670 545 720 παῖδες
573 665 825 723 Ἀθηναίων
855 668 972 728 τῷδέ
1000 665 1096 711 ποτ’
1133 668 1181 711 ἐν
1212 665 1391 723 πελάγει

333 742 556 797 ναυμαχίᾳ
589 738 879 795 δαμάσαντες,
913 739 1004 783 ἐπεὶ
1037 736 1222 795 στρατὸς
1253 736 1389 782 ὤλετο
1423 737 1616 794 Μήδων,

393 809 565 866 σήματα
595 807 718 854 ταῦτ’
754 807 920 853 ἀνέθεν
951 810 1161 869 παρθένῳ
1191 807 1420 867 Ἀρτέμιδι.

243 964 351 998 detur
376 962 612 998 transtulisse
638 963 878 1008 Byzantium,
911 963 941 998 si
971 963 1062 998 fides
1089 965 1144 999 est
1170 962 1371 998 Sozomeno
1397 963 1483 998 hist.
1510 963 1641 999 eccles.
1666 962 1701 998 Π
1723 966 1764 998 5:

242 1010 307 1046 καὶ
333 1008 371 1045 οἵ
395 1007 436 1045 έν
463 1013 627 1055 Δελφοῖς
651 1012 826 1054 τρίποδες
857 1011 920 1046 καὶ
953 1007 973 1046 ὁ
1006 1009 1092 1045 »Πὰν
1125 1008 1144 1046 ὁ
1180 1008 1384 1057 βοώμενος,
1418 1006 1462 1045 ὃν
1494 1011 1715 1051 Παυσανίας
1746 1007 1767 1045 ὅ

241 1055 543 1102 Λακεδαιμόνιος
568 1057 632 1093 καὶ
658 1056 701 1093 αἱ
717 1055 931 1103 Ἑλληνίδες
962 1055 1090 1098 πόλεις
1121 1055 1308 1094 ἀνέθεντο
1341 1055 1434 1103 μετὰ
1467 1055 1532 1092 τὸν
1563 1054 1656 1101 πρὸς
1685 1054 1769 1102 Μή-

243 1107 332 1146 δους
358 1102 537 1149 πόλεμονε
564 1104 629 1139 ubi
655 1116 771 1150 prono
791 1117 912 1140 errore
932 1105 1138 1140 Pausaniae
1157 1105 1323 1140 vindicat
1341 1116 1435 1149 quae
1455 1105 1636 1140 Miltiadis
1655 1115 1769 1150 opera

241 1153 328 1188 fuit:
356 1164 474 1197 neque
500 1152 610 1187 aliter
637 1152 869 1198 Nicephorus
895 1153 980 1188 hist.
1003 1153 1091 1188 eccl.
1112 1152 1198 1187 V111
1219 1157 1282 1187 332
1309 1153 1373 1187 καὶ
1397 1150 1417 1187 ὁ
1445 1149 1579 1197 σεμνὸς
1606 1149 1648 1187 ἐκ
1674 1155 1766 1187 Δελ-

241 1200 326 1243 φῶν
350 1201 504 1244 τρίπους
528 1199 590 1234 καὶ
618 1197 637 1234 ὁ
672 1197 870 1245 διαβόητος
902 1197 1006 1243 Πάν,
1038 1195 1084 1235 ὃν
1116 1201 1336 1240 Παυσανίας
1368 1197 1460 1244 μετὰ
1495 1196 1558 1234 τὸν
1590 1196 1766 1243 Μηδικὸν

243 1244 407 1282 ἀνέθετο
433 1245 617 1291 πόλεμον
643 1258 730 1282 nam
756 1247 950 1282 Wieseleri
978 1247 1206 1291 coniectura,
1234 1247 1298 1292 qui
1322 1248 1482 1292 utroque
1512 1247 1594 1282 loco
1620 1244 1766 1281 Πύθων

239 1306 307 1339 pro
333 1291 419 1329 Πάν
447 1293 715 1329 restituendum
743 1296 878 1338 censet,
898 1306 1030 1339 parum
1056 1294 1289 1338 verisimilis3
1315 1293 1436 1328 minus
1461 1293 1573 1329 etiam
1596 1293 1770 1328 Welcker

240 1341 458 1386 audiendus,
485 1342 548 1386 qui
574 1341 690 1386 Myth.
718 1341 752 1375 II
778 1345 846 1376 812
881 1342 981 1386 apud
1014 1342 1258 1377 Sozomenum
1290 1341 1354 1376 καὶ
1387 1338 1406 1376 ὁ
1439 1337 1769 1386 παμβοώμενος

243 1390 423 1434 (τρίπους)
450 1389 649 1434 legendum
676 1387 803 1424 suasit.

335 1460 463 1505 Epigr.
493 1463 570 1494 134.
621 1459 708 1494 Plut
733 1460 778 1494 de
806 1459 941 1494 Herod.
962 1460 1114 1505 malign.
1135 1471 1165 1495 c.
1186 1464 1249 1495 39:
1277 1457 1472 1504 Διοδώρου
1500 1458 1542 1494 δέ
1567 1472 1667 1500 τινος
1690 1459 1764 1494 τῶν

240 1508 459 1552 Κορινθίων
484 1507 716 1551 τριηραρχῶν
743 1504 785 1542 ἐν
811 1505 898 1552 ἱερῷ
925 1508 1070 1552 Λητοῦς
1096 1504 1319 1553 ἀναθήμασι
1351 1505 1538 1552 κειμένοις
1569 1506 1634 1542 καὶ
1658 1507 1768 1542 τοῦτο

203 1555 207 1564 ’
242 1552 529 1599 ἐπιγέγραπται·
572 1550 710 1588 Ταῦτ’
750 1557 824 1589 κτλ.
861 1554 1012 1589 Anthol.
1041 1554 1117 1589 Pal.
1150 1554 1202 1589 VI
1234 1558 1320 1589 215:
1352 1555 1385 1589 A
1416 1554 1484 1589 τοῦ
1520 1550 1639 1591 αὐτοῦ
1677 1555 1768 1599 (Σι-

240 1603 476 1647 μωνίδου)·
515 1602 607 1636 item
638 1600 671 1635 A
696 1597 881 1647 ἀνάθημα
917 1602 960 1648 τῇ
998 1605 1120 1646 Λητοῖ
1144 1598 1247 1646 παρὰ
1285 1602 1446 1637 ναυτῶν.
1499 1600 1680 1636 Simonidi
1704 1612 1770 1636 cur

241 1649 496 1684 abiudicemus
527 1647 623 1683 nihil
655 1659 785 1683 causae
817 1651 889 1684 est:
926 1659 1046 1694 neque
1073 1649 1171 1685 enim
1202 1649 1321 1684 ταῦτα
1352 1661 1386 1684 v.
1415 1653 1434 1683 1
1470 1648 1592 1683 malae
1629 1647 1770 1683 fraudis

241 1697 307 1731 aut
330 1696 499 1731 noviciae
526 1695 679 1740 originis
706 1696 954 1741 suspicionem
980 1699 1116 1732 movet.
1168 1697 1240 1731 Sed
1271 1696 1493 1731 Plutarchus
1518 1696 1590 1730 hoc
1619 1705 1768 1740 quoque

242 1744 473 1789 epigramma
512 1754 585 1779 non
621 1742 809 1788 integrum
845 1743 992 1778 videtur
1026 1743 1280 1789 adscripsisse,
1313 1744 1417 1778 deest
1453 1742 1654 1785 distichon,
1693 1753 1767 1787 quo

240 1792 353 1836 poeta
384 1791 572 1835 exposuit,
607 1801 702 1834 quae
740 1790 923 1825 Diodorus
962 1790 1116 1835 eiusque
1152 1790 1287 1825 nautae
1324 1791 1363 1825 in
1399 1801 1527 1835 pugna
1565 1788 1769 1825 Salaminia

241 1839 389 1873 strenue
415 1837 606 1882 gesserint.
634 1857 678 1862 —
706 1837 749 1871 V.
779 1841 808 1872 1.
843 1836 1076 1883 δυσμενέων,
1110 1838 1189 1873 cod.
1215 1838 1292 1872 Pal.
1320 1836 1552 1883 δυσαμένων.
1587 1857 1631 1862 -—
1664 1835 1707 1872 V.
1733 1839 1766 1871 2.

242 1882 387 1920 ἀνέθεν
422 1884 632 1928 Blomfield,
671 1885 838 1928 Boeckh‚
875 1885 1038 1929 Dobree,
1072 1886 1186 1930 vulgo
1222 1882 1430 1929 ἀνέθεντο,
1464 1885 1636 1929 Hartung
1672 1880 1769 1918 ὅπλα

242 1930 364 1967 θέσαν
390 1931 556 1976 requirit.
584 1951 627 1957 —
654 1933 876 1976 ναυμαχίας,
902 1932 1000 1967 Plut.
1026 1932 1247 1977 ναυμαχίης.

338 2002 463 2047 Epigr.
492 2005 570 2036 135.
621 2001 717 2036 Plut.
740 2001 786 2037 de
807 2001 980 2037 Herodot.
1002 2002 1157 2047 malign.
1178 2013 1209 2037 c.
1230 2005 1291 2037 34:
1319 1999 1414 2036 Εἶτα
1440 1998 1629 2036 πιστεύειν
1655 1997 1763 2042 ἄξιον

244 2047 363 2096 τούτῳ
390 2046 575 2094 γράφοντι
599 2048 686 2093 περὶ
710 2045 850 2093 ἀνδρὸς
875 2045 897 2093 ἢ
924 2046 1066 2089 πόλεως
1091 2049 1195 2094 μιᾶς,
1229 2044 1271 2088 ὃς
1302 2044 1359 2083 ἑνὶ
1391 2045 1527 2093 ῥήματι
1558 2045 1598 2083 τὸ
1625 2048 1767 2092 νίκημα

242 2098 307 2142 τῆς
327 2095 505 2137 Ἑλλάδος
531 2093 752 2140 ἀφαιρεῖται
778 2095 842 2130 καὶ
867 2093 908 2131 τὸ
935 2094 1116 2138 τρόπαιον
1142 2098 1330 2140 καθαιρεῖ
1353 2095 1416 2130 καὶ
1451 2093 1518 2135 τὰς
1543 2091 1769 2151 ἐπιγραφάς,

243 2140 289 2185 ἃς
315 2143 450 2179 ἔθεντο
478 2142 580 2189 παρὰ
606 2144 650 2190 τῇ
674 2140 854 2188 Ἀρτέμιδι
878 2144 920 2190 τῇ
949 2141 1154 2192 Προσηώᾳ,
1180 2140 1327 2188 κόμπον
1353 2139 1563 2186 ἀποφαίνει
1587 2141 1654 2177 καὶ
1678 2144 1768 2176 αλα-

244 2193 412 2235 ζονείανς
442 2189 518 2236 ἔχει
544 2189 586 2226 δὲ
614 2188 710 2226 οὕτω
736 2188 777 2225 τὸ
806 2188 1038 2236 ἐπίγραμμα’
1067 2190 1386 2225 Παντοδαπῶν
1411 2192 1485 2225 κτλ.
1534 2189 1636 2224 Idem
1663 2186 1770 2224 affert

244 2240 309 2275 vit.
337 2239 575 2274 Themistocl.
603 2250 631 2274 c.
659 2242 701 2282 9,
734 2237 799 2272 ubi
824 2250 858 2272 v.
885 2243 903 2272 1
927 2234 1042 2283 Ἀσίης
1067 2240 1106 2273 et
1130 2251 1163 2273 v.
1190 2242 1212 2273 3
1238 2238 1426 2283 ναυμαχίῃ
1457 2237 1613 2282 legitur,
1644 2235 1769 2280 priore

243 2286 326 2322 loco
349 2283 465 2326 Ἀσίας
490 2289 527 2321 et
551 2286 743 2333 ναυμαχίᾳ
776 2296 870 2329 quae
901 2286 1085 2321 revocavi.
1112 2306 1156 2310 —
1183 2285 1226 2319 V.
1252 2289 1284 2319 4.
1321 2281 1467 2319 ἀνέθεν
1494 2283 1638 2329 scripsi,
1670 2283 1769 2327 lege-

243 2334 354 2368 batur
381 2332 534 2375 ἔθεσαν,
560 2344 655 2376 quae
681 2331 917 2367 librariorum
943 2334 1000 2367 est
1025 2332 1214 2376 correctio,
1239 2343 1323 2367 eum
1346 2331 1510 2376 vulgaris
1535 2331 1657 2366 forma
1681 2325 1768 2364 ἀνέ-

243 2383 366 2416 θεσαν
398 2379 542 2416 tradita
574 2382 690 2424 essct,
722 2390 817 2424 quae
850 2391 976 2415 versus
1009 2391 1162 2415 numero
1197 2378 1424 2414 adversatur.
1475 2374 1634 2423 Σήματα
1659 2378 1770 2422 poeta

245 2428 361 2473 pilam
399 2429 437 2462 et
474 2427 627 2462 titulum
664 2426 884 2471 inscriptum
923 2426 1031 2470 dicit,
1069 2438 1143 2462 non
1188 2423 1404 2471 ἐπιγραφήν
1442 2425 1519 2460 sive
1556 2421 1768 2470 γράμματα,

245 2486 470 2520 quamquam
496 2471 645 2520 σήματα
671 2474 771 2519 apud
797 2474 998 2509 Homerum
1024 2474 1169 2519 antiqui
1193 2473 1417 2518 interpretes
1436 2471 1475 2507 in
1495 2473 1593 2506 hunc
1617 2469 1769 2506 modum

245 2522 480 2567 interpretati
506 2523 601 2564 sunt,
629 2522 723 2556 adde
749 2521 929 2556 Phaniam
955 2521 1066 2556 Anth.
1093 2522 1132 2556 P.
1154 2521 1202 2555 VI
1224 2524 1294 2555 295
1321 2518 1438 2565 ἕργμα
1463 2531 1502 2554 τε
1527 2519 1629 2558 λείας
1653 2529 1767 2562 σαμο-

247 2568 362 2611 θέτω,
389 2569 453 2604 sed
477 2569 516 2604 in
542 2569 657 2614 epigr.
684 2568 853 2603 Romano
875 2567 984 2604 CIGr.
1004 2568 1055 2603 III
1076 2571 1167 2603 6222
1193 2568 1433 2612 καρπαλίμως
1457 2563 1602 2611 γράψαι
1627 2562 1766 2609 σημήϊα

248 2617 383 2652 δίπλοα
410 2616 539 2661 φωνῆς
558 2613 735 2655 Ἑλλάδος
761 2608 804 2650 εὖ
833 2613 943 2655 εἰδὼς
967 2612 1035 2660 ἠδὲ
1062 2615 1127 2650 καὶ
1152 2611 1343 2650 Αὐσονίων
1369 2615 1476 2649 notas
1495 2611 1767 2656 tachygrapho-

246 2676 326 2698 rum
348 2663 421 2699 dici
441 2667 541 2698 reete
561 2662 750 2708 perspexit
770 2662 932 2705 Bonada,
953 2662 1265 2707 quemadmodum
1285 2662 1342 2696 est
1367 2661 1405 2695 in
1427 2659 1617 2706 epitaphio
1636 2657 1769 2704 Agrip-

245 2711 391 2754 pinensi
417 2710 463 2746 CI
488 2710 604 2746 Rhen.
631 2714 700 2745 323
726 2711 801 2744 iam
826 2710 951 2745 doetus
975 2711 1017 2745 in
1042 2710 1252 2754 compendia
1280 2708 1348 2743 Tot
1379 2708 1567 2742 literarum
1598 2709 1630 2741 et
1653 2706 1767 2740 nomi-

246 2768 333 2792 num
368 2758 509 2792 Notare
539 2758 701 2792 cua-renti
730 2757 831 2799 stilo,
864 2756 958 2801 Quot
995 2758 1124 2802 linqua
1158 2766 1307 2792 cua-rens
1337 2755 1477 2790 diceret.
1512 2773 1556 2779 —-
1582 2753 1769 2788 Simonidi

247 2804 281 2839 h.
309 2816 364 2849 ep.
398 2804 642 2850 probabiliter
678 2803 884 2838 vindicavit
922 2803 1197 2846 Schneidewin3
1234 2802 1353 2838 ταῦτα
1389 2811 1510 2845 neque
1549 2800 1610 2835 hic
1647 2810 1767 2843 neque

248 2862 303 2894 op.
334 2855 399 2885 134
426 2851 618 2887 offensioni
644 2853 710 2886 est.
