1864 3126
217 149 304 192 202
520 179 522 183 .
780 147 972 184 ΡΟΕΤΑΕ
997 147 1175 188 MELICI.

275 258 324 300 αι’
351 255 433 313 μὲν
464 255 616 300 λευκαὶ
648 258 773 299 ἔασιν
806 257 941 312 ἰδεῖν,
972 256 1022 298 αἱ
1051 252 1092 298 δ’
1127 249 1232 302 αὖτε
1263 254 1483 311 μέλαιναι·

274 326 498 372 ἀθάνατοι
530 327 583 371 δέ
609 324 648 370 τ’
684 327 839 370 ἐοῦσαι
870 324 1272 383 ἀποφθινύθουσιν
1303 326 1479 370 ἅπασαι.

217 454 398 502 ἕκοῖστων,
425 457 503 494 cod.
530 456 609 493 Pal.
637 452 786 503 ἕκοῖστῃ.
814 477 856 482 —
883 455 927 491 V.
954 459 986 491 2.
1013 454 1071 495 δὶς
1094 452 1294 501 τριήκοντα
1319 455 1399 491 cod.
1425 455 1521 499 Pal„
1553 454 1611 496 δὶς
1634 452 1737 500 τριά-

216 518 332 541 κοντα
357 504 465 549 Diog.
492 504 587 550 (cod.
612 504 710 540 Mon.
730 501 957 548 τριήκοντα),
982 499 1184 548 τριάκοντα
1205 503 1304 538 Suid.
1325 502 1431 547 Eud„
1456 500 1555 547 κάρα
1571 502 1738 548 (κοῦραι)

219 548 402 597 ἑξήκοντα
429 551 530 587 Stob.
563 572 607 577 —
639 551 697 586 Ad
723 550 942 587 Cleobulum
966 549 1123 585 fortasse
1148 549 1262 586 etiam
1288 549 1364 585 alia
1389 549 1611 595 aenigmata,
1642 559 1738 594 quae

217 609 402 645 anonyma.
426 598 568 634 tradita
593 599 690 643 sunh,
714 597 917 642 referenda,
943 597 1027 633 vide
1053 608 1148 642 quae
1167 597 1243 633 dixi
1271 597 1474 633 Commenta.
1501 597 1546 632 de
1566 595 1738 633 Comoed.

141 680 147 685 ,
216 647 294 682 Att.
322 650 472 692 p.¹112.
506 666 549 671 —
581 645 749 690 Denique
779 646 946 690 fuerunt,
979 644 1043 689 qui
1075 644 1122 679 ad
1155 644 1373 680 Cleobulum
1403 644 1583 680 referrent
1614 642 1738 679 nobile

216 694 310 729 illud
348 693 580 740 epigramma
615 692 654 727 in
692 691 815 728 Midae
848 692 1035 737 sepulcro,
1073 691 1173 736 quod
1209 692 1321 737 vulgo
1360 691 1519 727 Homero
1550 690 1739 735 tribuitur,

214 741 344 785 Χαλκῆ
371 738 565 785 παρθένος
590 738 665 785 εἰμὶ
690 742 779 786 κτλ.,
803 740 877 775 vid.
903 738 1011 784 Diog.
1032 739 1071 774 L.
1093 738 1109 772 Ι
1128 741 1184 783 89,
1211 739 1276 774 sed
1300 738 1554 774 testimonium
1580 737 1737 774 Simoni-

218 789 287 832 dis,
313 799 385 832 quo
411 787 469 823 illi
493 788 551 822 usi
577 788 674 831 sunt,
706 787 924 823 adversatur
954 786 1040 821 huic
1066 785 1319 829 coniecturae,
1353 785 1437 821 vide
1469 796 1563 830 quae
1589 785 1665 820 dixi
1691 785 1739 820 ad

218 835 356 871 Simon.
381 835 423 872 fr.
452 838 509 879 57,
535 834 599 870 sed
624 833 717 869 illud
744 835 885 870 cerium
917 835 973 869 est
1004 832 1222 869 Cleobulum
1256 832 1440 868 consimili
1470 833 1739 878 epigrammate

217 882 405 919 ornavisse
436 883 718 918 monumentum
750 880 919 926 aliquod,
952 880 1052 925 quod
1086 879 1235 924 quidem
1268 880 1498 925 epigramma
1530 879 1738 915 Simonides

216 931 283 965 sub
310 940 461 965 examen
488 930 609 965 vocat.
637 949 679 955 -
706 929 762 963 Ex
786 928 943 975 gnomis,
971 939 1063 973 quas
1087 927 1297 963 Demetrius
1322 927 1522 962 Phalereus
1549 938 1607 972 ap.
1636 925 1738 962 Stob.

215 977 267 1012 ΙΙΙ
295 981 338 1013 79
370 977 418 1012 ad
449 975 667 1012 Cleobulum
699 976 829 1019 refert,
860 977 1009 1020 praeter
1041 974 1166 1010 nobile
1196 974 1290 1010 illud
1322 972 1502 1018 Μέτρον
1534 971 1738 1018 ἄριστον,

218 1024 263 1060 de
289 1035 362 1069 quo
387 1024 473 1060 vide
498 1024 660 1059 Leubsch
691 1024 858 1059 Paroem.
886 1022 921 1057 II
953 1026 995 1058 81
1027 1023 1127 1066 (nam
1157 1020 1509 1067 Pseudophocylidis
1540 1032 1668 1056 versus
1693 1024 1739 1056 36

216 1068 369 1106 πάντων
395 1070 530 1117 μέτρον
563 1067 732 1114 ἄριστον·
765 1067 992 1118 ὑπερβασίαι
1017 1067 1054 1104 δ’
1082 1065 1279 1114 ἄλεγειναί
1305 1069 1336 1104 si
1368 1079 1413 1103 ex
1444 1068 1596 1113 antiquo
1629 1069 1742 1113 poeta

214 1118 364 1164 petitus,
388 1118 437 1154 ad
462 1118 701 1162 Phocylidem
726 1117 847 1163 ipsum
871 1116 1013 1162 potius,
1039 1128 1151 1162 quam
1177 1116 1226 1152 ad
1253 1115 1471 1151 Cleobulum
1496 1115 1739 1161 referendus),

214 1177 452 1201 numerorum
477 1165 638 1210 vestigia
664 1164 988 1210 deprehenduntur
1012 1163 1051 1199 in
1076 1175 1149 1199 uno
1175 1163 1509 1209 apophthegmasse:

358 1236 518 1272 Γυναικὶ
542 1233 591 1282 μὴ
618 1234 825 1282 μάχεσθαι,
851 1233 945 1282 μηδὲ
973 1235 1218 1280 σωφρονίζειν

357 1280 559 1329 ἀλλοτρίων
585 1281 822 1330 παρεόντων·

356 1328 398 1367 τὸ
425 1329 494 1377 μὲν
518 1328 590 1377 γὰρ
616 1328 746 1376 ἄνοια,
772 1327 814 1366 τὸ
841 1326 877 1365 δ’
905 1324 961 1365 αὖ
986 1330 1126 1375 μανίαν
1151 1327 1311 1364 δύναται
1336 1327 1527 1374 παρέχειν.

215 1402 268 1438 sic
287 1402 387 1437 enim
405 1402 554 1438 videtur
573 1401 820 1445 scribendum,
845 1401 909 1436 sed
934 1400 1046 1436 lectio
1072 1400 1163 1436 satis
1187 1399 1341 1444 incerta,
1366 1410 1453 1434 nam
1472 1401 1515 1434 ut
1532 1398 1613 1434 fieri
1632 1398 1739 1444 solet,

215 1450 357 1485 dictum
381 1449 452 1485 hoc
471 1450 656 1486 variatum
678 1450 717 1484 et
739 1449 993 1492 immutatum,
1023 1447 1178 1493 apparet
1202 1447 1312 1492 enim,
1337 1447 1380 1482 ut
1403 1446 1480 1482 alia
1503 1445 1737 1492 praetermit-

214 1499 305 1542 tam,
338 1497 431 1532 alios
464 1508 537 1532 non
563 1497 820 1542 σωφρονίζειν,
851 1495 914 1531 sed
940 1497 1260 1540 φιλοφρονεῖσθαι
1284 1494 1535 1539 usurpavisse:
1567 1493 1739 1529 videntur

214 1546 339 1580 autem
364 1543 404 1579 hi
428 1543 601 1580 versiculi
627 1543 792 1579 eiusdem
818 1541 971 1589 originis
997 1543 1106 1587 atque
1132 1553 1243 1587 supra.
1266 1541 1309 1576 fr.
1333 1545 1364 1577 1.
1415 1541 1576 1576 Numero
1602 1540 1634 1575 si
1653 1551 1738 1576 con-

215 1591 421 1636 sulendum,
447 1604 481 1627 v.
508 1596 529 1626 3
555 1591 704 1635 μανᾶν
728 1591 752 1627 i.
780 1602 810 1626 e.
844 1590 984 1636 μανιᾶν
1009 1600 1077 1635 pro
1110 1590 1250 1634 μανίαν
1280 1588 1399 1634 possis
1424 1587 1599 1632 scribere,
1625 1598 1737 1632 quam

214 1638 318 1674 verbi
343 1637 502 1674 formam
526 1638 677 1674 Lobeck
701 1639 832 1673 Rhem.
858 1641 927 1673 260
951 1637 990 1672 in
1014 1636 1141 1672 Photii
1165 1636 1284 1672 lexico
1309 1634 1475 1681 agnovit.
1525 1634 1738 1680 Scripturae

215 1687 356 1731 quanlza
381 1686 431 1721 sit
455 1684 725 1731 discrepantia,
755 1685 882 1720 videre
913 1685 1019 1728 licet,
1051 1684 1082 1723 si
1107 1683 1312 1729 Diogenem
1344 1694 1427 1718 cum
1454 1682 1614 1718 Sbobaeo
1639 1693 1738 1718 com-

213 1732 400 1779 posueris:
433 1733 533 1791 apud
562 1733 669 1778 Diog.
701 1732 718 1766 I
750 1736 793 1767 92
825 1732 979 1777 legitur:
1010 1730 1162 1777 γυναικὶ
1193 1728 1243 1789 ξἰὴ
1276 1732 1610 1775 φιλοφρονεῖσθαι,
1643 1727 1738 1775 μηδὲ

215 1777 424 1826 μάχεσθαι,
451 1781 654 1825 αλλοτρίων
678 1777 894 1823 παρόντων·
926 1777 968 1814 τὸ
995 1777 1064 1824 μὲν
1089 1777 1160 1824 γὰρ
1186 1790 1333 1822 ανοιαν,
1364 1775 1406 1812 τὸ
1434 1775 1476 1812 δὲ
1509 1778 1647 1823 μανίαν
1675 1788 1737 1821 ση-

216 1828 377 1874 μαίνειν,
403 1828 444 1863 at
469 1827 650 1863 Stobaeus
668 1826 764 1862 Flor.
785 1826 838 1860 III
859 1830 902 1862 79
922 1826 1016 1862 haec
1035 1826 1185 1861 auctore
1203 1823 1394 1860 Demetrio
1414 1824 1593 1860 Phalereo
1613 1822 1738 1859 affert:

214 1874 367 1920 γυναικὶ
393 1872 442 1920 μὴ
464 1872 667 1920 μάχεσθαι,
693 1870 781 1920 μηδ’
803 1870 903 1919 ἄγαν
929 1877 1086 1918 φρονεῖν
1113 1873 1189 1918 (ΑΒ
1211 1872 1470 1917 σωφρονίζειν,
1495 1871 1559 1907 sed
1579 1881 1623 1906 ex
1645 1881 1737 1906 corr.

215 1923 385 1966 uterque)
407 1949 414 1955 .
436 1949 443 1956 .
466 1950 473 1957 .
499 1919 715 1966 παρόντων·
741 1917 782 1956 τὸ
810 1920 879 1966 μὲν
903 1917 975 1966 ’γάρ
1002 1917 1079 1955 ἔστι
1104 1918 1240 1966 χέρῃον
1265 1921 1312 1964 (A
1336 1916 1408 1964 γὰρ
1433 1916 1560 1964 ἄνοια,
1585 1918 1614 1953 Β
1641 1929 1664 1953 a
1688 1930 1736 1952 m.

215 1980 286 2004 sec.
313 1970 351 2004 et
370 1980 499 2015 margo
519 1967 627 2004 Gesn.
648 1966 720 2013 γὰρ
739 1965 901 2011 ἄνοιαν),
926 1965 967 2001 τὸ
989 1965 1031 2002 δὲ
1052 1967 1192 2012 μανίαν
1211 1964 1370 2002 δύναται
1390 1964 1569 2011 παρέχειν
1594 1968 1737 2011 (margo

215 2017 324 2052 Gesn.
351 2016 488 2061 μανίαν
514 2016 712 2061 σημαίνει).
760 2013 933 2060 Hartung
958 2013 1110 2059 γυναικὶ
1135 2011 1326 2059 μάχεσθαι
1346 2015 1351 2055 Ι
1369 2010 1463 2071 μήτε
1490 2015 1738 2057 φιλοφρονεῖν

217 2063 303 2109 δεῖΙ
325 2059 526 2108 ἀλλοτρίων
552 2060 786 2108 παρεόντων·
810 2063 815 2107 Ι
838 2059 879 2096 τὸ
905 2060 974 2106 μὲν
1000 2058 1071 2106 γὰρ
1097 2057 1247 2106 ἄνοιαν,
1272 2058 1313 2095 τὸ
1340 2061 1363 2095 δ
1407 2053 1456 2094 αὖ
1481 2060 1620 2105 μανίαν
1647 2056 1736 2104 ἔχει.

216 2110 318 2146 Idem
344 2110 517 2156 Hartung
542 2109 655 2146 eiiam
682 2108 879 2155 epistolam
906 2108 1086 2151 Cleobuli‚
1112 2119 1207 2153 quae
1231 2108 1358 2152 fertur,
1384 2118 1442 2153 ap.
1464 2106 1571 2152 Diog.
1591 2106 1609 2140 I
1627 2109 1672 2141 93
1698 2105 1737 2140 in

214 2169 341 2193 versus
365 2157 532 2193 heroicos
556 2156 724 2202 redigere
750 2157 904 2192 conatus
929 2157 996 2192 est..
