1864 3126
0 335 9 354 μ

781 127 1056 165 SIMONIDES.
1595 125 1683 167 483

786 238 877 281 138.
914 238 1050 292 [198.]
1593 247 1682 278 1165

251 306 470 353 Ελλάνων
501 304 696 365 ἀρχαγὸς
727 306 819 351 ἐπεὶ
851 306 1043 365 στρατὸν
1074 304 1212 351 ὤλεσε
1246 304 1421 363 Μήδων

305 381 582 434 Παυσανίας,
617 381 771 439 Φοίβῳ
803 375 940 435 μνᾶμ’
976 376 1172 435 ἀνέθηκε
1204 376 1318 422 τόδε.

722 474 816 506 -*
834 475 927 518 139.
983 474 1079 518 195.

240 543 456 599 Ἑλλάδος
485 543 737 604 εὐρυχόρου
768 476 978 603 σωτῆρες[
991 476 1116 589 τόνδ’
1151 542 1402 601 ἀνέθηκαν,

305 615 586 674 δουλοσύνης
616 618 833 674 στυγερᾶς
863 614 1108 674 ῥυσάμενοι
1140 614 1307 668 πόλιας.

152 743 328 796 ἐβούλετο
352 746 455 791 Ath„
481 743 626 793 ἐμήσαο
650 747 699 784 Μ.
725 746 907 783 Schmidt.
935 767 979 785 -ι-
1005 743 1066 783 δῖ’
1091 742 1305 793 Ἀφροδίτα,
1338 758 1397 794 ap.
1426 747 1550 784 Schol.
1578 748 1682 785 Vrat.

150 794 181 831 D
207 795 275 831 δῖα
297 797 449 832 θεοῖσιν
477 791 574 840 Ἅφρ.
606 794 704 831 uude
734 794 887 831 Boeckh
918 794 1013 831 coni.
1046 796 1112 830 δῖα
1136 793 1280 832 θεάων.
1315 816 1357 821 -
1391 794 1434 831 V.
1462 800 1494 832 4.
1521 792 1683 842 Μήδοις,

149 842 237 879 Ath.
264 840 441 888 Πέρσαις.
468 863 510 870 --
537 839 740 891 προδόμεν,
768 842 890 879 Sehol.
918 838 1088 889 δόμεναι.

244 889 373 937 Epigr.
401 893 479 926 138.
530 890 646 927 Thuc.
672 890 689 926 1
717 893 803 926 132:
829 889 905 926 Καὶ
929 885 987 926 ὅτι
1012 886 1048 934 (ὁ
1075 891 1311 936 Παυσανίας)
1338 888 1401 926 ἐπὶ
1425 888 1493 926 τὸν
1518 889 1680 936 τρίποδα

152 950 243 975 ποτε
269 934 337 974 τὸν
362 935 406 982 ἐν
431 940 506 974 Δελ
540 941 613 982 οῖς,
638 933 685 973 ὃν
710 933 907 974 ἀνέθεσαν
933 934 974 973 οἱ
991 933 1170 982 Ἕλληνες
1194 934 1272 974 ἀπὸ
1297 938 1373 974 τῶν
1398 935 1546 983 Μήδων
1571 936 1684 984 ἄκρο-

151 987 294 1043 ςίνιον,
313 982 479 1042 ᾒξίωσεν
515 982 802 1043 ,πιχρᾶψασθαί
819 982 938 1035 αὐτὸς
961 984 1044 1042 ζδίᾳ
1069 982 1111 1021 τὸ
1141 983 1306 1031 ἐλεγεῖον
1331 982 1438 1022 τόδε·
1459 983 1684 1042 Ἑλλήνων

150 1045 354 1125 ἕκίἄέἔῦἕξ
368 1032 490 1122 ἔὲἔές
502 1030 1000 1125 ἵέἔὲςὲὲἔλὲοέοτὲῗέοέἴέ
1011 1029 1215 1116 τῖῗῑὶζειὲἔι
1232 1031 1685 1127 οἶπέγῖέῗέἰμὲἷίἶῖαἷῗὶ

149 1125 219 1169 τὰς
247 1124 392 1174 πόλεις,
425 1123 513 1164 ὅσαι
549 1128 855 1173 ξυγκαθελοῦσαι
891 1125 959 1164 τὸν
998 1125 1191 1174 βάρβαρον
1224 1126 1384 1173 ἔστησαν
1416 1128 1458 1164 τὸ
1497 1125 1684 1174 ἀνάθημα

149 1175 238 1258 grue
262 1176 378 1212 etiam
402 1174 557 1221 respicit
580 1175 683 1211 idem
707 1173 760 1210 111
785 1176 857 1221 57).
908 1174 1112 1211 Simonidis
1144 1186 1222 1211 esse
1255 1175 1488 1221 epigramma
1520 1176 1685 1212 ostendit

179 1233 307 1260 aunan.
333 1223 384 1258 III
409 1226 443 1268 8,
468 1226 509 1259 22
526 1218 608 1259 ’Ότι
632 1219 704 1268 γὰρ
730 1219 780 1269 μὴ
806 1223 850 1270 τῇ
877 1223 1048 1271 Κυνίσκᾳ
1073 1221 1115 1259 τὸ
1139 1220 1356 1269 ἐπίγραμμα
1383 1220 1560 1268 ἐποίησεν
1580 1219 1684 1264 ὅστις

148 1267 196 1316 δὴ
222 1270 287 1306 καὶ
313 1268 368 1306 ἔτι
392 1270 577 1316 πρότερον
602 1271 805 1319 Παυσανίᾳ
831 1267 872 1306 τὸ
901 1267 960 1306 ἐπὶ
988 1272 1039 1306 τῶ
1060 1271 1209 1317 τρίποδι
1234 1272 1451 1316 Σιμωνίδης
1475 1272 1525 1318 τῷ
1547 1268 1685 1307 ἀνατε-

147 1316 259 1354 θέντι
292 1314 331 1359 ἔς
361 1316 554 1364 Δελφούς,
591 1314 680 1354 ἄλλο
713 1316 757 1354 δέ
787 1330 830 1363 γε
867 1315 970 1363 παρὰ
1002 1305 1143 1362 ἆνδρός
1173 1319 1333 1362 ποιητοῦ
1365 1320 1683 1364 Λακεδαιμονίων

151 1369 230 1406 τοῖς
255 1366 470 1414 βασιλεῦσιν
496 1362 611 1401 οὐδέν
639 1363 738 1400 ἐστιν
766 1362 805 1406 ἐς
829 1363 990 1412 μνήμην.
1034 1364 1190 1411 Legitur
1214 1366 1330 1401 etiam
1350 1377 1410 1411 ap.
1430 1366 1624 1402 Demosth.
1645 1365 1684 1401 in

149 1412 282 1449 Neuer.
308 1416 365 1449 9¹1.
392 1412 581 1449 Plutarch.
607 1413 654 1448 de
672 1411 810 1448 Herod.
830 1413 915 1449 mal.
937 1423 967 1450 c.
993 1417 1049 1448 42.
1089 1413 1348 1448 Aristodemus
1373 1425 1409 1458 p.
1437 1417 1507 1449 355
1534 1413 1686 1451 Wesch.

148 1459 262 1496 Anth.
288 1459 367 1496 Pal.
395 1459 447 1496 VI
476 1464 541 1496 197
568 1459 615 1505 (A
634 1461 682 1494 Σι
712 1460 869 1496 ωνίδου·
894 1459 987 1496 item
1006 1461 1040 1495 A
1059 1457 1247 1505 ἀνάθημα
1276 1460 1344 1495 τῶι
1360 1457 1556 1496 Ἀπόλλωνι
1578 1463 1683 1496 Παυ-

151 1507 297 1553 σανίου,
322 1507 388 1543 sed
413 1520 458 1542 ου
483 1506 523 1543 in
547 1518 637 1551 ras„
674 1473 710 1543 g
727 1506 788 1557 εἰς,
806 1508 1048 1553 Παυσανίαν)
1086 1507 1151 1543 ubi
1189 1504 1309 1543 ὤλεσα
1341 1509 1380 1543 et
1411 1505 1588 1553 ἀνέθηκα
1613 1511 1683 1552 est,

154 1554 255 1592 Suid.
276 1567 311 1590 v.
331 1555 571 1599 Παυσανίας,
595 1555 766 1601 Apostol.
790 1553 857 1590 VII
880 1559 914 1600 9,
940 1555 975 1591 d.
1020 1555 1074 1592 Cf.
1095 1554 1211 1591 etiam
1228 1555 1366 1600 Nepot.
1387 1555 1453 1591 vit.
1473 1555 1581 1591 Paus.
1602 1567 1633 1592 c.
1653 1560 1683 1591 1.

154 1601 326 1649 Respicit
349 1601 502 1638 Aristid.
528 1601 563 1637 11
587 1605 668 1639 234.
713 1601 835 1648 Ipsius
859 1602 1092 1639 monumenti
1116 1602 1328 1638 Herodotus
1355 1614 1503 1648 quoque
1528 1604 1686 1639 mentio-

153 1659 239 1686 nem
266 1649 356 1686 fecit
380 1649 431 1685 IX
457 1652 521 1686 81:
547 1646 857 1696 συμφορήσαντες
882 1648 925 1686 δὲ
951 1648 998 1686 τὰ
1024 1648 1195 1696 χρήματα
1221 1650 1286 1686 καὶ
1312 1648 1476 1695 δεκάτην
1497 1648 1686 1694 ἐξελόντες

153 1697 205 1746 τῷ
231 1693 274 1734 ἐν
299 1700 484 1743 Δελφοῖσι
507 1697 609 1746 θεῷ,
641 1693 712 1733 ἀπ’
739 1691 784 1742 ἧς
809 1694 829 1732 ὁ
861 1698 1015 1743 τρίπους
1041 1694 1061 1733 ὁ
1088 1694 1244 1743 χρύσεος
1276 1694 1442 1743 ἀνετέθη
1476 1695 1495 1734 ὁ
1531 1695 1594 1734 ἐπὶ
1618 1699 1685 1734 τοῦ

154 1742 382 1791 τρικαρήνου
408 1741 520 1790 ὄφιος
545 1745 612 1780 τοῦ
637 1742 797 1791 χαλκέου
825 1742 1010 1786 ἐπεστεώς
1033 1742 1193 1791 ἄγχιστα
1218 1746 1285 1781 τοῦ
1305 1745 1445 1792 βωμοῦ.
1485 1745 1534 1782 Et
1552 1757 1686 1782 aureus

157 1791 308 1837 quidem
341 1791 463 1838 tripus
493 1803 517 1828 a
547 1791 818 1836 Phocensibus,
851 1804 936 1828 cum
966 1793 1190 1838 Delphicum
1220 1792 1405 1838 templum
1432 1793 1685 1839 diripuissent,

155 1839 355 1884 conflatus,
395 1840 560 1876 aheneus
591 1842 718 1876 autem
749 1839 860 1875 draco
898 1851 922 1875 a
951 1840 1195 1877 Constantino
1226 1839 1449 1886 Byzantium
1483 1841 1686 1876 translatus

157 1887 245 1932 (huc
275 1887 428 1934 respicit
457 1887 572 1923 etiam
604 1887 727 1924 Schol.
760 1887 928 1934 Thucyd.
962 1886 1097 1935 ἔλαβον
1129 1886 1168 1923 οἷ
1191 1885 1382 1934 Ῥωμαίων
1415 1889 1591 1935 βασιλεῖς,
1622 1888 1686 1924 καὶ

153 1932 373 1981 μετέθηκαν
399 1931 463 1971 ἐπὶ
486 1931 553 1970 τὸν
579 1932 813 1980 ἴπποδρόμον
837 1935 904 1971 τοῦ
924 1937 1145 1980 Βυζαντίου)
1170 1933 1340 1980 quamvis
1358 1937 1550 1972 truncatus
1571 1935 1687 1972 etiam

154 1993 251 2018 nunc
283 1984 468 2028 superest,
501 1983 540 2018 et
570 1993 689 2029 nuper
726 1983 877 2018 demum
909 1983 1093 2019 sociorum
1123 1984 1275 2018 nomina
1306 1982 1500 2019 columnae
1532 1984 1685 2019 striatae

156 2029 276 2066 ineisa
305 2030 344 2065 in
374 2029 496 2065 lucem
521 2029 696 2066 restituta.
721 2032 823 2066 sunt:
855 2031 1004 2077 copiose
1035 2031 1245 2077 disputavit
1270 2030 1316 2066 de
1348 2031 1421 2067 hoc
1445 2032 1685 2067 monumento

154 2076 196 2114 Ο.
221 2076 331 2113 Frick
363 2076 403 2113 in
434 2077 557 2112 Iahnii
588 2077 722 2113 Annal.
749 2076 877 2123 Suppl.
910 2078 963 2114 111
988 2081 1057 2114 487
1079 2090 1200 2123 seqq„
1233 2078 1299 2114 sed
1331 2089 1405 2114 non
1431 2082 1533 2114 recte
1559 2081 1687 2114 censet

151 2135 304 2160 aureum
340 2125 490 2160 tantum
526 2124 689 2161 lebetem
725 2124 777 2160 im
806 2126 943 2161 ositum
981 2125 1096 2161 fuisse
1128 2125 1332 2162 draconum
1370 2126 1577 2171 capitibus;
1615 2126 1687 2160 fuit

155 2170 255 2207 enim
279 2182 411 2207 revera.
435 2171 484 2207 tri
512 2183 555 2207 us
583 2183 726 2217 aureus,
752 2172 766 2207 i
812 2173 911 2217 quod
932 2173 1048 2209 etiam
1067 2173 1251 2208 Wieseler
1269 2173 1472 2208 arbitratur
1491 2173 1544 2218 (in
1564 2173 1686 2208 Iahnii

154 2218 290 2254 Annal.
323 2218 473 2254 LXXXI
517 2218 632 2254 -Xc
662 2231 697 2264 p.
732 2223 802 2255 242
828 2223 938 2265 seq.):
977 2231 1066 2256 sane
1097 2220 1299 2265 incertum,
1331 2231 1404 2265 quo
1436 2222 1547 2265 pacto
1573 2220 1685 2255 draeo

157 2276 241 2301 cum
272 2265 420 2320 tripode
451 2265 566 2302 fuerit
596 2267 845 2303 consociatus:
877 2267 1062 2304 Wieseler
1097 2268 1190 2303 duas
1215 2268 1411 2313 proposuit
1441 2267 1686 2311 coniecturas,

155 2313 248 2348 mihi
274 2312 425 2358 qmdem
457 2313 642 2367 posterior
674 2313 836 2350 maxime
867 2315 1074 2361 probabilis
1106 2315 1262 2351 videtur.
1292 2335 1341 2353 ‚—
1375 2314 1594 2359 Pausaniae,
1621 2315 1685 2359 qui

157 2359 388 2397 Simonidem
413 2371 474 2406 epi
520 2371 644 2396 amma
668 2360 804 2397 fecisse
827 2362 1000 2407 testatur,
1025 2362 1138 2398 fidem
1158 2363 1315 2407 derogat
1335 2362 1479 2406 Kaibel,
1506 2362 1683 2406 quoniam

155 2407 693 2500 flisqss‘ssiffrfflyfflrssiossiq'ssi
730 2408 1687 2492 onssfflffssenssiipffissm'ssssffimadffiiss⁰220?

154 2503 234 2547 tur,
278 2503 492 2538 constanter
529 2501 690 2538 auctoris
730 2513 865 2539 nomen
904 2484 1058 2540 ’silentio
1095 2505 1344 2550 praetereunt.
1407 2503 1541 2539 Kaibel
1585 2503 1687 2547 dicit,

156 2548 345 2586 distichon
369 2549 520 2587 omnino
546 2548 742 2595 indignum
774 2561 855 2586 esse
881 2550 1084 2595 Simonide,
1116 2551 1181 2596 qui
1213 2551 1244 2587 si
1276 2551 1346 2587 hoc
1372 2551 1579 2586 Pausaniae
1605 2561 1687 2595 gra?

155 2597 318 2634 tificatus
355 2598 470 2642 esset,
501 2607 639 2652 ‚graves
670 2597 961 2634 Atheniensibus
1001 2610 1142 2645 poenas
1179 2599 1332 2652 daturus
1376 2597 1516 2634 fuisset.
1585 2597 1687 2652 Idem

155 2645 876 2736 {353’3232205521322232355355312
888 2645 1689 2738 {zmffifffsz’fflssffizsssff..53212233

158 2739 363 2783 distichon,
395 2739 567 2784 quamvis
599 2738 739 2775 invitus
763 2738 933 2786 largitur,
960 2739 1162 2776 Simonidis
1188 2740 1262 2775 iam
1290 2739 1497 2785 antiquitus
1518 2740 1586 2775 hos
1606 2751 1688 2776 ver-

159 2786 296 2822 siculos
321 2785 524 2823 attributos
550 2797 639 2822 esse.
667 2807 711 2812 —
741 2786 781 2823 V.
811 2791 842 2822 1.
869 2784 1061 2822 Ἑλλάνων
1087 2783 1253 2832 ἀρχαγὸς
1284 2788 1324 2822 et
1348 2799 1381 2822 v.
1408 2791 1429 2822 2
1465 2784 1584 2833 μνᾶμ’
1613 2790 1688 2823 An-

159 2833 265 2877 thol..
290 2833 426 2879 reliqui
439 2830 627 2880 Ἑλλήνων
647 2829 811 2887 ἀρχηγὸς
830 2835 870 2869 et
888 2830 1016 2880 μνῆμ’.
1046 2855 1088 2860 -
1117 2834 1160 2870 V.
1181 2838 1214 2869 2.
1234 2831 1334 2878 τόδε,
1360 2845 1430 2871 om.
1453 2834 1485 2869 V
1504 2846 1564 2881 ap.
1585 2834 1687 2870 Suid.

253 2880 379 2927 Epigr.
410 2885 489 2917 139.
538 2881 645 2917 Diod.
679 2880 752 2917 Slc.
784 2880 836 2916 XI
862 2885 927 2917 33:
967 2880 1018 2917 Οῖ
1053 2880 1096 2917 δὲ
1122 2878 1299 2927 Ἕλληνες
1330 2878 1372 2918 ἐκ
1405 2882 1479 2917 τῶν
1509 2880 1689 2928 λαφύρων

1332 2940 1404 2976 31*
