1864 3126
216 174 272 217 70
549 205 551 208 .
779 174 972 210 ΡΟΕΤΑΕ
997 174 1173 211 MELICI.

215 282 350 338 ἐπειδὴ
378 283 654 326 ναυτικώτατοι
680 286 721 326 οἱ
742 287 892 338 Κρῆτες
917 284 1112 339 ἐγένοντο·
1139 285 1326 338 μέμνηται
1350 284 1490 339 ταύτης
1515 283 1742 338 Ἀλκαῖος,

217 353 264 389 ut
294 353 375 391 utri
406 352 503 391 fides
537 352 590 390 sit
620 351 814 402 habenda,
845 352 1011 391 nescias.

867 491 1101 545 116.[62]

337 576 502 616 Aristid.
533 577 574 615 II
608 579 709 616 272:
737 573 838 616 Ἀλλ’
874 570 980 628 ’όμως
1010 575 1061 616 ἐῶ
1091 579 1211 617 ταῦτα
1242 574 1455 626 Πλάτωνος
1485 575 1614 631 χάριν·
1647 577 1742 618 ἔστω

215 639 262 681 τὸ
293 638 552 694 γειτόνημα
583 637 814 693 ἁλμυρόν,
847 638 900 690 ὥς
931 643 1168 693 φησιν,ἰιὶ)ἱ
1200 643 1328 683 Schol.
1361 644 1405 683 Τ.
1437 643 1499 682 III
1533 645 1635 683 635:
1661 638 1743 683 ‘Aa-

216 703 344 759 μυρὸν
374 703 600 759 γειτόνημα”
627 703 799 758 Ἀλκμὰν
830 703 850 746 ὁ
877 704 1034 759 λυρικὸς
1064 710 1181 763 τοῦτον
1202 703 1326 747 εἶπεν·
1358 704 1444 747 ἀντὶ
1468 710 1538 748 τοῦ
1563 708 1601 748 τί
1621 704 1744 748 κακόν

215 771 318 811 ἐστιν
348 772 501 826 γείτονα
531 771 632 824 ἔχειν
662 768 734 824 τὴν
764 768 989 823 θάλασσαν,
1026 767 1052 824 ἢ
1085 769 1144 812 ’ὅτι
1174 769 1199 824 ἡ
1232 772 1331 821 λέξις
1362 770 1599 825 Πλατωνική
1629 772 1743 814 ἔστιν.

218 837 276 877 Cf.
302 837 483 888 Apostol.
509 838 549 876 Π
578 840 643 877 23.
669 838 810 877 Arsen.
837 839 892 876 43
922 833 1137 892 (Ἆλμυρὸν
1160 834 1356 891 γειτόνημ’
1391 837 1554 890 ἕμβλεπε
1578 834 1745 892 πόρρω).

869 977 1104 1030 117.[15]

336 1064 480 1103 Athen.
523 1064 542 1102 I
581 1066 633 1103 31
670 1064 717 1102 C:
751 1059 921 1114 Ἀλκμάν
957 1077 1036 1103 που
1073 1059 1257 1115 ἄπυρον
1296 1053 1430 1104 οἶνον
1468 1063 1534 1103 καὶ
1571 1061 1747 1112 ἄνθεος

217 1125 423 1168 ὄσδοντά
449 1141 547 1180 φησι
572 1125 638 1169 τὸν
670 1128 712 1168 ἐκ
738 1127 884 1167 Πέντε
923 1125 1099 1180 λόφων,
1131 1124 1175 1176 ὅς
1205 1127 1282 1168 ἐστι
1312 1125 1430 1177 τόπος
1461 1125 1645 1181 Σπάρτης
1676 1125 1747 1169 άπ-

218 1192 321 1245 έχων
354 1190 492 1233 στάδια
524 1190 618 1234 ἔπτὰ
651 1190 690 1248 (ξ
723 1189 773 1246 C)
803 1191 869 1232 καὶ
899 1187 968 1232 τὸν
999 1192 1042 1232 ἐκ
1073 1190 1376 1245 Δενθιάδων,
1409 1191 1599 1246 ἐρύματός
1628 1210 1747 1245 τινος,

218 1257 284 1298 καὶ
315 1254 410 1312 (om.
441 1260 495 1310 D3
527 1261 650 1299 verba
680 1257 745 1298 καὶ
776 1254 844 1298 τὸν
875 1257 918 1297 ἐκ
948 1254 1156 1309 Καρύστου
1190 1290 1199 1298 .
1219 1290 1227 1298 .
1249 1292 1257 1299 .
1285 1255 1493 1310 Ἀρκαδίας
1525 1261 1588 1299 hic
1626 1259 1745 1300 collo-

219 1325 325 1364 cavit
349 1325 514 1375 Person,
545 1326 667 1375 vulgo
693 1325 884 1375 leguntur
909 1325 1001 1373 post
1025 1320 1273 1378 Σταθμίταν)
1299 1321 1368 1364 τὸν
1399 1323 1449 1364 ἐκ
1481 1320 1747 1377 Καρύστου,

218 1385 262 1437 ’ὅς
293 1388 370 1429 ἐστι
410 1390 577 1441 πλησίον
609 1385 835 1440 Ἀρκαδίας,
878 1387 944 1428 καὶ
986 1385 1055 1428 τὸν
1097 1388 1136 1436 ἐξ
1183 1390 1447 1437 Οἰνοῦντος
1489 1388 1554 1429 καὶ
1594 1386 1662 1430 τὸν
1707 1389 1746 1439 ἕξ

216 1450 447 1507 Ὀνόγλων
478 1453 544 1493 καὶ
576 1456 823 1505 Σταθμῶν.
856 1454 979 1506 χωρία
1011 1452 1053 1493 δὲ
1083 1456 1220 1505 ταῦτα,
1257 1448 1304 1494 τὰ
1335 1453 1402 1494 καὶ
1433 1450 1576 1507 (verba
1604 1449 1651 1494 τὰ
1681 1454 1747 1495 καὶ

217 1521 336 1570 plane
368 1521 536 1560 delenda
567 1515 786 1572 videntur),
816 1519 982 1570 πλησίον
1013 1516 1206 1571 Πιτάνης·
1245 1518 1343 1571 φησὶ
1373 1521 1488 1573 γοῦν·
1526 1514 1674 1560 Οἶνον
1705 1511 1742 1559 δ’

223 1581 578 1629 Οἰνουντιάδαν
622 1581 936 1638 (Οἰνουντιάδην
973 1587 1112 1637 vulgo,
1153 1581 1418 1626 Οἰνουντιάδα
1448 1586 1493 1624 Β.
1555 1585 1604 1624 cf.
1640 1586 1748 1625 Plut.

219 1651 289 1690 vit.
321 1651 415 1701 Lyc.
449 1646 513 1704 6)·
550 1645 575 1701 ἢ
610 1648 790 1689 Δένθιν
826 1645 851 1701 ἢ
884 1647 1155 1702 Καρύστιον
1186 1646 1451 1702 ἢ’Όνογλιν
1481 1645 1506 1700 ἢ
1539 1650 1746 1701 Σταθμί-

219 1730 313 1755 ταν.
345 1711 501 1766 ἄπυρον
534 1711 575 1754 δὲ
601 1709 684 1753 εἶπε
708 1708 778 1753 τὸν
804 1709 875 1766 οὐχ
900 1713 1119 1766 ἕψημένον’
1151 1714 1316 1767 ἐχρῶντο
1342 1709 1418 1767 γὰρ
1443 1712 1587 1765 ἑφθοῖς
1611 1714 1747 1763 οἴνοις.

220 1776 443 1831 Καρύστιον
475 1774 586 1819 οἶνον
617 1792 665 1817 ex
696 1779 886 1818 Alcmane
918 1780 1035 1818 affert
1066 1780 1208 1820 Strabo
1239 1780 1275 1818 X
1306 1781 1405 1830 446,
1438 1779 1548 1818 Eust.
1574 1779 1620 1818 ΙΙ,
1649 1782 1746 1829 281,

225 1848 290 1894 10,
325 1845 461 1894 Steph.
493 1845 588 1894 Byz.
618 1858 654 1884 v.
687 1839 906 1896 Κάρυστος,
938 1844 1037 1883 illud
1068 1847 1202 1884 autem
1239 1841 1387 1892 ἄνθεος
1425 1840 1594 1884 ὅσδοντα
1631 1845 1748 1884 affert

221 1911 335 1949 Eust.
370 1911 496 1959 1449,
527 1911 577 1947 12
612 1911 652 1948 et
679 1910 804 1960 1633,
827 1910 893 1947 51.
935 1910 1013 1949 Pro
1031 1906 1213 1963 Ὄνογλιν
1241 1910 1502 1949 Oasaubonus
1523 1906 1748 1962 Ὀνογλίταν

221 1976 416 2025 probante
447 1973 658 2024 Meinekio,
690 1973 759 2013 sed
790 1976 927 2012 tuetur
958 1976 1171 2024 paradosin
1205 1976 1395 2026 Hesych.:
1423 1971 1608 2028 Ὀνίγλιν·
1641 1971 1745 2024 εἶδος

221 2039 347 2090 οἴνου,
379 2039 447 2090 qui
478 2039 555 2077 huc
585 2039 747 2088 respicit
778 2039 899 2078 etiam
931 2053 959 2078 s.
992 2055 1028 2080 v.
1060 2038 1219 2088 Δένθις.
1280 2041 1406 2079 Poeta.
1444 2041 1535 2079 fort.
1569 2041 1745 2091 scripsit:

508 2128 631 2173 Οἶνον
663 2129 700 2172 δ’
738 2128 869 2186 (αἰνῆ
878 2131 919 2187 ν)
955 2131 1245 2175 Οἰνουντιάδαν

503 2194 530 2250 ἢ
562 2196 715 2237 Δένθιν
743 2193 768 2250 ἢ
802 2196 1026 2252 Καρύστιον
1055 2197 1141 2252 ἤτοι
1161 2197 1347 2252 Ὄνογλιν

505 2259 530 2315 ἢ
563 2263 792 2315 Σταθμίταν
822 2259 848 2316 ἢ
876 2260 916 2304 ’κ
946 2263 1070 2305 Πέντε
1101 2261 1241 2316 λόφων

505 2325 663 2380 ἅπυρόν
693 2343 732 2368 τε
762 2328 828 2369 καὶ
858 2326 1006 2379 ἄνθεος
1037 2326 1190 2370 ὅσδοντ’
1227 2361 1236 2369 .
1256 2361 1265 2368 .
1286 2360 1295 2369 .

222 2425 316 2463 Fuit
347 2424 455 2462 haud
488 2424 607 2463 dubie
639 2424 733 2464 olim
757 2423 900 2464 ,Ροῖνον
931 2428 972 2464 et
1001 2421 1283 2466 ,Ροινοντιάδαν
1314 2425 1516 2475 scriptum.
1577 2424 1638 2463 De
1669 2425 1745 2464 ori-

221 2490 314 2541 gine
345 2488 452 2528 vocis
485 2483 592 2536 οἶνός
622 2489 735 2529 varia
765 2490 977 2529 commenti
1009 2493 1103 2530 sunt
1126 2491 1265 2539 nostri,
1295 2490 1397 2530 alius
1429 2490 1547 2528 aliter
1578 2489 1745 2539 primor-

223 2555 288 2593 dia
318 2554 481 2594 humani
511 2555 671 2605 generis
703 2554 754 2593 ad
785 2567 900 2594 suum
939 2556 1151 2596 arbitrium
1189 2556 1444 2604 exornantes,
1481 2553 1632 2593 scilicet
1668 2568 1747 2595 non

220 2620 599 2670 animadverterunt,
631 2614 739 2668 οἶνος
769 2616 939 2672 οἰνώδης
969 2621 1037 2672 qui
1068 2621 1267 2674 diceretur
1297 2620 1347 2660 ab
1380 2619 1634 2669 Hippocrate.

942 2758 1038 2802 118.

341 2850 507 2889 Aristid.
540 2851 579 2889 II
612 2852 715 2890 508:
747 2845 937 2901 Ἑτέρωθι
967 2849 1103 2890 τοίνυν
1132 2845 1466 2901 καλλωπιζόμενος
1502 2846 1596 2901 παρ’
1637 2846 1746 2898 ὅσοις

225 2910 429 2966 εὐδοκιμεῖ
455 2911 679 2968 (Ἀλκμάν),
709 2917 876 2955 τοσαῦτα
906 2913 971 2954 καὶ
1001 2916 1159 2954 τοιαῦτα
1188 2913 1289 2966 ἔθνη
1320 2912 1535 2967 καταλέγει,
1568 2908 1657 2954 ὥστ’
1692 2913 1746 2954 ἔτι

1755 511 1826 544 864
