1864 3126
0 0 148 256 Γ
767 145 933 182 SIMONI
939 145 1039 183 DES.
1577 145 1664 188 529

0 283 15 327 ἔ,
135 272 255 315 μουσι
293 256 368 313 τὴν
410 255 531 301 νύκτα
570 289 581 300 .
601 290 609 300 .
631 292 639 300 .
681 258 923 312 Στησίχορον
964 256 1006 298 δὲ
1048 254 1069 300 ὃ
1101 258 1330 312 Σιμωνίδης
1370 254 1666 311 πεντεφῦλακον

137 323 262 380 φησὶν
291 321 555 367 ὑποτίθεσθαι
586 320 658 378 τὴν
689 320 822 365 νύκτα.
883 325 949 364 Ita.
979 325 1139 376 scripsi,
1177 325 1268 365 vide
1299 325 1349 365 ad
1381 324 1484 366 Stes.
1515 326 1564 366 fr.
1597 326 1664 365 55.

819 440 906 484 219
927 439 976 484 Β.

266 528 451 569 Scholion
493 528 688 568 ineditum
732 527 895 567 Pindari
933 524 992 566 Ol.
1032 526 1111 566 VII
1159 530 1214 568 24
1258 529 1342 570 cod.
1386 529 1500 568 Vrat.
1538 528 1574 567 A
1618 527 1667 567 de

133 593 373 644 Astydamia
404 592 626 644 Tlepolemi
656 594 802 632 matre:
842 589 1018 632 ἐνταῦθα
1049 590 1093 632 δὲ
1118 588 1356 646 Ἀμύντορος
1387 590 1513 646 αὐτήν
1544 604 1669 645 φησιν

135 653 157 699 ὃ
197 658 418 710 Πίνδαρος,
460 653 699 711 (Ἡσίοδος
739 653 788 696 δὲ
825 655 903 696 καὶ
935 658 1215 711 Σιμωνίδης
1253 655 1501 712 Ὀρμενοῦ·
1543 656 1669 706 τινὲς

0 718 6 725 ’
61 736 63 738 ·
135 721 207 774 δέ,
238 719 309 763 ὅτι
340 717 362 763 ὅ
394 717 665 776 Πίνδαρος).
696 719 803 775 παρὰ
834 724 914 763 τῶν
944 719 1041 763 κατὰ
1071 720 1144 776 τὴν
1174 721 1291 765 πόλιν
1321 725 1465 779 λογίων
1495 722 1669 778 ἤκουσεν

128 783 413 841 Ἀμυντορίδας
443 783 543 828 εἶναι
567 783 746 837 Ῥοδίους
777 783 986 841 μητρόθεν.
1049 789 1231 830 Gerhard
1268 791 1408 842 verba,
1446 803 1547 842 quae
1579 803 1670 830 can-

134 855 246 894 cellis
279 854 397 905 sepsi,
427 854 718 905 praetermisit3
750 867 795 894 sc
820 866 924 894 nunc
950 854 1172 894 Mommsen
1197 856 1335 897 eadem
1361 856 1485 896 verba
1511 869 1558 895 ex
1583 854 1669 896 cod.

134 920 413 970 Ambrosiam,
444 919 550 958 unde
580 919 803 970 descriptus
828 918 955 970 Vrat,
985 918 1179 971 vulgavit,
1209 920 1287 959 nisi
1319 920 1425 972 quod
1455 921 1514 960 ibi
1544 915 1670 967 εἰκός

139 982 196 1035 δέ,
226 980 286 1025 ὅτι
314 984 483 1035 legitur,
515 984 621 1035 quod
652 997 742 1024 cum
774 997 893 1025 sensu
924 996 1081 1023 cassum
1113 985 1187 1036 sit,
1218 985 1407 1026 librarius
1439 986 1524 1026 cod.
1556 986 1669 1024 Vrat.

139 1063 219 1090 non
248 1050 390 1090 inscite
420 1046 522 1097 τινὲς
553 1050 775 1100 substituit,
801 1051 870 1090 sed
895 1051 1028 1100 potius
1053 1063 1199 1090 nomen
1223 1051 1392 1090 alicuius
1418 1051 1671 1102 grammatici

139 1115 356 1164 delitescit,
400 1116 536 1166 itaque
575 1110 896 1168 ’Ἀριστόνικος
936 1116 1031 1155 olim
1075 1108 1267 1166 scriptum
1309 1116 1435 1156 fuisse
1479 1116 1669 1166 suspicor.

138 1180 217 1221 Pro
243 1176 433 1234 Ὀρμενοῦ
465 1193 538 1220 scr.
565 1175 804 1233 Ὀρμένου.

768 1297 867 1341 220.
899 1298 1038 1352 [101.]

258 1383 396 1434 Steph.
426 1383 538 1435 Byz.:
561 1379 764 1432 Ἄκανθος
790 1414 799 1423 .
819 1414 828 1423 .
849 1414 859 1424 .
883 1382 962 1436 ἔστι
991 1382 1059 1424 καὶ
1088 1379 1114 1437 ἡ
1141 1380 1400 1437 Ἀθαμανίας.
1430 1381 1473 1426 τὸ
1506 1381 1672 1426 ἐθνικὸν

137 1448 207 1499 τῆς
232 1443 436 1488 Ἀκάνθου
472 1443 702 1496 Ἀκάνθιος·
739 1446 779 1496 ἐξ
815 1440 865 1488 οὗ
901 1447 968 1488 καὶ
1003 1451 1193 1502 παροιμία
1228 1445 1488 1498 Ἀκᾶνθιος
1526 1448 1671 1499 τέττιξ

139 1510 205 1552 ἐπὶ
233 1514 313 1553 τῶν
344 1508 539 1564 ἇφῶνων·
570 1515 740 1554 τοιοῦτοι
769 1508 846 1566 γὰρ
877 1513 920 1553 οἱ
945 1515 1014 1566 τῆς
1043 1510 1172 1568 χώρας
1202 1514 1382 1570 τέττιγες,
1414 1510 1468 1563 ὧς
1497 1516 1672 1567 Σιμωνί-

140 1577 226 1630 δης.
287 1577 347 1619 Cf.
379 1578 522 1619 Arsen.
554 1580 653 1620 444.
685 1580 868 1630 Apostol.
899 1578 996 1618 XVI
1028 1581 1098 1620 33.
1128 1581 1399 1633 Paroemiogr.
1422 1581 1464 1620 II
1495 1595 1533 1632 p.
1566 1583 1606 1622 5.

769 1695 868 1738 221.
900 1695 1038 1749 [102]

0 1768 9 1813 ἶ
257 1781 403 1822 Athen.
434 1781 476 1821 Π
508 1783 565 1822 40
579 1781 634 1821 A:
664 1777 751 1822 “On
789 1780 1020 1834 Σιμωνίδης
1060 1778 1135 1835 τὴν
1177 1778 1304 1835 αὐτὴν
1346 1779 1474 1837 ἀρχὴν
1514 1784 1674 1838 τίθησιν

6 1845 14 1857 ’
140 1844 254 1886 οἴνου
283 1844 351 1886 καὶ
381 1848 582 1900 μουσικῆς.

769 1951 867 1995 222.
901 1949 1034 2008 [197]

259 2035 366 2076 Plut.
396 2036 466 2076 vit.
498 2036 690 2077 Themist-
722 2050 752 2078 ο.
788 2040 830 2077 1:
870 2033 928 2077 ὅτι
968 2035 1099 2089 μέντοι
1139 2040 1210 2079 τοῦ
1249 2039 1494 2091 Λυκομιδῶν
1531 2038 1673 2093 γένους

143 2104 287 2154 μετεῖχε
318 2097 636 2156 (Θεμιστοκλῆς),
668 2098 787 2155 δῆλός
817 2100 911 2142 ἐστι·
941 2098 985 2142 τὸ
1009 2099 1096 2156 γὰρ·
1114 2105 1267 2158 Φλυῇσι
1291 2101 1546 2157 τελεστήριον,
1578 2102 1673 2157 ὅπερ

139 2158 192 2218 ἦν
222 2166 466 2218 Λυκομιδῶν
495 2163 652 2218 κοινόν,
690 2165 919 2220 ἐμπρησθὲν
949 2163 1028 2208 ὑπὸ
1059 2170 1138 2208 τῶν
1178 2165 1413 2222 βαρβάρων,
1457 2166 1573 2218 αὐτὸς
1604 2168 1672 2208 ε’π-

146 2227 329 2271 εσκεύασε
366 2230 432 2271 καὶ
470 2235 643 2286 γραφαῖς
673 2228 884 2285 ἐκόσμησε,
926 2228 979 2281 ὦς
1019 2234 1249 2286 Σιμωνίδης
1280 2231 1492 2287 ἱστόρηκεν.
1555 2235 1675 2274 Haud

144 2296 263 2335 dubie
294 2296 336 2335 in
366 2297 671 2346 Fffliyrammate,
705 2297 812 2348 quod
842 2298 883 2337 in
914 2299 1194 2339 Themistoclis
1226 2312 1343 2340 usum
1374 2299 1606 2350 composuit.

175 2394 252 2458 ἢ
861 2413 962 2457 223.

264 2499 415 2538 Himer.
453 2497 518 2539 Or.
550 2498 697 2538 XXIX.
742 2497 823 2538 Kal
866 2499 1071 2554 Σιμωνίδῃ
1114 2498 1182 2540 καὶ
1224 2501 1450 2578 Βακχυλίδῃ
1493 2517 1519 2552 η
1562 2495 1675 2548 πόλις

146 2560 230 2619 (Κέ
237 2560 316 2619 ως)
347 2559 618 2604 ἕσπουδασται.

777 2680 874 2723 224.
908 2681 1044 2735 [129.]
1701 2693 1791 2727 1197

267 2766 483 2806 Herodian.
513 2767 556 2805 in
592 2766 721 2807 Boiss.
750 2767 827 2806 An.
858 2766 920 2805 III
953 2769 1056 2807 250:
1090 2761 1166 2814 Ὡς
1206 2763 1262 2819 δὴ
1304 2762 1392 2820 ἐγὼ
1430 2768 1542 2823 γελᾷ
1583 2763 1674 2820 (BD

147 2826 264 2886 γελῶ)
294 2827 401 2883 παρὰ
437 2833 491 2887 τῷ
530 2833 675 2887 λυρικῷ
706 2831 930 2885 Σιμωνίδῃ·
961 2827 1005 2871 τὸ
1035 2826 1110 2884 γὰρ
1142 2827 1230 2884 ἐγώ
1262 2827 1419 2884 πρώτου
1450 2830 1528 2872 ἐστὶ
1557 2843 1675 2884 προσ-

149 2891 280 2946 ώπου,
315 2891 358 2936 τὸ
395 2893 439 2936 δὲ
481 2898 591 2951 γελᾷ
630 2896 775 2948 τρίτου·
821 2892 921 2936 διότι
962 2896 1099 2944 τοίνυν
1134 2893 1322 2950 ἐπήνεγκε
1360 2899 1413 2953 τῷ
1452 2894 1591 2954 πρώτῳ
1630 2891 1675 2938 τὸ

220 2969 244 2994 1>
244 2975 350 2994 ιιιιι
369 2968 446 2996 Iun.
480 2969 539 2995 111.
1346 2967 1391 2997 34
