1864 3126
0 171 3 174 ,
0 74 10 139 -ν,
12 24 18 35 ⁴

39 0 51 4 4

627 63 930 101 FRAGMENTA
957 63 1226 102 ADESPOTA.
1602 61 1691 105 695

886 172 955 217 25.
1596 182 1689 216 1⁸27

305 254 352 301 ‘0
382 254 463 302 τὸν
493 253 635 301 κυσὸν
666 258 857 313 τρωθείς

250 326 387 387 ᾔδεις,
420 325 535 373 ὅπου
565 326 755 385 μάλιστα
786 323 867 371 τοῦ
898 325 1094 384 κράνους
1123 330 1260 385 χρεία.

855 459 913 502 26
933 457 986 502 Α.

367 540 467 588 Βαὺ
496 539 586 598 βαὺ
615 538 724 586 κατὰ
757 538 858 586 κύν’
894 537 944 594 ὃς
974 539 1136 598 φωνὴν
1167 542 1260 594 ἵεις.

857 674 914 718 26
934 672 982 718 Β.

368 755 527 814 Γηρεὶς
559 756 607 800 ἐν
639 757 862 802 οἰκίοισιν.

884 877 954 920 27.

246 957 353 1016 ’Qui
386 959 482 1016 μέν,
514 952 550 1002 ὦ
584 928 824 1014 Aebutum,
857 957 978 1015 δεξιὴ
1011 961 1147 1015 σίττη.

150 1111 276 1159 ἄνθη
307 1110 493 1159 ανθειν)
528 1109 570 1148 ἐν
578 1108 711 1168 αὐτῇ·
745 1111 832 1159 (vid.
861 1112 990 1158 Steph.
1013 1111 1102 1166 Byz.
1135 1125 1169 1149 v.
1200 1108 1391 1172 Ἀνθηδὼν
1423 1114 1462 1148 et
1494 1111 1687 1150 Sch01.11.

154 1163 176 1210 β
201 1162 286 1207 608)
320 1160 455 1197 deinde
487 1160 606 1207 possis
639 1160 900 1196 tetrametrum
931 1159 1130 1196 restituere
1162 1158 1301 1196 πέλλα
1332 1157 1418 1205 γὰρ
1450 1157 1586 1207 τρυγὸς
1611 1164 1687 1197 κτλ.

151 1210 216 1246 ned
249 1209 363 1245 malui
398 1208 609 1244 trimetrum
635 1207 883 1253 conformare,
917 1219 1147 1259 quamquam
1171 1206 1383 1244 emendatio
1409 1207 1561 1253 ineerta,
1593 1208 1687 1244 illud

151 1258 295 1294 eertum
332 1256 378 1292 de
408 1257 534 1292 musto
565 1255 645 1291 vini
677 1236 905 1291 Anthedonii
938 1255 1026 1300 (vid.
1058 1248 1193 1292 Athen.
1228 1256 1243 1291 I
1275 1259 1319 1291 31
1335 1255 1377 1299 B)
1408 1255 1575 1292 locutum
1607 1267 1687 1292 esse

151 1306 315 1352 poetam,
345 1303 506 1340 fortasse
532 1303 815 1349 Hipponactem,
842 1303 887 1338 cf.
915 1303 1114 1361 Hippon.
1103 1303 1147 1338 fr.
1174 1306 1219 1339 38
1245 1304 1284 1339 et
1308 1306 1364 1341 39.

246 1352 304 1388 Fr.
331 1355 386 1388 25.
438 1351 593 1387 Photius
623 1363 659 1396 p.
693 1354 779 1394 355,
815 1354 875 1386 19:
914 1364 934 1386 ο
970 1364 1036 1386 τον
1070 1351 1186 1387 κῦσον
1218 1350 1380 1395 τρωθεὶς
1411 1347 1484 1396 ἤδη
1512 1349 1685 1388 Αἰσώπου

151 1397 310 1447 μάλιστα
341 1400 409 1436 τοῦ
439 1396 604 1443 κράνους
628 1399 767 1444 χρείαι,
800 1409 895 1444 quae
927 1399 1126 1434 emendata
1159 1399 1247 1434 sunt
1270 1410 1294 1434 a
1310 1397 1467 1456 ,Dobreo
1492 1398 1532 1434 in
1558 1398 1684 1435 Indice

150 1459 188 1494 p.
216 1451 296 1493 728,
322 1447 392 1483 nisi
419 1448 614 1494 praeterea
638 1447 744 1492 χρείη
771 1445 892 1481 malie.
937 1446 980 1482 H.
1009 1445 1158 1503 Sauppe
1182 1442 1267 1502 ᾔδη
1283 1442 1321 1492 γ’
1342 1446 1518 1492 praefert.

249 1494 308 1531 Fr.
333 1495 436 1531 26Α.
482 1495 533 1531 Io.
554 1493 751 1529 Alexandr.
773 1498 830 1551 32,
845 1497 909 1529 33:
935 1493 1012 1529 Καὶ
1025 1491 1066 1529 τὸ
1069 1490 1162 1552 βαὺ
1176 1490 1272 1529 κατὰ
1296 1495 1451 1554 μίμησιν
1470 1492 1586 1536 κυνὸς
1599 1491 1683 1539 ὀξύ-

154 1556 272 1588 νεται,
298 1539 374 1599 βαύ
401 1539 474 1599 βαὺ
495 1541 565 1600 καὶ
579 1538 694 1582 κυνὸς
714 1539 846 1587 φωνὴν
866 1543 952 1583 ιεις·
980 1538 1019 1585 ἐξ
1041 1536 1086 1578 οὗ
1106 1541 1170 1577 καὶ
1189 1538 1231 1577 τὸ
1254 1539 1378 1590 βαύζει)
1398 1538 1510 1596 ρῆμα.
1549 1542 1684 1578 Emen—

152 1590 242 1627 davi
266 1589 380 1626 κατὰ
411 1586 510 1626 κύν’
545 1585 588 1630 ὃς
620 1602 659 1634 φ.
687 1590 710 1625 ἵ.
757 1589 929 1626 Meineke
954 1589 1046 1626 olim
1070 1589 1204 1626 comico
1229 1589 1364 1634 poetae
1390 1588 1525 1625 tribuit
1549 1591 1589 1626 et
1613 1588 1684 1631 ἱείς

149 1637 311 1723 {3532}ss
329 1638 402 1734 322}
421 1629 1015 1739 32¹⁰{5'n32n35-12J3‘s1331‘22‘3‘1idss?
1023 1635 1367 1729 οιζὲῒωέἔῖἓξοᾶιῖ
1382 1636 1572 1730 ..ἶὲᾫιῗ
1573 1642 1683 1722 pig&

151 1735 238 1770 Ione
264 1733 390 1770 542D.
437 1732 570 1768 Athen.
602 1732 655 1768 XI
682 1731 808 1768 506A.
854 1731 1000 1769 Aelian.
1035 1732 1120 1767 Var.
1148 1732 1194 1769 H.
1219 1731 1307 1767 XIV
1333 1734 1368 1789 5)
1406 1731 1564 1768 fortasse
1591 1734 1686 1781 βαῦς

155 1781 276 1818 dictus
301 1780 340 1816 id
366 1782 423 1816 est
447 1778 561 1816 κύων.
606 1779 782 1816 Conferas
807 1779 969 1837 Hesyeh.
1001 1779 1271 1825 Κλαζομένιος·
1306 1773 1416 1820 οὗτος
1441 1776 1687 1827 Ηρακλείδης

155 1826 176 1864 ὁ
203 1826 459 1882 Κλαζομένιός
490 1840 529 1864 τε
557 1826 622 1863 καὶ
652 1824 672 1864 ὁ
699 1825 795 1873 βαῦς
825 1825 1068 1874 καλούμενος.
1120 1827 1188 1862 Est
1218 1827 1311 1862 haec
1341 1827 1479 1885 glossa,
1511 1839 1605 1873 quae
1630 1828 1685 1864 in-

154 1875 277 1923 telligi
297 1875 440 1922 nequit,
459 1875 721 1931 coniungenda
741 1887 825 1912 eum
844 1886 1083 1922 praegressa·
1110 1873 1370 1920 Κλαζομένιοι.
1410 1869 1537 1911 οὗτοι
1555 1889 1684 1933 κωμῳ-

152 1924 327 1960 δοῦνται·
355 1923 510 1960 δοκοῦσι
533 1921 606 1982 γὰρ
633 1920 904 1964 ἐπικύπτοντες
935 1923 1156 1980 προστιλᾶν·
1184 1921 1474 1970 [Κλαζομένιος]
1501 1920 1556 1965 ὥς
1575 1921 1685 1969 Ηρα-

151 1972 299 2066 τὲλείεδης
324 1968 343 2007 ὁ
371 1969 622 2017 Κλαζομένιος
647 1968 667 2006 ὁ
693 1970 771 2006 καὶ
798 1971 910 2017 βαῦς
935 1967 1178 2016 καλούμενος.
1221 1970 1395 2006 Ceterum
1422 1971 1519 2007 conf.
1546 1970 1683 2008 Auson.

212 2031 224 2055 1
252 2031 270 2054 r
309 2023 387 2062 131,
414 2022 446 2054 4.

186 2031 251 2066 ΡΒ
245 2066 303 2102 Fr.
330 2067 431 2102 268.
472 2066 530 2103 Et.
544 2065 591 2101 M.
607 2070 690 2110 231,
703 2070 742 2101 2:
768 2067 883 2112 γηρῶ,
903 2066 1022 2115 γηρᾷς
1029 2065 1112 2101 ’καὶ
1131 2069 1273 2111 γηρεῖς·
1301 2062 1323 2111 ἡ
1345 2062 1501 2111 μετοχή·
1528 2066 1686 2112 γηρεὶς

153 2111 203 2150 έν
229 2112 481 2150 οἰκέουσιν
526 2113 627 2158 quod
652 2094 812 2150 correxit
837 2102 1008 2159 Sylburg.
1053 2113 1224 2159 Respicit
1247 2114 1320 2148 huc
1345 2111 1497 2149 Cramer
1522 2113 1590 2150 An.
1618 2113 1684 2150 Ox.

156 2160 206 2196 IV
231 2165 313 2205 839,
339 2162 402 2197 ubi
427 2158 561 2206 γήρησι
587 2160 779 2206 scriptum.
829 2160 918 2196 Tria
943 2160 1114 2216 exempla
1140 2159 1330 2206 participii
1355 2157 1490 2205 γηράς,
1523 2172 1620 2206 quae
1645 2162 1684 2198 in

153 2209 209 2244 1‹:.t
243 2208 290 2245 M.
324 2209 515 2254 leguntur,
544 2219 597 2262 ‘ex
627 2207 791 2244 Hesiodo
822 2208 1037 2254 depromta,
1063 2220 1252 2253 γηραντας
1277 2208 1388 2254 τιμᾶν
1421 2208 1469 2243 ad
1495 2210 1686 2254 Χείρωνος

156 2252 360 2300 ὑποθήκας
385 2255 516 2298 refero,
541 2255 581 2291 in
605 2267 678 2301 quo
704 2255 868 2291 carmine
895 2255 1101 2291 Centaurus
1129 2255 1248 2300 primo
1274 2255 1357 2291 loco
1383 2254 1565 2300 pietatem
1592 2268 1683 2314 erga

152 2303 241 2340 deos
267 2301 544 2339 commendavit
567 2303 751 2361 ſtrnoo'itov
763 2299 879 2349 μὲν”
857 2299 914 2338 στ’
943 2301 997 2343 εἰς
1022 2299 1141 2347 δόμον
1167 2301 1405 2359 εἰσαφίκηαι,
1441 2301 1566 2360 ἕρδειν
1598 2302 1682 2350 ἱερὰ

154 2348 250 2386 καλὰ
276 2353 384 2391 θεοῖς
409 2348 694 2397 αἰειγενέτῃσιν,
721 2363 770 2391 ως
790 2362 831 2386 κε
853 2346 958 2390 πόλις
977 2347 1120 2396 ῤ’έζῃσι·
1146 2347 1262 2395 νόμος
1281 2347 1318 2385 δ’
1340 2346 1498 2404 αρχαῐος
1517 2363 1683 2397 αριστος,

152 2398 214 2434 hio
239 2398 338 2434 enim
363 2409 491 2434 versus
511 2386 622 2434 adiuu
653 2397 769 2433 endus
788 2397 962 2442 videtur),
987 2397 1157 2443 proximo
1178 2397 1261 2434 loco
1281 2397 1528 2434 reverentiam
1549 2410 1680 2445 paren-

157 2448 249 2491 tum,
275 2446 320 2481 cf.
347 2444 452 2481 Pind.
479 2445 531 2491 Py
533 2445 584 2480 th.
647 2446 745 2480 121.

248 2493 305 2529 Fr.
332 2496 389 2529 27
440 2457 563 2528 Schol.
589 2491 739 2538 Aristop
742 2493 776 2528 h.
797 2491 864 2528 Av.
887 2496 972 2528 704.
1001 2493 1166 2539 Δίδυμος
1191 2490 1247 2534 δέ,
1268 2489 1351 2528 ἐπεὶ
1376 2488 1399 2537 ἡ
1426 2493 1529 2550 σίττη
1555 2492 1619 2529 καὶ
1646 2480 1687 2530 εἴ

76 2573 81 2579 ,
154 2554 188 2576 τι
213 2541 385 2577 τοιοῦτον
411 2536 546 2585 ὄρνεον
573 2537 680 2583 δεξιοὶ
707 2537 801 2583 πρὸς
827 2538 966 2597 ἔρωτας
997 2541 1189 2585 φαίνεται.
1235 2537 1399 2585 Ἐγώμ
1408 2537 1454 2575 ἓν
1481 2537 1535 2581 ὡς
1567 2544 1680 2577 Λευ-

153 2590 297 2645 κίππη
324 2588 372 2633 (V
391 2588 564 2631 λευκίπη)
585 2588 617 2624 δ.
638 2599 669 2623 σ.
709 2587 842 2623 Suidas
866 2600 900 2624 v.
918 2584 986 2623 Ἀεὶ
1011 2591 1087 2628 τοῖς
1107 2584 1241 2633 ἐρῶσιν
1261 2587 1414 2624 exhibet
1433 2581 1461 2623 ὦ
1482 2589 1684 2636 Λευκίππη

155 2633 272 2680 δεξιά.
320 2635 545 2671 Emendavit
574 2634 743 2680 Bentley.
795 2635 966 2671 Meineke
997 2636 1192 2680 praeterea
1228 2633 1390 2671 coniecit
1420 2635 1525 2682 δεξιῇ
1566 2637 1668 2685 σίττῃ

153 2682 283 2720 retulit
306 2685 430 2719 autem
457 2682 504 2718 ad
531 2682 588 2717 112·
584 2685 801 2728 pponaetem
827 2682 1043 2728 (Babriusp
1046 2684 1159 2728 1.23)
1179 2683 1219 2718 et
1242 2681 1403 2718 coniecit
1420 2683 1608 2728 pertinere
1633 2666 1682 2721 ad

153 2731 404 2767 narrationem
429 2730 475 2766 de
500 2729 690 2776 Leucippo
714 2731 753 2766 et
777 2730 1044 2783 Leucophryne
1070 2741 1128 2775 ap.
1155 2730 1330 2766 Parthen.
1356 2728 1458 2766 Erot.
1480 2741 1510 2766 c.
1531 2734 1563 2766 5.
1604 2731 1684 2778 Ego

155 2777 244 2814 olim
277 2778 417 2815 conieci
447 2779 535 2831 post
564 2778 744 2822 φαίνεται
774 2776 1009 2813 inserendum
1034 2788 1116 2813 esse
1149 2778 1325 2822 Φοινιξ,
1357 2788 1467 2822 quem
1492 2789 1582 2815 eane
1608 2791 1684 2816 non

155 2826 214 2862 est
237 2824 482 2872 improbabile
508 2824 619 2861 istam
643 2824 823 2861 fabellam
847 2823 1017 2861 versibus
1042 2823 1268 2871 exposuiese.
