1864 3126
211 99 298 142 646
507 127 509 131 -
887 94 1067 132 SCOLIA.

303 202 353 248 τὸ
386 206 536 260 τρίτον
569 202 619 247 δὲ
650 207 858 247 πλουτεῖν
891 199 1086 256 ἀδόλως,

305 275 377 318 καὶ
409 273 457 318 τὸ
491 274 700 331 τέταρτον
732 270 850 329 ἡβᾶν
882 272 988 330 μετὰ
1019 274 1110 317 τῶν
1142 275 1299 329 φίλων.

955 392 982 434 9
1648 402 1740 435 1290

768 474 1186 519 (ΚΑΛΑΙΣΤΡΑΤΟΤ.)

303 545 376 590 Ἐν
408 546 580 604 μύρτου
610 544 740 590 κλαδὶ
770 544 820 590 τὸ
855 546 982 603 ξίφος
1013 544 1219 602 φορήσω,

307 616 453 675 ὥσπερ
479 615 714 674 Ἁρμόδιος
745 616 818 660 καὶ
846 614 1195 674 Ἀριστογείτων,

310 687 381 733 ότε
411 687 491 733 τὸν
522 687 755 746 τύραννον
780 688 994 744 κτανέτην

312 758 552 817 ἰσονόμους
582 758 621 802 τ’
653 757 848 816 Ἀθήνας
880 759 1158 816 ἐποιησάτην.

949 879 1014 921 10.

316 959 506 1006 Φίλταθ’
534 959 755 1019 Ἁρμόδι’,
788 959 843 1005 οὔ
873 963 919 1004 τί
946 975 1033 1004 που
1063 959 1306 1016 τέθνηκας,

214 1093 276 1128 1110
301 1103 448 1137 quoque
475 1091 635 1127 comicus
670 1090 784 1126 alicui
814 1090 964 1126 fabulae
995 1089 1166 1133 inseruit,
1205 1090 1271 1124 aut
1309 1100 1393 1124 cum
1426 1087 1587 1124 Scleriae
1619 1098 1745 1123 versus

215 1139 359 1175 librarii
385 1139 614 1184 negligentia
649 1138 850 1183 intercepti
883 1138 1023 1181 essent,
1061 1138 1238 1172 lemmate
1275 1136 1407 1171 relicto
1445 1134 1581 1171 comici
1611 1136 1745 1180 poetae

214 1199 350 1223 nomen
375 1186 462 1222 huic
488 1186 603 1222 scolio
630 1185 810 1221 adhaesit.
862 1185 1030 1230 Respicit
1054 1185 1168 1219 etiam
1186 1183 1315 1219 Liban.
1338 1183 1453 1228 Epist.
1477 1186 1578 1218 1060.
1593 1202 1638 1208 -
1652 1182 1696 1218 V.
1714 1185 1745 1218 1.

216 1235 366 1282 θνατῷ,
393 1234 526 1270 Athen.
549 1233 636 1278 epit.
663 1233 806 1280 θνητῷ,
833 1233 956 1268 Schol.
976 1233 1063 1267 Luc.
1084 1231 1214 1278 θνητῷ
1239 1227 1363 1275 ἀνδρί,
1390 1230 1544 1273 Themi„
1570 1229 1651 1266 Ars.
1673 1240 1746 1265 om.

215 1283 358 1328 θνατῷ.
381 1302 424 1307 -
441 1280 486 1317 V.
506 1285 539 1316 2.
567 1278 672 1325 φυὰν
699 1277 825 1324 καλὸν,
852 1291 911 1325 ap.
939 1279 1025 1316 Ath.
1045 1278 1107 1314 AC
1133 1275 1250 1314 καλὸν
1277 1276 1393 1323 φυὰν,
1419 1278 1448 1312 L
1470 1274 1680 1322 καλοφυὰν.
1700 1296 1745 1303 -

215 1329 259 1365 V.
281 1334 312 1364 3.
340 1326 381 1364 τὸ
406 1339 478 1364 0111.
497 1329 628 1374 Apost.
649 1327 788 1363 Theod.
810 1326 933 1363 Schol.
955 1327 1042 1362 Luc.
1063 1325 1177 1372 (idem
1203 1326 1355 1361 exhibet
1379 1324 1602 1370 πλουτέειν),
1624 1323 1746 1360 Schol.

218 1378 270 1411 Pl.
298 1377 393 1422 legit
417 1373 458 1411 τὸ
487 1374 528 1411 δὲ
555 1376 690 1421 τρίτον.
711 1374 819 1411 -—,V.
840 1379 873 1411 4.
900 1374 965 1409 καὶ
992 1371 1044 1418 τὸ,
1071 1374 1199 1419 Apost.
1229 1371 1309 1408 εἶτα
1336 1370 1391 1418 τὸ,
1418 1383 1492 1407 0111.
1514 1372 1638 1407 Schol.
1658 1371 1745 1408 Luc.

219 1427 257 1460 et
280 1424 375 1459 Plat.
403 1423 481 1469 (ubi
505 1425 699 1469 praeterea
723 1421 900 1467 τέταρτον
927 1420 994 1466 δέ).
1024 1443 1066 1447 ——
1093 1420 1205 1469 ἡβᾶν,
1232 1421 1366 1456 Athen.
1393 1420 1574 1465 συνηβᾶν.
1595 1440 1640 1445 -
1660 1419 1746 1463 τῶν,

221 1482 277 1517 ap.
307 1471 412 1507 Stob.
441 1470 563 1506 Trinc.
591 1470 678 1505 σῶν.
1711 1468 1714 1471 ’

313 1541 408 1578 8001.
436 1545 456 1577 9
501 1542 636 1577 Athen.
662 1540 730 1577 XV
757 1543 825 1576 695
841 1541 872 1575 A
907 1539 1016 1574 affert
1041 1539 1150 1584 (adde
1176 1539 1280 1574 Eust.
1311 1542 1412 1582 1400,
1435 1539 1505 1583 18),
1533 1537 1632 1583 quod
1658 1548 1749 1583 quo-

219 1590 321 1625 niam
346 1601 430 1624 cum
457 1588 551 1624 8001.
580 1593 636 1624 10.
658 1593 713 1624 11.
736 1592 789 1623 12.
816 1591 860 1623 13
884 1588 924 1622 111
949 1587 1081 1622 eodem
1107 1588 1326 1632 argumento
1352 1587 1532 1629 versatur,
1557 1583 1750 1621 Fritzsche

220 1637 387 1683 (Quaest.
409 1635 599 1681 Aristoph.
619 1649 655 1682 p.
672 1637 730 1680 50)
751 1638 789 1671 et
808 1634 1066 1670 Schneidewin
1084 1634 1177 1669 haec
1197 1634 1235 1668 in
1254 1634 1363 1669 unius
1389 1632 1563 1681 carminis
1590 1632 1750 1668 formam

217 1684 452 1729 redegerunt.
498 1683 753 1719 Callistratum
779 1682 954 1718 carminis
980 1683 1167 1717 auctorem
1195 1692 1273 1717 esse
1297 1680 1472 1726 perhibet
1491 1679 1696 1725 Hesychius
1714 1692 1748 1716 v.

214 1730 407 1777 Ἁρμοδίου
447 1730 572 1776 μέλος·
611 1729 653 1766 τὸ
694 1728 755 1766 ἐπὶ
780 1727 957 1776 Ἁρμοδίῳ
989 1727 1154 1774 ποιηθὲν
1187 1727 1337 1764 σκολιὸν
1369 1725 1445 1763 ὑπὸ
1473 1725 1748 1772 Καλλιστράτου

219 1776 341 1819 οὕτως
368 1777 506 1823 ἔλεγον.
557 1779 656 1822 quod
683 1778 731 1813 ad.
757 1778 915 1823 primam
941 1776 1050 1812 huius
1078 1776 1287 1822 argumenti
1306 1775 1569 1811 tractationem
1588 1774 1750 1811 referen-
1802 1809 1810 1818 ,

221 1827 310 1862 dum
336 1826 500 1861 videtur:
538 1825 603 1860 sed
627 1825 801 1871 princeps
826 1835 920 1869 quae
948 1823 999 1859 sit
1023 1835 1068 1859 ex
1093 1824 1204 1859 variis
1231 1823 1427 1859 cantilenis
1452 1822 1653 1866 incertum,
1677 1822 1751 1858 for-

220 1877 321 1910 tasse
348 1875 406 1908 est
431 1873 519 1907 scol.
543 1876 597 1916 10,
625 1872 725 1917 quod
745 1871 1019 1917 quodammodo
1045 1871 1169 1906 firmat
1194 1871 1316 1906 Schol.
1343 1870 1503 1906 Acharn.
1523 1882 1556 1905 v.
1578 1872 1665 1905 980:
1687 1866 1752 1905 Ἐν

220 1925 301 1961 ταῖς
325 1920 399 1955 τῶν
423 1917 550 1955 πότων
576 1917 750 1959 συνόδοις
787 1915 882 1965 ᾗδόν
914 1932 949 1952 τι
968 1915 1161 1963 Ἁρμοδίου
1199 1915 1450 1962 καλούμενον,
1490 1910 1534 1952 οὗ
1572 1913 1749 1962 ἢ-ἆρχή·

224 1964 383 2003 Φίλταθ’
407 1964 587 2012 Ἅρμόδιε,
613 1963 657 2002 οὔ
685 1968 722 2001 τί
743 1979 816 2001 που
842 1965 1042 2010 τέθνηκας.
1094 1965 1262 2010 Respicit
1286 1964 1481 2000 Harmodii
1506 1964 1622 1999 scolia
1647 1975 1750 2009 prae-

220 2018 324 2051 terea
343 2014 533 2060 Aristoph.
554 2015 714 2049 Acharn.
735 2017 815 2049 989.
841 2013 987 2057 Pelarg.
1010 2011 1053 2046 fr.
1076 2016 1108 2047 3.
1130 2011 1332 2057 Antiphan.
1355 2012 1489 2046 Athen.
1511 2010 1562 2044 Xl
1579 2023 1611 2055 p.
1627 2015 1695 2046 503
1709 2011 1750 2055 E,

224 2063 320 2098 adde
346 2061 502 2107 Diogen.
529 2062 700 2097 Proverb.
722 2061 755 2095 II
776 2063 820 2096 68
846 2059 971 2104 ibique
997 2059 1148 2104 interpr.
1170 2080 1213 2084 -
1235 2058 1331 2095 8001.
1353 2063 1374 2093 9
1394 2057 1545 2104 respicit
1564 2057 1751 2104 Aristoph.

224 2110 379 2155 Lysistr.
407 2122 441 2144 v.
469 2113 536 2144 632
561 2109 690 2153 ibique
717 2108 852 2151 Schol.,
879 2107 980 2143 Suid.
1006 2119 1040 2142 v.
1069 2104 1109 2141 ἐν
1136 2104 1274 2152 μύρτου
1302 2108 1340 2141 et
1365 2106 1495 2151 Apost.
1523 2105 1609 2140 VIII
1629 2109 1686 2140 35.
1707 2125 1751 2132 —-

228 2158 266 2193 V.
292 2163 322 2193 1.
349 2153 520 2201 φορήσω,
548 2155 679 2192 Suidas
704 2152 886 2200 κρατήσω.
917 2175 957 2179 -
985 2154 1028 2189 V.
1055 2158 1088 2189 2.
1114 2153 1180 2189 καὶ
1205 2152 1309 2197 libri,
1335 2152 1436 2198 quod
1462 2152 1523 2187 hic
1549 2154 1588 2187 et
1613 2153 1754 2198 pariter

224 2205 380 2241 8001.11
402 2206 440 2239 et
456 2207 497 2238 12
518 2203 675 2248 servavi,
701 2202 851 2238 Brunck
869 2199 907 2237 κ’
930 2201 1091 2247 scripsit,
1111 2203 1151 2236 at
1171 2211 1243 2236 non
1265 2212 1375 2236 ausus
1395 2212 1476 2235 sum
1495 2199 1606 2234 huius
1629 2199 1753 2236 elisio-

225 2253 282 2287 nis
306 2251 544 2287 insolentiam
570 2251 627 2286 1110
653 2250 823 2295 quamvis
848 2249 1090 2295 popularibus
1116 2247 1312 2284 cantilenis
1337 2247 1545 2291 vindicare:
1582 2250 1640 2283 est
1664 2259 1752 2283 sane

227 2298 433 2345 particulae
452 2299 521 2333 καί
536 2298 655 2333 minor
674 2298 728 2333 vis
747 2309 791 2333 ac
810 2297 966 2343 pondus,
985 2296 1072 2331 hinc
1091 2295 1156 2331 ubi
1175 2296 1288 2340 longa
1300 2295 1440 2331 vocalis
1459 2294 1536 2330 sive
1551 2294 1752 2340 diphthon-

225 2359 295 2393 gus
321 2344 574 2390 subsequitur,
605 2345 825 2391 plerumque
857 2343 1057 2389 ecthlipsin
1081 2343 1266 2386 admit-tit,
1299 2344 1340 2378 at
1363 2341 1427 2378 ubi
1453 2352 1475 2376 a
1498 2340 1605 2377 brevi
1630 2342 1753 2378 vocali

225 2394 424 2430 inchoatur
454 2392 678 2437 subsequens
710 2391 953 2436 vocabulum,
983 2390 1038 2426 ibi
1070 2400 1158 2425 vero
1190 2401 1275 2425 cum
1305 2390 1373 2425 illa
1403 2389 1611 2424 coalescere
1644 2389 1750 2424 solet.

225 2440 422 2477 Metricam
447 2441 573 2485 potius
599 2451 760 2485 agnosco
785 2438 993 2481 licentiam,
1030 2439 1163 2482 poetae
1196 2437 1235 2472 hi
1259 2437 1396 2473 formas
1423 2435 1546 2482 specie
1573 2435 1751 2482 dispares,

226 2499 356 2534 reapse
383 2487 596 2531 aequabiles
623 2486 835 2522 alternatim
860 2486 1120 2521 adhibuerunt.
1169 2485 1291 2530 Atque
1324 2483 1439 2519 etiam
1466 2483 1653 2526 Meineke,
1689 2483 1753 2528 qui

228 2535 317 2572 olim
345 2531 535 2580 Ἁρμόδιός
566 2531 601 2569 τ’
631 2531 900 2579 Ἀριστογείτων
933 2529 977 2568 θ’
1012 2532 1238 2576 coniecerat,
1271 2542 1367 2567 nunc
1401 2531 1440 2566 in
1465 2529 1658 2566 Athenaeo
1688 2529 1754 2565 καὶ

229 2582 399 2619 servavit.
427 2602 471 2608 —-
498 2582 541 2618 V.
569 2586 600 2616 3.
628 2579 812 2626 κτανέτην
839 2580 917 2625 ΑΟ,
955 2577 1164 2624 κατανὲτην
1191 2579 1295 2614 Cant.
1323 2579 1370 2622 L,
1404 2575 1566 2623 κανέτην
1597 2576 1754 2622 requirit

233 2631 361 2666 Cobet.

327 2701 422 2737 Scol.
450 2704 504 2736 10.
542 2698 791 2735 Α1511011.’101ᾶ.
817 2697 984 2744 Respicit
1006 2697 1117 2733 Arist.
1139 2697 1297 2733 Acharn.
1318 2709 1350 2732 v.
1376 2699 1465 2732 1092
1488 2692 1753 2751 Ὀρχηστρίὸες,

231 2746 275 2782 τὰ
304 2743 463 2793 φίλταθ’
486 2744 698 2792 Ἁρμοδίου,
723 2747 853 2791 καλαί,
878 2745 941 2781 ubi
965 2745 1089 2781 nescio
1115 2756 1163 2780 an
1188 2744 1420 2780 scribendum
1447 2742 1497 2778 sit
1519 2754 1567 2777 το
1594 2740 1751 2787 φίλταθ’

230 2791 406 2840 Ἁρμόδι’,
433 2791 482 2830 οὔ
508 2795 553 2829 τί
573 2807 669 2829 που.
696 2814 741 2820 —
768 2793 810 2829 V.
840 2799 869 2828 1.
907 2789 953 2828 οὔ
978 2794 1018 2828 τί
1044 2805 1117 2828 που
1144 2792 1265 2827 801101.
1293 2791 1402 2826 Arist.
1428 2789 1587 2825 Acham.
1611 2801 1647 2826 v.
1673 2794 1752 2826 980.

235 2841 335 2877 Suid.
361 2853 395 2878 v.
417 2838 508 2877 οὐδέ
534 2837 619 2877 ποτ’
649 2838 721 2887 ἐγὼ
748 2841 787 2876 et
810 2838 991 2887 πάροινος
1010 2841 1048 2875 et
1063 2838 1246 2875 Aristides
1266 2839 1282 2874 Ι
1300 2850 1335 2884 p.
1358 2841 1424 2873 133
1450 2836 1531 2881 (ubi
1556 2833 1601 2872 οὔ
1626 2850 1660 2872 τι
1680 2849 1753 2873 που
