1864 3126
213 115 299 157 588
520 124 521 129 ’
774 113 964 149 ΡΟΕΤΑΕ
989 113 1167 150 MELICI.

870 223 939 266 66.
972 223 1077 277 [56]

331 309 474 348 Strabo
493 309 593 347 XIII
616 310 717 348 616:
737 303 781 347 ‘O
806 305 848 347 δὲ
867 304 1046 357 Κάϊκος
1071 305 1144 349 οὐκ
1169 305 1247 349 ἀπὸ
1271 311 1339 361 τῆς
1360 306 1488 361 Ἴδης
1511 309 1582 363 ῥεῖ,
1604 306 1732 350 καθά-

212 388 283 425 περ
315 373 442 426 εἴρηκε
474 374 731 426 Βακχυλίδης.

869 478 938 520 67.
971 477 1076 531 [57.]

333 563 462 602 Schol.
488 564 619 613 Apoll.
646 564 720 602 Rh.
745 564 763 601 I
792 558 1203 612 11652-‘P15v6ax09
1232 560 1406 615 ποταμός
1437 563 1514 605 ε’στι
1546 564 1734 619 Φρυγίας,

212 620 260 668 οὗ
293 625 482 679 μέμνηται
507 627 762 680 Βακχυλίδης.
820 628 1094 668 Schneidewin
1120 629 1352 679 Bacchylidi
1375 629 1519 669 tribuit
1543 630 1649 680 quod
1672 633 1735 671 est
1780 638 1782 640 '
1847 636 1850 637 ’

212 707 273 744 ap.
295 693 382 733 Sch.
403 694 449 732 Il.
470 707 488 732 ε
510 695 591 733 759
613 696 654 732 et
672 694 859 734 Eustath.
879 694 931 733 ib.
950 689 1208 734 Ῥύνδακον
1239 689 1358 746 ἀμφὶ
1388 690 1734 747 βαθύσχοινον,

211 759 316 809 quod
346 758 503 797 Heeker
534 757 777 798 Callimacho
808 759 1010 799 vindicare
1040 759 1192 798 maluit.

871 875 939 918 68.
972 874 1077 928 [58]

331 961 418 1000 Seh.
451 961 582 1011 Apoll.
609 961 683 999 Rh.
707 961 766 999 IV
793 962 894 1000 973:
926 956 1186 1012 Μνημονεύει
1217 955 1305 1011 (τοῦ
1336 956 1636 1015 ὀρειχάλκου)
1666 960 1733 1001 καὶ

209 1026 447 1079 Στησίχορος
476 1024 544 1065 καὶ
573 1025 829 1078 Βακχυλίδης.

938 1130 1006 1173 69.

329 1217 489 1256 Tzetzes
522 1217 722 1268 Theogon.
750 1230 786 1256 v.
813 1217 882 1256 81.
914 1211 1145 1269 (Matranga
1174 1215 1250 1255 An.
1277 1210 1400 1269 580):
1432 1213 1475 1254 ἐν
1506 1212 1577 1267 μὲν
1605 1217 1652 1270 τῇ
1681 1217 1732 1270 γῇ

210 1278 393 1335 γεγόνασι
423 1285 523 1334 τρεῖς
543 1277 720 1334 Ἐρινύες
750 1282 919 1332 πρῶτον,
943 1276 969 1332 ἡ
1000 1276 1212 1332 Τισιφόνη,
1243 1278 1443 1332 Μέγαιρα,
1474 1278 1540 1319 καὶ
1561 1275 1732 1333 Ἀληκτω

210 1343 285 1387 σὺν
308 1343 479 1397 ταύταις,
504 1345 571 1385 καὶ
596 1342 670 1385 σὺν
696 1341 832 1392 αὐταῖς
857 1344 898 1384 οἱ
918 1342 1095 1396 τέσσαρες
1114 1340 1323 1396 ὀνομαστοὶ
1339 1347 1529 1397 Τελχῖνες,
1544 1340 1732 1396 Ἀκταῖος,

209 1408 478 1465 Μεγαλήσιος,
498 1407 688 1463 ’Ὄρμενός
718 1425 756 1450 τε
786 1408 852 1449 καὶ
883 1406 1035 1461 Λύκος,
1069 1405 1139 1457 οὓς
1163 1410 1408 1462 Βακχυλίδης
1433 1408 1504 1461 μέν
1529 1421 1626 1462 φησι
1651 1411 1732 1450 Νε-

209 1476 353 1529 μέσεως
375 1472 591 1528 Ταρτάρου,
623 1472 732 1516 ἄλλοι
756 1473 855 1523 τινὲς
881 1473 923 1514 δὲ
947 1473 1103 1528 λέγουσι
1126 1477 1194 1526 τῆς
1212 1477 1293 1526 Γῆς
1316 1489 1354 1514 τε
1378 1473 1443 1514 καὶ
1471 1477 1540 1515 τοῦ
1559 1471 1730 1516 Πόντου,

327 1608 441 1654 Quod
472 1607 632 1646 exhibet
662 1607 820 1646 Natalis
853 1605 960 1646 Com.
993 1606 1160 1657 Mysshol.
1191 1606 1248 1644 IX
1279 1607 1304 1644 8
1337 1619 1372 1656 p.
1407 1607 1510 1645 987:
1551 1605 1731 1656 „Dicitur

208 1674 479 1723 Polyphemus
510 1685 589 1711 non
618 1673 735 1712 modo
768 1684 922 1711 amasse
954 1670 1179 1719 Galasseam,
1213 1671 1282 1709 sed
1313 1671 1436 1709 etiam
1461 1669 1651 1709 Galatam
1682 1683 1732 1709 ex

207 1738 279 1776 illa
312 1738 544 1787 suscepisse,
576 1740 622 1776 ut
652 1740 825 1777 testatus
851 1740 914 1777 est
938 1733 1233 1788 Bacchylides.“
1282 1749 1360 1786 qua
1385 1737 1462 1775 fide
1489 1736 1542 1775 sit
1566 1736 1730 1786 dignum

207 1815 371 1852 prorsus
402 1803 608 1842 incertum.
