1864 3126
709 166 1087 207 ANACREONTEA.
1578 166 1666 211 323

793 279 862 322 43.
898 279 1005 333 [25]

458 362 561 398 TO‘P
583 362 755 397 AYTO'P
778 362 871 396 ΕΙΣ
894 362 1068 397 ΟΙΝΟΝ
1090 362 1347 398 ΩιΔΛΡΙΟΝ.

193 442 329 489 ’Ὅταν
360 449 446 489 πίω
477 444 559 490 τὸν
590 442 734 500 οἶνον,
991 448 1037 489 τί
1064 444 1145 489 τὸν
1176 448 1280 501 βίον
1310 446 1567 502 πλανῶμαι;

206 515 420 563 εὕδουσιν
451 517 501 560 αἰ
527 514 750 574 μέριμναι.
991 520 1162 574 πίωμεν
1183 510 1267 561 οὖν
1286 514 1366 560 τὸν
1387 514 1531 573 οἶνον,
1577 529 1669 562 1066

205 591 252 632 τί
273 606 349 645 μοι
368 586 505 645 γόων,
524 591 571 632 τί
585 605 662 645 μοι
682 587 851 644 πόνων,
990 587 1070 634 τὸν
1100 591 1183 633 τοῦ
1214 590 1355 632 καλοῦ
1388 592 1578 633 Λυαίου·

206 663 255 704 τί
281 677 357 718 μοι
390 658 515 717 μέλει
542 662 792 719 μεριμνῶν;
992 659 1080 706 σὺν
1109 662 1170 722 τῷ
1204 659 1254 704 δὲ
1285 663 1433 729 πίνειν
1465 657 1582 717 ἡμᾶς

160 743 182 775 5
206 737 370 776 θανεῖν
419 748 472 789 με
521 734 610 787 δεῖ,
657 728 743 776 κᾶν
792 732 852 790 μὴ
923 745 967 776 10
992 730 1206 776 εὕδουσιν
1238 733 1287 775 αἱ
1315 730 1537 789 μέριμναι.

633 801 776 848 θέλω·
882 861 891 871 ·

779 924 866 967 44.
902 925 1006 978 [37]

739 1008 833 1042 ΕΙΣ
858 1008 926 1042 ΤΟ
950 1008 1054 1042 EAP.

194 1087 286 1134 Ἴδε
317 1092 410 1142 πῶς
441 1092 571 1144 ἔαρος
601 1088 824 1146 φανέντος
990 1088 1043 1134 τὰ
1087 1092 1265 1148 βροτῶν
1315 1088 1361 1134 δ’
1417 1093 1612 1147 ἔλαμψεν

205 1159 392 1219 Χάριτες
423 1159 536 1218 ῥόδα
567 1159 780 1218 βρύουσι·
1420 1165 1544 1219 ἔργα·

168 1259 171 1262 ν
205 1234 273 1277 ἴδε
304 1235 398 1285 πῶς
428 1235 547 1289 κῦμα
577 1231 812 1289 θαλάσσης
922 1245 965 1276 10
992 1234 1220 1290 [καρποῖσι
1239 1242 1344 1290 γαῖα
1365 1231 1638 1291 προκύπτει.]

206 1301 480 1348 ἅπαλύνεται
511 1303 703 1362 γαλήνῃ·
990 1303 1159 1362 καρπὸς
1191 1297 1339 1357 ἐλαίας
1369 1303 1623 1362 προκύπτει.

158 1387 179 1419 5
206 1377 274 1420 ἴδε
303 1377 398 1428 πῶς
427 1377 574 1433 νῆσσα
604 1378 829 1434 κολυμβᾷ”
992 1379 1196 1434 Βρομίου
1227 1376 1433 1432 στέφεται
1466 1378 1586 1431 νᾶμα

205 1449 273 1491 ἴδε
303 1448 398 1499 πῶς
427 1445 618 1504 γέρανος
649 1444 810 1491 ὁδεύει.
851 1451 859 1456 “
991 1445 1101 1491 κατὰ
1134 1445 1310 1504 φύλλον
1341 1445 1450 1491 κατὰ
1484 1449 1635 1491 κλῶνα

207 1520 404 1575 ζαφελῶς
436 1515 478 1562 δ’
514 1520 681 1575 ἔλαμψε
718 1521 853 1562 Τίταν
991 1516 1199 1563 καθελών
1230 1516 1406 1575 ἤνθησε
1435 1518 1613 1576 καρπός.

205 1591 409 1646 νεφελῶν
429 1588 549 1634 σκιαὶ
568 1591 852 1633 κλονοῦνται·

230 1748 287 1780 43.
339 1743 537 1799 Inscriptio
564 1743 604 1779 in
622 1755 740 1790 marg.
761 1744 900 1780 addita.
931 1765 973 1770 —-
1002 1744 1044 1780 V.
1068 1748 1098 1781 1.
1125 1745 1198 1779 πίω
1218 1744 1370 1789 Barnes,
1396 1745 1492 1779 πίνω
1520 1745 1599 1780 cod.
1628 1766 1672 1771 -

136 1791 181 1828 V.
207 1796 240 1827 3.
267 1792 306 1827 τί
327 1804 390 1838 μοι
414 1804 527 1837 γοων,
556 1792 597 1826 τί
617 1804 680 1836 μοι
705 1788 854 1835 πόνων,
886 1792 967 1829 cod.
993 1793 1034 1827 τί
1054 1805 1118 1838 μοι
1142 1790 1291 1835 πόνων,
1317 1793 1356 1827 τί
1378 1805 1441 1838 μοι
1467 1788 1585 1838 γόων,
1610 1793 1674 1828 sed

135 1841 266 1886 postea
290 1841 507 1874 correctum.
536 1859 580 1865 —
605 1838 650 1876 V.
677 1842 710 1875 ὅ.
737 1839 949 1885 Stephanus
975 1835 1048 1875 κᾶν
1074 1837 1123 1886 μὴ
1149 1838 1264 1883 θέλω,
1289 1842 1429 1875 θανεῖν
1455 1853 1499 1886 με
1531 1841 1601 1876 δεῖ.
1630 1861 1674 1866 -

137 1887 181 1923 V.
209 1891 240 1923 6.
272 1888 311 1922 τί
342 1886 491 1931 Barnes,
523 1886 605 1923 cod.
631 1888 670 1922 τί
691 1885 752 1933 δέ,
790 1886 888 1924 Rose
921 1889 961 1924 τί
987 1884 1034 1934 δὴ
1070 1888 1162 1936 βίον.
1197 1908 1238 1913 ——
1274 1887 1317 1923 V.
1346 1892 1379 1923 9.
1406 1887 1575 1934 Scaliger
1606 1885 1675 1923 σὺν

136 1935 187 1983 τῷ
212 1938 316 2018 Ἄεῖν
346 1931 419 1980 γὰρ
450 1931 568 1981 ἡμᾶς,
599 1933 797 1971 Mehlhorn
828 1932 898 1972 σὺν
929 1936 980 1983 τῷ
1014 1934 1056 1971 δὲ
1083 1936 1208 1970 πίνειν
1233 1931 1371 1981 ἡμέας,
1402 1936 1446 1970 ut
1470 1946 1599 1971 versus
1626 1936 1675 1971 sit

138 1984 222 2018 anat
264 1983 378 2018 ectus.

233 2034 290 2066 44.
323 2029 538 2075 suscriptio
564 2030 603 2065 in
628 2030 798 2076 margine
823 2030 972 2087 legitur.
1000 2050 1040 2057 —
1076 2029 1121 2066 V.
1150 2035 1180 2067 1.
1209 2028 1320 2076 ἔαρος
1346 2029 1551 2076 φανέντος,
1577 2031 1675 2067 Her-

139 2089 252 2113 mann
277 2075 464 2122 φανέντος
488 2072 589 2123 ἦρος.
623 2099 666 2104 -
703 2078 745 2115 V.
773 2082 805 2115 2.
833 2076 930 2124 ἆοδα
958 2075 1113 2126 βρύουσι
1145 2078 1375 2124 Stephanus,
1403 2079 1484 2115 cod.
1519 2076 1674 2127 βρύουσι

139 2122 236 2171 (ἳόδα
273 2124 409 2161 vitioso
439 2135 612 2170 numero,
650 2126 714 2161 sed
745 2125 922 2161 librarius
953 2125 1080 2172 potius
1111 2126 1318 2172 culpandus
1351 2138 1463 2172 quam
1505 2126 1676 2171 scriptor,

139 2183 207 2208 nec
232 2171 354 2219 magis
378 2172 573 2209 ferendum
599 2173 639 2208 in
663 2173 820 2209 Lueiani
846 2173 1008 2219 Tragod.
1035 2176 1080 2221 53,
1112 2170 1179 2210 τὸν
1196 2170 1295 2209 Ἴτυν
1328 2172 1450 2209 στένει
1483 2172 1674 2218 δακρύοις,

139 2220 203 2255 ubi
229 2220 378 2255 constat
402 2220 462 2256 lex
487 2219 662 2256 carminis
686 2218 753 2256 τὸν
771 2218 871 2256 Ἴτυν
897 2219 1020 2257 στένει
1045 2221 1169 2267 γοῶσα
1197 2218 1388 2267 Δακρύοις
1405 2218 1522 2262 Ἀτθὶς
1541 2218 1675 2266 ἀηδών

139 2267 264 2303 verbis
288 2267 466 2304 traiectis.
517 2267 690 2303 Ceterum
710 2268 900 2304 Hermann
921 2270 1130 2305 structurae
1150 2268 1352 2305 insolentia
1371 2268 1532 2304 offensus
1558 2266 1675 2314 ῤ’όδου

139 2311 295 2362 βρύουσι
325 2314 474 2360 scripsit
496 2314 742 2362 improspere;
768 2316 799 2351 si
826 2316 915 2362 quid
941 2317 1174 2360 mutandum,
1200 2316 1331 2352 malim
1351 2317 1560 2362 Χαρίτων
1581 2313 1677 2361 ῥ’όδα

142 2360 332 2410 βρύονσιν.
359 2382 402 2387 -
429 2361 472 2398 V.
499 2365 533 2398 5.
558 2363 692 2408 νῆσσα,
723 2363 804 2399 cod.
830 2375 853 2400 a
878 2375 926 2401 m.
954 2376 1008 2410 pr.
1035 2364 1145 2410 νῆσα.
1179 2385 1222 2389 -
1259 2363 1304 2399 V.
1332 2368 1363 2399 7.
1392 2364 1561 2408 ζαφελῶς
1587 2363 1676 2399 scri-

141 2410 211 2456 psi,
226 2410 420 2455 legebatur
429 2405 591 2454 ἀφελῶς,
601 2410 812 2446 cf.10hann.
824 2412 930 2449 Alex.
942 2411 988 2447 de
1002 2422 1078 2447 acc.
1092 2415 1149 2456 39,
1165 2415 1225 2447 18:
1239 2409 1343 2456 παρὰ
1358 2408 1399 2446 τὸ
1412 2410 1574 2456 ζάφελος
1587 2423 1676 2456 προ-

141 2453 452 2503 παροξυνόμενον
484 2453 632 2502 ὀφείλει
667 2457 733 2493 καὶ
757 2455 799 2493 τὸ
827 2460 996 2503 ζαφελως
1022 2456 1209 2505 ἐπίρρημα
1267 2456 1497 2503 αρύνεσθαι,
1524 2455 1573 2498 ὡς
1598 2454 1676 2493 ἀπὸ

141 2505 209 2541 τοῦ
236 2501 377 2547 ζάθεος
402 2502 566 2548 ζαθέως·
593 2500 638 2540 ού
668 2502 738 2550 γάρ
766 2502 842 2541 ἐστι
868 2503 970 2551 παρὰ
997 2507 1047 2555 τῷ
1072 2509 1207 2553 ποιητῇ
1256 2503 1416 2551 αφελής·
1443 2507 1613 2541 δείκνυσι
1634 2506 1675 2542 δὲ

139 2549 378 2597 Ἡρωδιανός,
410 2548 458 2592 ὡς
490 2547 547 2587 ὅτι
579 2549 676 2587 κατὰ
702 2552 962 2599 συνεκδρομὴν
994 2554 1061 2589 τοῦ
1095 2550 1244 2599 ἀμελῶς
1274 2553 1340 2594 καὶ
1378 2551 1536 2594 ἐντελῶς
1570 2565 1675 2598 περι-

144 2597 318 2645 εσπάσθη
345 2597 387 2635 τὸ
416 2599 595 2645 ζαφελῶς.
625 2620 667 2625 —-
688 2598 732 2635 V.
759 2603 792 2635 8.
819 2602 1044 2637 κλονοῦνται
1071 2601 1213 2646 scripsi,
1239 2601 1437 2646 legebatur
1462 2601 1677 2638 ὃονοῦνται.

147 2668 188 2672 -
216 2647 260 2683 V.
288 2651 332 2682 10
363 2646 538 2683 cancellis
573 2646 684 2693 sepsi,
715 2646 854 2704 quippe
879 2648 946 2694 qui
978 2648 1028 2684 sit
1058 2658 1102 2684 ex
1128 2648 1385 2693 dittographia
1409 2649 1530 2692 ortus,
1564 2648 1678 2694 vulgo

145 2694 273 2731 delent
295 2706 330 2732 v.
359 2698 413 2730 11.
441 2715 485 2721 —
511 2699 701 2740 καρποῖσι,
727 2705 821 2731 com
877 2697 918 2731 nt
942 2699 1115 2738 καρποῖς.
1141 2715 1185 2721 -—
1219 2695 1261 2730 V.
1292 2699 1345 2731 11.
1374 2695 1540 2731 Insolens
1565 2695 1680 2731 ionici

144 2742 264 2788 figura
288 2772 310 2777 -
327 2760 354 2777 υ
369 2759 395 2778 υ
413 2771 454 2787 -,
484 2742 642 2778 fortasse
669 2741 816 2778 scriben
845 2755 906 2778 nm
933 2740 1070 2784 ἐλάας
1096 2739 1240 2787 καρπὸς
1265 2740 1493 2798 προκύπτει,
1525 2744 1568 2778 ut
1592 2742 1679 2779 seri-

144 2789 232 2835 ptor
249 2793 274 2826 ἄ
294 2789 478 2836 corripere
499 2790 548 2826 sit
566 2801 689 2826 ausus.
727 2789 824 2826 Rose
845 2787 973 2831 ἐλαίας
991 2788 1163 2835 πρόκυψε
1185 2802 1330 2834 καρπος
1349 2801 1555 2836 perperam,
1575 2790 1677 2826 idem

146 2838 260 2873 antea
284 2849 428 2874 versum
457 2837 637 2874 excidisse
664 2837 808 2874 statuit.
838 2858 878 2863 —
909 2838 950 2873 V.
981 2842 1023 2873 12
1050 2840 1089 2873 et
1113 2848 1189 2883 seq.
1210 2849 1285 2872 non
1311 2847 1461 2883 possum
1487 2838 1675 2884 expedire.

147 2882 338 2920 Hermann
364 2883 639 2931 Βρομιοτρεφές
664 2897 701 2920 τε
728 2885 833 2943 νᾶμα
858 2882 1110 2930 κατάφυλλον,
1138 2883 1380 2921 κατάκλωνον
1405 2884 1590 2921 θαλέθων
1609 2882 1675 2931 ἥν·

147 2933 233 2967 &we
266 2946 319 2978 u.,
350 2932 500 2969 Boeckh
531 2933 695 2979 Βρομίου
728 2944 867 2978 στεγων
900 2931 941 2969 τὸ
974 2933 1079 2979 νᾶμα
1111 2959 1119 2967 .
1148 2960 1156 2969 .
1185 2959 1192 2967 .
1226 2933 1423 2978 σταφυλῶν
1455 2931 1591 2979 ἤνθισε
1627 2946 1675 2979 τι,

1323 2991 1395 3027 21*
