1864 3126
219 129 303 171 152
718 104 721 107 ’
773 127 964 165 POETAE
989 128 1166 165 Memcl.

215 249 399 291 ψευσται,
439 236 537 291 πρὸς
576 243 659 287 ταῖς
698 239 888 292 ἐσχατιαῖς
926 241 996 279 τοῦ
1031 235 1242 288 Ἑλικῶνος
1284 234 1411 280 αὐτὸν
1447 240 1587 289 τιθείς·
1625 237 1650 297 >ὃ
1690 235 1731 281 δ’

215 304 317 345 ἐστὶν
348 302 513 344 ἄπωθεν
543 305 688 353 ἱκανῶς
719 301 858 345 τούτου
889 307 959 345 τοῦ
989 301 1120 356 ὅρους.
1170 305 1275 356 quod
1318 305 1476 345 videtur
1513 318 1562 344 ex
1598 306 1736 346 eodem

216 372 364 422 hymno
395 369 577 420 petitum.

878 522 943 564 11.
976 521 1081 574 [71]

792 615 872 647 ΕΙΣ
898 614 1159 649 ΗΦΑΙΣΤΟΝ.

276 720 284 728 .
318 719 327 727 .
347 683 479 727 ”sams
510 684 632 728 θέων
664 682 822 740 μηδέν’
855 681 1102 741 Ὀλυμπίων
1134 686 1265 728 λῦσαι
1298 683 1400 742 ἄτερ
1431 686 1577 728 ἔέθεν.

950 804 1014 845 12.

337 889 552 928 Menander
590 890 638 928 de
680 890 839 928 Encom.
869 890 928 927 IX
970 890 1051 929 149
1086 889 1215 929 Walz:
1253 889 1334 930 Καὶ
1367 884 1544 939 Ἀλκαῖος
1571 888 1740 942 ‘limal-

218 966 327 994 στου
359 952 424 993 καὶ
455 949 574 993 πάλιν
598 949 747 1006 Ἑρμοῦ
780 949 920 1006 (γονὰς
950 950 1155 1009 ὕμνησεν).
1187 956 1235 995 cf.
1267 969 1368 1007 quae
1400 957 1451 995 ad
1482 958 1529 997 fr.
1564 959 1588 996 6
1621 958 1740 997 adno-

218 1022 305 1059 ssata
337 1022 441 1059 sunt.

855 1171 907 1212 13
927 1170 975 1214 A.
1009 1171 1113 1224 [79]

283 1249 342 1294 Τὸ
376 1249 460 1308 γὰρ
492 1253 614 1295 θεῶν
646 1249 785 1295 ι’ότατ’
820 1250 936 1308 ὔμμε
968 1251 1197 1309 λαχόντων
1227 1253 1352 1310 γέραι
1384 1251 1581 1310 ἄφθιτον

278 1319 479 1378 ἀνθήσει.

795 1472 797 1475 .
835 1417 986 1460 *133
1021 1420 1126 1473 [24]

340 1522 515 1532 .....
547 1485 822 1532 Δεινότατον
853 1488 997 1544 θέων,

315 1619 372 1653 Fr.
403 1622 459 1652 11.
499 1617 680 1674 Apollon.
698 1618 808 1663 Dyso.
835 1618 880 1653 de
899 1618 1306 1674 111011358Β1Σαφὲς
1331 1633 1389 1655 οτι
1413 1620 1478 1655 καὶ
1504 1617 1544 1655 τὸ
1559 1617 1742 1655 Αἰολικὸν

220 1666 388 1721 δίγαμμα
414 1669 494 1703 ταῖς
519 1678 615 1700 κατα
643 1662 684 1700 τὸ
711 1666 833 1722 τρίτον
859 1662 1058 1723 πρόσωπον
1084 1665 1350 1732 προσνέμεται,
1384 1664 1484 1702 καθὸ
1511 1666 1577 1702 καὶ
1602 1664 1645 1701 αἴ
1666 1663 1741 1702 ἀπὸ

224 1710 440 1757 φωνήεντος
465 1709 673 1758 αρχόμεναι
698 1711 937 1748 δασύνονται.
983 1709 1196 1754 Ἀλκαῖος·
1229 1716 1344 1749 ῼστε
1371 1718 1444 1750 κτλ.
1499 1714 1584 1751 Cod
1611 1717 1743 1749 λυσεα-

220 1773 282 1805 τερ
308 1762 435 1805 γεθεν.
462 1770 553 1796 corr
580 1760 909 1806 Bekker‚Ah1-ens
939 1761 1053 1796 λῦσαί
1075 1757 1109 1796 σ’
1143 1758 1232 1808 ἄτερ
1265 1762 1644 1798 0011100113.Μο1111111
1668 1762 1744 1797 tale

220 1808 330 1842 fuisso
357 1806 545 1843 existimo:

577 1854 1439 1901 [5,]Δυυ-Δυυ-υ-Δυυ-υυ

224 1923 395 1970 Ha-rbung
421 1921 513 1961 ὥστε
541 1924 689 1971 μηδένα
714 1925 788 1960 τῶν
813 1926 919 1961 θεῶν
941 1927 947 1972 Ι
966 1923 1172 1986 Ὀλυμπίων
1197 1924 1355 1963 αλλῦσαι
1380 1940 1482 1983 ατερ
1494 1925 1630 1964 Ὲέθεν.

316 1973 497 2009 F1·.13A.
547 1973 791 2030 Apollon.de
816 1985 920 2018 pron.
947 1977 1014 2009 387
1028 1973 1075 2009 B:
1102 1971 1174 2020 ’Ἡ
1177 1987 1219 2020 με
1247 1973 1407 2015 Αἰολεῖς·
1440 1972 1486 2010 τὸ
1513 1972 1597 2019 γὰρ
1621 1975 1744 2010 θεῶν

220 2027 372 2065 ϊοτητι
397 2020 511 2065 ὔμμε
537 2017 769 2065 λαχόντων
802 2033 982 2065 αφυτον
1012 1988 1174 2066 θησειμ
1181 2035 1324 2066 γερας.
1374 2022 1535 2067 Hymnis
1565 2021 1742 2066 adscripsi

219 2068 322 2112 haec,
350 2066 652 2124 quandoquidem
677 2078 721 2103 ex
745 2067 841 2103 libro
861 2068 877 2103 Ι
896 2067 1016 2112 petita
1045 2071 1141 2104 sunb.
1191 2068 1351 2105 Bekkeri
1371 2069 1494 2123 recepi
1514 2069 1740 2104 emendatio-

223 2126 320 2159 nem,
346 2114 418 2150 nisi
444 2115 543 2160 quod
570 2112 689 2150 ἰότατι
715 2115 853 2160 scripsi.
906 2115 979 2151 Sed
1003 2115 1191 2152 resbitutio
1215 2116 1368 2161 incerta,
1395 2115 1551 2152 conieci:

503 2182 600 2220 ὄττι
625 2182 696 2231 γὰρ
721 2183 826 2221 θέων
852 2183 971 2221 ἰότατι
997 2187 1117 2234 (θείῃ)

551 2245 648 2279 υμμε
673 2230 876 2290 λαχόντων,

504 2275 673 2325 αφθιτον
697 2277 812 2326 θήσει
836 2280 960 2327 γέρας.

214 2347 291 2387 Ὀτι
329 2352 368 2386 eb
404 2348 445 2385 τὸ
484 2362 507 2386 a
537 2350 698 2387 librariis
729 2363 840 2397 saepe
871 2352 1038 2388 confusa.
1075 2353 1164 2399 θείῃ
1196 2353 1271 2397 (vel
1296 2352 1420 2398 potius
1450 2349 1548 2399 θήη,
1580 2352 1663 2388 vide
1695 2352 1743 2387 ad

222 2398 387 2444 Theogn.
409 2399 492 2443 689)
513 2398 641 2434 addidi
659 2400 702 2434 ut
720 2400 759 2434 et
785 2399 1007 2434 sententiam
1034 2401 1072 2435 et
1090 2411 1236 2435 versum
1257 2380 1560 2445 1·edin1;egrareni,
1584 2398 1666 2435 θέω
1687 2400 1745 2435 est

222 2458 280 2490 ap.
309 2445 382 2491 Sap
384 2445 445 2491 p.h
472 2445 515 2480 fr.
545 2449 598 2480 12.
649 2445 715 2481 Est
739 2445 956 2481 vaticinium
977 2447 1022 2482 de
1042 2447 1232 2483 conditore
1258 2447 1361 2483 urbis
1386 2447 1445 2483 vel
1473 2446 1519 2482 de
1543 2446 1623 2482 viro
1648 2446 1742 2482 bene

221 2493 266 2528 dc
297 2493 488 2550 republica
519 2492 664 2528 merito.
716 2493 859 2529 Ahrens
891 2493 1040 2540 scripsit
1069 2494 1128 2530 τοὶ
1157 2492 1252 2551 γὰρ
1254 2498 1294 2530 θ.
1321 2493 1344 2530 ἰ.
1378 2490 1469 2540 ὔμμ’
1495 2493 1637 2550 ἔλαχον
1667 2494 1742 2528 τῶν

222 2537 316 2586 (αϊν)
342 2537 512 2598 ἄφθιτον
539 2537 698 2597 ὂνθήσει
723 2539 847 2598 γέρας,
872 2540 1044 2587 Harbung
1068 2539 1109 2576 τὸ
1136 2539 1208 2588 γὰρ
1227 2555 1324 2588 υμμε
1345 2542 1451 2577 θεῶν
1470 2538 1589 2586 ἰότητι
1606 2537 1741 2586 λαχόν-

221 2600 294 2622 των
316 2590 321 2627 Ι
343 2585 512 2632 αφθιτον
538 2584 703 2632 ανθήσει
726 2586 839 2633 γέρας
865 2587 951 2624 αἰεί.

316 2635 374 2670 Fr.
403 2634 493 2671 1313.
532 2634 720 2671 Plutarch.
737 2636 899 2672 Amator.
917 2648 945 2671 c
961 2639 1023 2671 20:
1053 2633 1109 2671 Τὰ
1136 2634 1215 2694 μὲν
1232 2629 1300 2672 οὖν
1325 2632 1441 2671 πολλα
1460 2634 1613 2694 ποιηταὶ
1632 2647 1742 2692 προσ

222 2683 417 2725 παίζοντες
442 2679 587 2718 ἐοίκασι
611 2682 661 2729 τῷ
686 2682 768 2730 θεῷ
793 2696 955 2739 ’γραφειν
980 2685 1078 2739 περὶ
1099 2696 1217 2719 αυτου
1249 2683 1314 2719 καὶ
1344 2680 1453 2739 ᾄδειν
1487 2679 1740 2728 ἐπικωμάζον-

222 2742 298 2773 τες,
326 2726 433 2774 ὀλίγα
464 2727 507 2765 δὲ
540 2730 684 2774 εἴρηται
715 2718 808 2786 μετὰ
841 2731 1006 2788 σπουδῆς
1030 2726 1175 2774 αυτοῖς,
1207 2731 1281 2766 εἴτε
1312 2743 1409 2766 κατα
1434 2730 1527 2764 νοῦν
1553 2729 1618 2765 καὶ
1641 2733 1741 2775 λογι-

222 2774 328 2820 σμόν,
354 2778 428 2812 εἴτε
462 2773 531 2811 σὺν
555 2777 636 2824 θεῷ
665 2776 733 2832 τῆς
767 2773 951 2823 ἀληθείας
982 2775 1211 2834 ἁψαμένοις·
1243 2771 1296 2813 ὦν
1329 2776 1370 2813 ἓν
1395 2774 1473 2813 ἐστι
1498 2776 1562 2812 καὶ
1586 2774 1628 2812 τὸ
1654 2777 1744 2836 περὶ

222 2823 287 2867 τῆς
311 2822 510 2868 γενέσεως
536 2814 821 2860 Δεινότατον
847 2828 921 2861 κτλ,
949 2824 986 2860 εἰ
1008 2822 1058 2870 μή
1089 2838 1123 2860 τι
1149 2825 1213 2861 καὶ
1243 2822 1340 2881 ὑμᾶς
1371 2820 1673 2860 αναπεπείκασιν
1705 2822 1744 2860 οἷ

222 2872 546 2935 γραμματικοί,
577 2870 748 2917 λέγοντες
778 2868 871 2917 πρὸς
903 2870 944 2908 τὸ
976 2873 1146 2908 ποικίλον
1177 2872 1244 2908 τοῦ
1275 2869 1428 2913 πάθους
1458 2870 1523 2908 καὶ
1552 2868 1594 2907 τὸ
1621 2867 1741 2917 ἀνθη-
1782 2900 1788 2902 -
