1864 3126
272 182 358 224 652
391 151 395 155 ⁴
572 159 575 163 ¹
944 179 1127 218 soomA.

320 301 339 331 5
365 287 506 347 τούτῳ
540 286 756 339 δεσπότας
786 290 945 344 μνοΐας
973 288 1196 345 κέκλημαι.

371 407 450 450 Tol,
482 405 531 450 δὲ
561 405 620 463 μὴ
653 404 869 464 τολμῶντ’
905 409 1020 464 ἔχειν
1053 406 1166 465 δόρυ
1195 407 1269 451 καὶ
1301 405 1428 465 ξίφος

365 477 437 521 καὶ
470 476 520 522 τὸ
551 482 690 522 καλον
722 476 950 534 λαισήιον,-
978 478 1213 536 πρόβλημα
1243 478 1428 537 χρωτός·

365 548 525 601 πάντες
555 547 670 606 γόνυ
701 544 948 606 πεπτηῶτες
979 549 1132 608 (ἀμφὶ)

367 619 475 676 ἐμόν
507 655 517 664 .
549 655 557 664 .
591 620 957 678 (προσ)κυνεῢντί
985 620 1076 679 (με)
1109 620 1330 666 δεσπόταν

298 704 340 735 10
365 691 438 735 καὶ
470 692 609 748 μέγαν
639 693 831 748 βασιλῆα
862 692 1124 748 φωνέοντες.

1000 812 1069 854 29.
1123 867 1126 871 .

365 908 1194 931 Luu-U--luu-U-Luu-U-

367 965 579 1024 Χρήματα
609 966 684 1024 ριαὶ
722 968 825 1022 βίον
858 964 1137 1023 Κλειταγόρᾳ
1167 982 1212 1008 τε
1243 944 1376 1022 κάμοὶ
1407 964 1514 1022 μετὰ
1545 968 1797 1011 Θεσσαλῶν.

271 1082 374 1119 οἶνον
402 1081 533 1130 [ἁδὺν]
562 1080 631 1119 ἀπ’
659 1080 823 1129 ἀμπέλω.
854 1105 896 1110 -
923 1083 967 1120 V.
995 1088 1027 1120 5.
1066 1083 1199 1128 μνοΐας
1233 1083 1381 1130 scripsi,
1420 1086 1463 1120 ut
1492 1085 1612 1120 tribus
1644 1084 1799 1130 syllabis

274 1131 550 1184 pronuntiefflur,
594 1143 818 1176 quamquam
857 1132 954 1167 enim
995 1132 1035 1167 in
1072 1130 1283 1167 huiusmodi
1326 1132 1493 1167 versibus
1535 1143 1799 1177 nonnunquam

272 1179 456 1224 spondeus
481 1177 563 1213 vice
589 1179 728 1223 dactyli
753 1178 969 1223 adhibelzur,
1009 1180 1134 1214 tamen
1166 1180 1314 1224 praeter
1343 1179 1605 1215 necessitatem
1635 1190 1712 1215 non
1742 1179 1800 1216 est

272 1225 506 1261 admittenda
530 1226 603 1261 ista
628 1225 820 1271 asperitas.
871 1227 912 1261 In
939 1207 1044 1262 li’bris
1077 1228 1135 1261 est,
1165 1227 1315 1271 μνοίας,
1348 1226 1420 1261 nisi
1455 1227 1554 1272 quod
1581 1226 1608 1262 C
1633 1229 1673 1263 et
1696 1227 1798 1264 Eunt.

273 1274 382 1318 plane
409 1273 604 1317 omittunt,
636 1273 824 1309 Hermann
857 1271 1055 1309 ὃεσπότα
1093 1273 1264 1317 μνωΐας
1295 1273 1460 1319 scripsit,
1492 1285 1562 1319 ego
1593 1274 1632 1310 in
1662 1273 1750 1312 edit.
1777 1279 1798 1310 2

271 1320 496 1377 suspicatus
508 1331 608 1356 eram
636 1322 805 1366 μνοίταις
831 1318 1040 1367 (μνῳταις),
1071 1319 1249 1377 Hartung
1274 1321 1397 1356 verbis
1421 1321 1587 1357 traieclzis
1613 1320 1800 1363 δεσπότας

272 1368 407 1414 μνοίας
432 1364 549 1415 τούτῳ
576 1367 777 1427 κέκλημαι,
811 1379 886 1404 non
917 1371 1034 1412 recte,
1067 1378 1152 1403 nam
1184 1365 1302 1415 τούτῳ
1335 1379 1400 1403 suo
1426 1368 1508 1404 loco
1539 1379 1612 1404 non
1639 1369 1800 1405 debebat

272 1415 432 1459 moveri,
465 1416 635 1451 Meineke
668 1414 832 1452 δέσποτα
864 1416 1014 1461 μνωῖας.
1043 1435 1086 1442 —-
1113 1404 1313 1461 κέκλημαι,
1345 1416 1373 1450 Β
1409 1415 1601 1464 βέβλημαι.
1629 1437 1672 1442 -
1698 1416 1741 1452 V.
1767 1421 1799 1452 6.

272 1443 451 1521 τολμῶντ’
480 1464 685 1508 Hermann,
711 1463 825 1508 vulgo
851 1464 1067 1521 τολμῶντες.
1096 1484 1135 1488 -
1165 1463 1230 1498 καὶ
1256 1463 1364 1507 ξίφος
1396 1464 1666 1500 om.Eus15.—
1695 1464 1738 1500 V.
1766 1468 1798 1501 7.

271 1512 469 1558 προβλημα
494 1511 522 1546 L
550 1511 668 1554 Cant„
677 1492 892 1559 πρόβλημα
918 1524 953 1546 τι
978 1510 1081 1555 ΑΒΟ,
1109 1509 1302 1546 om.Eus1:.
1328 1521 1401 1545 una,
1426 1522 1509 1546 cum
1535 1521 1624 1546 voce
1650 1508 1799 1556 χρωτός.

274 1558 386 1595 ——-.V
414 1562 445 1594 8.
473 1559 688 1615 πεπτηῶτες
712 1558 828 1604 Eust„
854 1556 1063 1613 πεπτηότες
1087 1558 1172 1593 Aizh.
1200 1579 1242 1583 -
1271 1556 1370 1603 αμφὶ
1395 1557 1532 1602 adieci3
1567 1556 1670 1604 ἐμὸν,
1696 1559 1800 1595 ouius

273 1606 356 1640 loco
382 1606 571 1641 Hermann
609 1602 717 1651 ἀμόν,
758 1605 952 1652 Goettling
989 1603 1079 1652 ἁμῖν
1117 1605 1280 1651 scripsit,
1321 1605 1497 1650 quoniam
1535 1616 1579 1641 eo
1616 1606 1799 1642 vocabulo

273 1665 420 1688 versum
457 1653 770 1698 terminaverunt,
809 1653 970 1689 servavi:
1003 1665 1088 1688 nam
1122 1653 1161 1687 in
1198 1664 1324 1687 versus
1356 1653 1506 1688 exordio
1538 1663 1613 1688 non
1645 1653 1802 1689 offendit

273 1699 418 1745 syllaba
443 1712 592 1758 anceps.
620 1721 664 1726 --
690 1701 732 1735 V.
761 1705 793 1736 9.
820 1701 991 1736 lacunam
1016 1700 1198 1736 indicavifi
1222 1701 1429 1745 Hermann,
1467 1711 1578 1745 quam
1605 1700 1799 1755 Goettling

272 1748 412 1783 inserto
450 1745 673 1793 αφαμιῶται
704 1748 776 1784 sibi
806 1748 1119 1794 redintegravisse
1150 1747 1249 1783 visus
1281 1749 1346 1782 est.
1380 1768 1424 1772 —-
1457 1747 1734 1793 προσκυνεῦντί
1753 1760 1799 1794 με

272 1795 420 1852 scripsi,
460 1796 581 1840 vulga
611 1794 802 1839 κυνέοντι,
841 1796 1029 1831 Hermann
1065 1795 1245 1830 κυνεῦντί
1284 1807 1335 1830 τε.
1393 1795 1495 1830 Ευεΐῑ.
1533 1785 1800 1840 inlzerpretat'ur

273 1840 391 1887 ήγουν
424 1843 684 1887 προσκυνοῦσί
711 1855 754 1888 με
788 1840 837 1883 ὡς
869 1841 1056 1897 δεσπότην
1087 1842 1152 1878 καὶ
1183 1843 1450 1887 προσφωνοῦσι
1481 1841 1601 1887 μέγαν
1634 1841 1850 1890 βασιλέα..

275 1911 315 1915 -
339 1890 382 1925 V
405 1894 459 1925 10.
487 1891 617 1935 βασιλῆ
621 1903 645 1924 α
667 1890 808 1935 solipsi,
837 1902 919 1925 cum
945 1891 983 1925 in
1009 1890 1114 1925 libris
1135 1889 1185 1924 sit
1211 1889 1375 1936 βασιλέα,
1403 1891 1554 1925 auctore
1574 1890 1796 1926 Hermanno.

275 1958 316 1962 -—
343 1936 556 1982 φωνέοντες
580 1936 716 1981 ΑΒΟΡ,
744 1935 930 1982 φωνέοντι
955 1938 1016 1972 VI
1044 1937 1147 1973 Cant.
1174 1936 1276 1972 Eust.

367 1984 545 2041 Scol329.
597 1965 782 2040 Aristdph.
810 1984 1062 2042 Vesp.12435>
1090 1982 1206 2043 Μετὰ
1238 1985 1372 2020 τοῦτον
1399 1983 1570 2029 Αἰσχίνης
1601 1981 1621 2019 ὁ
1655 1982 1797 2020 Σέλλου

273 2030 423 2074 δέξεται
448 2028 553 2089 ανὴρ
571 2030 690 2076 σοφὸς
710 2033 774 2067 καὶ
800 2030 987 2077 μουσικός,
1014 2026 1100 2066 κᾶτ’
1122 2028 1271 2080 ᾄσεται·
1298 2028 1480 2076 Χρήματα
1500 2031 1564 2067 καὶ
1583 2031 1670 2077 βίαν
1690 2033 1799 2067 Κλει-

273 2076 415 2128 ταγόρᾳ
441 2092 479 2114 τε
507 2075 620 2124 κάμοὶ
646 2091 738 2124 μετα
767 2080 974 2115 Θετταλῶν.
1017 2067 1167 2114 Correxi
1192 2080 1283 2135 βίον
1301 2079 1339 2114 eh
1366 2078 1574 2114 Θεσσαλῶν.
1626 2078 1799 2114 Ceterum

274 2127 396 2162 Schol
418 2126 466 2161 ad
490 2126 526 2161 h.
546 2126 615 2162 loo.
661 2124 915 2183 Κλειταγόρας
934 2125 1048 2183 μέλος
1072 2123 1222 2182 λέγουσι
1246 2124 1287 2161 τὸ
1316 2124 1370 2165 εἰς
1388 2122 1509 2170 αὐτὴν
1528 2122 1798 2181 Κλειταγόραν,

269 2170 298 2231 ἤ
323 2187 378 2214 τις
405 2171 554 2218 ἐγένετο
580 2171 756 2218 ποιήτρια
779 2175 945 2216 Θετταλη
971 2186 1025 2213 τις
1049 2170 1179 2218 γυνή.
1280 2170 1357 2208 ,ἐκ
1383 2172 1532 2208 σκολιοῦ
1559 2169 1660 2212 τινός
1679 2169 1798 2208 ἐστιν·

269 2217 481 2266 Ἀθηναίοις
514 2219 554 2256 δε
592 2221 771 2256 Θετταλοὶ
803 2219 1067 2278 συνεμάχησαν
1100 2217 1140 2256 ἐν
1172 2221 1222 2268 τῷ
1254 2217 1347 2265 πρὸς
1378 2217 1466 2260 τοὺς
1497 2216 1702 2263 τυράννους
1732 2232 1798 2256 πο-

266 2267 381 2326 λέμῳ.
412 2269 450 2303 eb
469 2279 579 2325 supra
599 2268 645 2303 ad
665 2282 698 2304 v.
723 2272 830 2304 1239:
852 2265 1046 2324 Ηρόδικος
1072 2267 1113 2303 δε
1141 2266 1182 2304 ἐν
1208 2272 1284 2308 τοῖς
1308 2265 1621 2327 κωμῳδουμένοις
1645 2267 1709 2302 καὶ
1733 2264 1799 2302 τὸν

266 2305 445 2371 ’Ἄδμητον
466 2313 734 2374 αναγέγραφε,
767 2316 956 2359 παραθεὶς
987 2313 1032 2350 τὰ
1066 2316 1132 2350 τοῦ
1158 2316 1346 2372 Κρατίνου
1373 2312 1414 2350 ἐκ
1441 2311 1658 2372 Χειρώνων·
1691 2317 1797 2350 Κλει-

270 2361 432 2421 ταγόρας
458 2360 580 2412 ᾄδειν,
613 2377 708 2398 οταν
738 2361 913 2420 Ἀδμήτου
946 2361 1055 2409 μέλος
1079 2359 1184 2410 αὐλῆ.
1230 2359 1467 2403 Ἀπολλώνιος
1499 2360 1540 2397 δὲ
1573 2358 1801 2404 ὃῠΧαίριδος

270 2408 319 2451 ὡς
346 2400 606 2456 Ἀρτεμίδωρος
641 2410 735 2456 (cod.
765 2410 853 2446 Ven.
887 2377 1173 2468 ἄρτεμιδώρου)
1191 2411 1301 2466 φησί,
1332 2409 1418 2454 περὶ
1451 2407 1519 2454 μὲν
1550 2409 1614 2454 τῆς
1645 2411 1798 2444 Κλειτα-

266 2456 383 2516 γόρας
420 2458 486 2502 τῆς
522 2459 735 2503 ποιητρίας,
779 2454 838 2493 ότι
876 2455 925 2498 ὡς
961 2455 1209 2514 ανδρώνυμον
1246 2454 1489 2502 αναγέγραφε
1525 2452 1798 2503 Κλειταγόραν,

266 2502 464 2551 Ἀμμώνιος
482 2502 682 2551 απελέγχει
707 2501 836 2549 αυτόν,
862 2505 946 2550 περὶ
974 2503 1014 2540 δε
1042 2505 1108 2541 τοῦ
1126 2501 1302 2550 Ἀδμήτου
1322 2508 1512 2549 παρεῖχεν.
1539 2504 1610 2538 hoo
1629 2499 1798 2539 scholion

270 2553 456 2635 {laomssdo
483 2553 755 2588 emendandum
781 2552 846 2634 sibd
869 2553 1072 2634 Xieertum.
1105 2552 1308 2634 Ηῗτοᾶίοιιὲ
1333 2551 1488 2634 videtne}-
1505 2549 1798 2632 ΟΙίταβοι-αιῗὸἓὴ

331 2611 388 2636 me
409 2613 471 2635 um
502 2599 748 2643 recensuisse,
780 2611 818 2635 se
903 2611 1086 2635 mmomus
1118 2612 1142 2634 u
1163 2611 1242 2634 rum
1269 2610 1288 2634 e
1330 2611 1340 2633 1
1371 2609 1409 2634 se
1492 2610 1617 2643 ειταγο
1642 2610 1690 2632 αν

273 2658 383 2692 quam
403 2644 651 2693 ἁνδρώνυμον
669 2647 708 2682 in
728 2646 869 2682 indices
892 2646 1074 2690 retulerit,
1101 2658 1148 2681 an
1167 2611 1524 2684 Hei-odiciperrorem
1545 2611 1797 2690 castffgaverit,

274 2706 347 2730 non
373 2695 489 2730 ausim
517 2694 723 2730 decernere.
775 2693 986 2750 Clitagorae
1019 2693 1174 2729 acolium
1206 2693 1512 2729 commemoravit
1544 2691 1658 2728 etiam
1683 2691 1796 2728 Arist.

274 2742 426 2799 Lysistr.
450 2746 552 2785 1236,
578 2742 643 2777 ubi
670 2741 810 2777 Schola
836 2738 912 2777 απὸ
939 2738 1193 2798 Κλειταγόρας
1217 2741 1282 2786 τῆς
1305 2742 1516 2786 ποιητρίας·
1541 2735 1566 2784 ἡ
1583 2736 1663 2797 γὰρ
1689 2742 1795 2775 Κλει-

274 2786 415 2833 ταγόρα
440 2787 617 2834 ποιήτρια
636 2783 683 2834 ἦν
704 2786 916 2846 Λακωνική,
943 2783 988 2834 ἧς
1014 2787 1200 2835 μέμνηται
1225 2787 1288 2824 καὶ
1315 2785 1357 2823 ἐν
1379 2787 1563 2823 Δαναΐσιν
1583 2782 1796 2843 Ἀριστοφά-

275 2849 350 2917 ξ’ἔῗι·
369 2835 806 2919 ἒῗέἔοξὲἐὲιῑῖζξῖἔ
834 2830 1798 2924 {³33³5255‘33'2„:3253‘1'5'2‘333353‘3'3535323⁸22⁹.

278 2931 375 2964 certe
402 2895 556 2965 scolgium
583 2941 657 2965 non
683 2932 740 2966 est
765 2895 882 2966 abpea
907 2895 1124 2976 prgssectum.
1334 2895 1359 2929 p
