1864 3126
874 739 905 780 Ι.
1581 749 1651 782 811

693 784 1099 869 EUmELUs

592 923 877 956 HPOZOAION
902 924 983 956 ΕΙΣ
1008 923 1189 958 ΔΗΛΟΝ.

195 1007 263 1065 Τῷ
299 1003 385 1061 γὰρ
414 1003 635 1063 Ἰθωμάτᾳ
666 1004 941 1062 καταθύμιος
973 1007 1123 1049 ἔπλετο
1157 1010 1311 1049 Μοῖσα

189 1074 216 1119 ἁ
248 1073 454 1133 καθαρὰν
487 1075 710 1133 (κίθαριν)
742 1075 815 1119 καὶ
848 1074 1062 1133 ἐλεύθερα
1094 1074 1284 1132 σάμβαλ’
1320 1079 1480 1133 ἔχοισα.

225 1205 452 1240 Eumelus.
503 1205 704 1241 Pausanias
729 1206 779 1241 IV
811 1209 873 1250 33,
910 1209 949 1240 3:
982 1201 1116 1250 ἄγουσι
1149 1203 1190 1241 δὲ
1224 1205 1286 1241 καὶ
1321 1202 1453 1252 ἑορτὴν
1484 1204 1655 1244 ἐπέτειον

128 1249 311 1298 Ἰθωμαῖα
338 1251 390 1296 (οἱ
412 1251 651 1298 maminot)-
678 1250 719 1288 τὸ
746 1251 788 1288 δὲ
814 1249 972 1297 ἀρχαῖον
998 1254 1062 1287 καὶ
1087 1249 1219 1297 ἀγῶνα
1253 1250 1430 1289 ἐτίθεσαν
1457 1256 1652 1300 μουσικῆς·

134 1301 406 1346 τεκμαίρεσθαι
432 1296 469 1334 δ’
498 1298 596 1335 ἔστιν
622 1297 746 1340 ἄλλοις
770 1312 808 1335 τε
836 1299 900 1334 καὶ
925 1295 1101 1345 Εὐμήλου
1121 1304 1198 1341 τοῖς
1217 1298 1362 1336 ἔπεσιν·
1390 1299 1539 1347 ἐποίησε
1560 1303 1655 1348 ’γοῦν

131 1347 195 1383 καὶ
220 1344 309 1382 τάδε
340 1344 381 1382 ἐν
406 1347 456 1394 τῷ
489 1348 674 1395 προσοδίῳ
709 1347 759 1395 τῷ
786 1344 824 1388 ἐς
855 1347 996 1392 Δῆλον·
1029 1347 1085 1395 τῷ
1117 1345 1200 1393 γὰρ
1226 1351 1300 1384 κτλ.
1328 1345 1469 1384 οὐκοῦν
1495 1350 1658 1395 ποιῆσαί

132 1407 196 1440 μοι
222 1396 334 1430 δοκεῖ
352 1392 397 1429 τὰ
427 1394 497 1440 ἔπη
524 1394 587 1430 καὶ
613 1395 792 1440 μουσικῆς
817 1391 947 1439 ἀγῶνα
975 1391 1220 1440 ἐπιστάμενος
1244 1394 1431 1436 τιθέντας.
1470 1396 1551 1432 Hoc
1577 1408 1655 1433 car-

132 1453 217 1478 men
243 1442 355 1477 ehiam
382 1442 431 1478 1V
459 1446 490 1486 4,
518 1446 538 1476 2
565 1444 763 1477 memorat:
798 1438 860 1477 ἐπὶ
891 1439 933 1476 δὲ
963 1443 1079 1477 Φίντα
1111 1442 1178 1478 τοῦ
1204 1439 1359 1491 Συβότα
1384 1441 1532 1488 πρῶτον
1557 1447 1657 1480 Μεσ-

132 1486 256 1534 σήνιοι
280 1487 362 1524 τότε
390 1490 439 1537 τῷ
464 1487 659 1524 Ἀπόλλωνι
685 1486 723 1529 ἐς
749 1489 874 1534 Δῆλον
907 1489 1048 1524 θυσίαν
1074 1491 1139 1524 καὶ
1164 1485 1313 1535 ἀνδρῶν
1340 1487 1452 1536 χορὸν
1478 1488 1655 1528 ἀποστέλ-

131 1540 251 1572 λουσι·
283 1534 323 1572 τὸ
357 1536 400 1572 δέ
433 1548 560 1581 σφισιν
592 1531 695 1585 ᾆσμα
726 1535 926 1581 προσόδιον
958 1533 996 1576 ἐς
1033 1533 1098 1571 τὸν
1129 1534 1227 1572 θεὸν
1259 1534 1433 1581 ἐδίδαξεν
1473 1535 1658 1584 Εὔμηλος,

133 1582 238 1619 εἶναι’
264 1597 302 1619 τε
338 1580 386 1624 ὡς
419 1580 573 1629 ἀληθῶς
604 1581 782 1630 Εὐμήλου
817 1584 1009 1628 νομίζεται
1039 1581 1139 1630 μόνα
1170 1582 1217 1619 τὰ
1250 1582 1320 1630 ἔπη
1352 1585 1482 1621 ταῦτα.
1532 1586 1657 1632 Atque

133 1632 252 1667 denuo
285 1631 318 1666 V
345 1635 407 1676 19,
436 1635 496 1675 10,
531 1631 596 1667 ubi
628 1631 897 1677 epigrammassa
927 1642 1035 1666 arcae
1068 1630 1262 1677 Cypseliae
1293 1632 1341 1667 ab
1373 1632 1528 1669 Eumelo
1558 1632 1660 1669 facta

134 1690 213 1714 esse
239 1678 408 1714 coniicit:
434 1676 480 1713 τὰ
508 1675 770 1724 ἐπιγράμματα
796 1677 838 1714 δὲ
864 1675 910 1713 τὰ
938 1675 1000 1713 ἐπ’
1028 1675 1144 1723 αὐτῆς
1168 1676 1263 1724 τάχα
1283 1678 1353 1738 μέν
1372 1693 1444 1715 που
1465 1680 1529 1715 καὶ
1548 1677 1658 1722 ἄλλος

134 1739 188 1766 τις
213 1722 261 1760 ἂν
289 1727 346 1770 εἴη
373 1723 604 1771 πεποιηκώς,
630 1726 694 1771 τῆς
719 1724 761 1761 δὲ
788 1723 971 1766 ὑπονοίας
995 1725 1037 1760 τὸ
1063 1723 1157 1761 πολὺ
1180 1723 1219 1766 ἐς
1243 1728 1419 1772 Ευμηλον
1439 1725 1505 1763 τὸν
1524 1729 1657 1772 Κορίν-

134 1776 226 1808 θιον
252 1771 352 1818 εἶχεν
378 1770 480 1818 ἡμῖν,
507 1770 628 1808 ἄλλων
653 1786 691 1808 τε
715 1772 828 1809 ἕνεκα
848 1772 912 1807 καὶ
932 1773 999 1808 τοῦ
1018 1774 1220 1816 προσοδίου
1241 1773 1412 1819 μάλιστα,
1437 1770 1459 1809 ὃ
1481 1771 1656 1821 ἐποίησεν

138 1818 176 1860 ἐς
202 1820 338 1864 Δῆλον.
385 1820 573 1866 Suspicari
596 1819 714 1866 igitur
737 1820 828 1856 licet
851 1820 890 1855 in
914 1821 1093 1865 peculiari
1118 1820 1246 1865 aliqua
1265 1832 1304 1856 re
1323 1821 1394 1856 hoc
1412 1821 1560 1857 Eumeli
1579 1833 1656 1857 car-

135 1878 220 1902 men
246 1879 329 1903 cum
360 1867 475 1913 signis
509 1871 547 1903 et
577 1868 697 1904 titulis
727 1868 828 1903 illius
853 1879 963 1903 arcae
994 1867 1275 1914 conspiravisse.
1307 1889 1353 1894 -
1384 1868 1427 1904 V.
1456 1874 1487 1904 1.
1513 1872 1655 1914 Μοῖσα,

134 1915 190 1949 Pd
206 1919 338 1960 μοῖρα.
367 1935 409 1940 —
436 1915 478 1949 V.
500 1919 520 1949 2
543 1926 614 1951 om.
634 1915 699 1950 Pd.
727 1912 751 1951 ἁ
771 1912 926 1960 καθαρὰ
947 1926 1018 1950 om.
1038 1915 1131 1951 Vah.
1159 1935 1203 1940 —
1230 1915 1367 1961 Scripsi
1393 1913 1417 1951 ἁ
1439 1915 1657 1962 καθαρὰν

135 1962 362 2007 (κίθαριν)
395 1963 432 1997 et
462 1963 596 1998 deinde
628 1961 754 2008 ἔχοισα
785 1974 852 2008 pro
885 1962 1038 2008 ἔχουσα,
1074 1973 1170 2008 quae
1202 1962 1339 1999 dixisse
1369 1962 1517 2001 videtur
1546 1965 1658 2010 poeba

135 2008 330 2044 tibicinum
357 2009 430 2044 arti
454 2010 681 2056 adversatus,
707 2021 802 2055 quae
827 2012 915 2046 tunc
940 2011 980 2045 in
1005 2010 1161 2046 Graecia
1185 2010 1390 2046 laetissima
1408 2009 1584 2056 capiebat
1601 2012 1657 2047 in—

136 2057 336 2094 cremenba.
380 2056 760 2101 Emperiusconieoit
784 2055 808 2093 ἁ
835 2054 989 2103 καθαρὰ
1015 2058 1079 2094 καὶ
1105 2054 1322 2103 ἐλευθέριος
1345 2055 1441 2094 καλὰ
1467 2055 1576 2105 σάμβ.
1605 2058 1656 2104 ἕχ.

138 2124 182 2129 -
214 2100 376 2149 σάμβαλ’
410 2103 787 2150 BMPchngRLb‚
823 2103 971 2152 σάματα
1002 2105 1072 2151 Pa,
1105 2101 1240 2151 σάματ’
1275 2104 1426 2151 reliqui,
1463 2106 1551 2141 hinc
1586 2118 1659 2142 non

137 2151 238 2187 reobe
263 2151 483 2196 Goldhagen
508 2148 645 2200 ᾄσματ’
674 2152 831 2198 scripsit.
