1864 3126
227 139 311 181 132
719 106 721 109 ’
790 133 983 170 POETAE
1006 132 1183 168 MELICI.

226 247 262 290 δ’
298 246 323 302 ἡ
355 249 507 301 Λεσβία
543 244 667 287 πολλά
706 261 744 286 τε
783 245 849 285 καὶ
889 241 961 297 οὐχ
1001 239 1266 296 ὁμολογοῦντα
1305 238 1486 294 ἀλλήλοις
1524 240 1564 289 ἐς
1590 237 1747 293 Ἔρωτα

226 309 337 369 ᾖσεν,
376 327 421 353 ac
457 315 506 352 de
538 313 694 351 Venere
731 315 772 351 et
809 312 954 350 Am01e
990 310 1161 350 fortasse
1201 308 1300 347 dixit
1338 308 1384 347 fr.
1429 309 1529 346 117ε
1565 302 1633 345 τὸν
1668 300 1747 345 ,Ρὸν

224 379 349 419 παῖδα
379 374 496 417 καλει.

945 465 1040 508 133.

346 555 495 593 Himer.
529 553 595 593 Or.
627 553 724 591 XIII
757 555 799 592 9:
835 546 974 603 Ἀστὴρ
1006 546 1114 602 οἶμαι
1145 545 1194 589 σύ
1225 565 1280 597 τις
1311 546 1504 600 ἑσπέριος,
1542 543 1749 599 ἀστέρων

227 615 418 659 πάντων
449 614 469 657 ὃ
506 614 769 664 κάλλιστος·
811 618 1007 667 Σαπφοῦς
1036 617 1148 655 τοῦτο
1180 611 1229 666 δή
1260 611 1302 654 τὸ
1334 614 1388 661 εἰς
1406 610 1604 665 ’Έσπερον
1634 604 1750 667 ᾆσμα.

229 684 288 724 Of.
327 684 387 722 ΠΙ
429 685 500 722 17:
541 677 693 733 ἐφάνης
731 681 866 721 τοίνυν
907 673 1020 728 οὗτος
1059 679 1207 728 ἐκεῖνος
1249 673 1456 731 ἀστέρων
1497 674 1686 717 πάντων
1729 668 1750 716 ὅ

227 745 498 795 κάλλιστος·
531 745 572 786 σὲ
602 742 676 799 γὰρ
702 742 914 797 Ἀθηναῖοι
943 747 1130 799 καλοῦσιν
1147 742 1355 796 ’Ἕσπερον
1401 743 1581 800 ἶἶΤίᾶὶτίῑιιι·
1610 741 1751 781 fuisse:

627 837 817 893 Ἀστέρων
847 836 1007 880 πάντων
1038 836 1059 880 ὅ
1091 836 1268 887 κᾶλιστος
1300 870 1309 879 .
1341 870 1350 879 .

230 940 419 988 Hartung
445 938 722 975 hexametrum
746 935 925 974 restituit
943 931 1126 986 Ἕσπερε,
1157 930 1355 981 κάλλιστος
1380 946 1403 970 *
1428 945 1451 970 *
1475 929 1628 984 ἄστρων
1650 927 1752 971 πόλυ

229 999 403 1053 πάντων,
442 1003 539 1041 item
576 1001 773 1051 Koechly:
809 998 1018 1053 fe'ffmpog,
1057 995 1134 1039 ὅστ’
1175 996 1327 1051 ἄστρων
1362 994 1562 1045 κάλλιστος
1601 992 1754 1048 ἔφήναο

231 1063 406 1116 πάντων,
438 1066 501 1104 cui
526 1065 649 1104 alium
675 1065 724 1103 de
749 1077 820 1104 suo
846 1065 975 1104 addit:
1005 1063 1208 1116 fs'cmepog,
1233 1060 1319 1104 ὅστε
1343 1059 1523 1111 κάκιστος
1547 1061 1591 1102 ἐν
1615 1057 1755 1113 ἀστρά-

235 1144 298 1171 σιν
328 1131 480 1170 ἴστασαι
510 1123 644 1182 ἀστήρ.
673 1151 724 1156 ——
752 1130 817 1168 Ad
849 1130 1032 1180 Sapphus
1064 1130 1327 1169 imitationem
1357 1129 1619 1178 compositum
1649 1127 1755 1166 vide-

233 1199 302 1236 tur
332 1197 434 1247 quod
469 1199 531 1234 est
561 1195 655 1233 ibid.
687 1195 707 1233 I
740 1196 813 1234 20:
851 1194 908 1234 Εἰ
937 1192 980 1234 δὲ
1010 1194 1077 1234 καὶ
1108 1191 1213 1250 ᾠδῆς
1244 1192 1420 1246 ἐδέησεν,
1451 1192 1579 1233 ἔδωκα
1609 1188 1661 1232 ἂν
1690 1191 1757 1232 καὶ

234 1260 347 1314 μέλος
383 1257 552 1300 τοιόνδε·
593 1255 750 1311 Νύμφα
786 1258 937 1312 ῥοδέων
979 1256 1133 1311 ἐρώτων
1169 1255 1365 1311 βρύουσα,
1401 1255 1557 1310 Νύμφα
1592 1258 1758 1309 Παφίης

234 1323 387 1379 ἄγαλμα
417 1321 632 1374 κάλλιστον,
663 1324 725 1362 ἴθι
755 1320 852 1374 πρὸς
883 1320 1017 1376 εὐνήν,
1047 1324 1109 1363 ἴθι
1139 1319 1237 1374 πρὸς
1268 1321 1388 1375 λέχος,
1419 1323 1566 1375 μείλιχα
1596 1323 1756 1369 παίζου-

235 1403 297 1441 σα,
321 1393 482 1443 γλυκεῖα
506 1388 684 1442 νυμφίῳ·
698 1385 893 1440 ’Ἑσπερός
917 1385 952 1428 σ’
982 1387 1149 1429 ἑκοῦσαν
1173 1385 1276 1441 ἄγοι,
1295 1384 1597 1441 ἆργυρόθρονον
1622 1387 1759 1440 ζυγίαν
1826 1402 1828 1404 ’

224 1451 357 1507 1’Ήραν
397 1449 696 1505 θαυμάζουσαν.
735 1465 861 1502 neque
888 1455 1037 1492 tamen
1075 1467 1122 1493 ex
1158 1453 1285 1503 inepti
1322 1453 1495 1492 rhetoris
1535 1453 1760 1503 periphrasi

237 1521 332 1558 licet
361 1520 459 1558 haee
485 1521 526 1557 et
551 1519 631 1557 alia
655 1519 696 1556 id
722 1531 847 1568 genus
873 1518 914 1556 in
938 1519 1143 1569 integrum
1168 1519 1392 1571 restituere,
1419 1518 1599 1568 quamvis
1626 1517 1757 1556 West-

236 1586 330 1634 phal
360 1585 402 1622 in
433 1584 564 1623 Iahnii
595 1583 736 1622 Annal.
769 1583 935 1621 LXXXI
968 1585 1053 1622 690
1084 1584 1305 1634 periculum
1335 1583 1491 1622 feeerit:

521 1662 662 1718 Νύμφ’
698 1662 853 1718 ἐρώτων
885 1658 915 1704 ὦ
946 1663 1097 1718 ρ”οδέων
1129 1662 1317 1718 βρύοισα,

520 1728 661 1783 νύμφα
691 1727 895 1771 κάλλιστον
926 1730 1091 1780 Παφίας
1121 1727 1295 1783 ἄγαλμα,

521 1796 681 1851 νυμφίῳ
712 1792 915 1849 πρόσβαθι
945 1793 1054 1847 λέχος
1084 1791 1261 1847 γλύκεια,

574 1905 576 1907 ,
639 1862 739 1913 βᾶθι
769 1857 868 1912 πρὸς
897 1857 1030 1900 εὕναν.

521 1927 705 1979 μελλίχως
736 1924 780 1965 δὲ
809 1924 1051 1977 παιξομέναν
1081 1922 1156 1965 σὺν
1186 1923 1301 1978 ἅνδρι

521 1987 711 2043 ,Ρέσπερός
742 1987 778 2030 σ’
813 1988 970 2030 ἕκοισαν
1001 1987 1090 2043 ἄγοι
1121 1987 1308 2042 δόμονδε·

521 2053 770 2108 θαυμάσειας
800 2051 837 2094 δ’
872 2050 923 2094 ἂν
955 2055 1092 2108 ζυγίαν
1121 2053 1221 2096 θέον
1251 2052 1371 2109 ἄργυ-

589 2123 595 2126 ’
641 2117 840 2174 ρόθρονον
857 2116 1000 2172 ‘'Hpav.

239 2207 447 2256 eleganter
476 2206 545 2245 ille
577 2205 736 2255 quidem
768 2206 809 2243 et
838 2203 1056 2254 ingeniose,
1088 2204 1157 2243 sed
1189 2204 1238 2243 ab
1270 2204 1525 2254 antiquorum
1555 2205 1763 2253 poetarum

242 2284 317 2310 usu
343 2272 407 2311 vel
433 2271 533 2309 illud
558 2271 720 2321 recedit,
747 2269 853 2321 quod
871 2269 1007 2308 Venus
1027 2270 1181 2318 Paphia
1204 2271 1467 2319 nuncupatur,
1493 2269 1598 2319 quod
1622 2280 1763 2306 nomen

239 2336 600 2375 Alexandrinorum
631 2336 791 2374 demum
822 2336 978 2374 saeculo
1011 2335 1084 2373 dea
1113 2334 1185 2373 illa.
1201 2334 1366 2379 aseivit.
1426 2334 1573 2372 Postea
1602 2329 1764 2382 Maehly

242 2402 283 2440 in
313 2402 413 2440 Mus.
446 2401 570 2439 Rhen.
601 2400 695 2438 XXI
728 2402 809 2439 301
833 2400 1086 2454 ‘Westphalii
1116 2400 1342 2447 immemor,
1379 2399 1447 2437 sed
1483 2410 1563 2436 non
1605 2397 1764 2436 meliore

242 2478 438 2516 successu,
471 2465 654 2515 Sapphus
685 2478 844 2504 carmen
874 2465 1086 2504 restituere
1116 2466 1282 2512 conatus
1314 2464 1387 2503 est.

879 2585 973 2627 134.
1006 2585 1139 2638 [125]

362 2671 491 2711 Schol.
517 2671 650 2721 Apoll.
675 2670 801 2710 Rhod.
827 2670 884 2708 IV
910 2671 983 2709 57:
1017 2668 1117 2722 Περὶ
1147 2666 1190 2708 δὲ
1220 2670 1288 2708 τοῦ
1319 2670 1386 2720 τῆς
1416 2664 1595 2719 Σελήνης
1625 2667 1765 2720 ἔρωτος

243 2737 438 2788 ἱστοροῦσι
468 2731 628 2785 Σαπφὼ
665 2733 730 2774 καὶ
761 2734 987 2786 Νίκανδρος
1018 2733 1061 2773 ἐν
1093 2732 1258 2788 δευτέρῳ
1290 2728 1510 2784 Εὐρώπης·
1546 2730 1691 2785 λέγεται
1723 2730 1765 2771 δὲ

243 2799 498 2853 κατέρχεσθαι
528 2800 583 2847 εἰς
612 2801 725 2840 τοῦτο
755 2795 797 2838 τὸ
829 2795 974 2850 α’ντρον
1005 2794 1223 2852 (Λατμιον)
1254 2794 1326 2850 τὴν
1351 2793 1533 2848 Σελήνην
1556 2793 1655 2850 πρὸς
1681 2794 1765 2836 Ἐν·
1778 2799 1848 2831 918

244 2865 435 2916 δυμίωνα.
495 2865 555 2904 Of.
587 2865 732 2905 Eudoc.
767 2866 862 2904 148.
