1864 3126
223 171 310 213 226
532 179 534 184 ’
791 171 986 208 ΡΟΕΤΑΕ
1011 172 1186 210 MELIOI.

222 284 406 335 σανδρος,
433 280 481 324 οὐ
507 284 756 336 Στησίχορος,
789 281 861 324 οὐκ
882 281 1066 337 Ἀλκμάν,
1097 282 1146 326 οὖ
1169 286 1371 338 Πίνδαρος
1390 286 1609 340 Αἰγυπτίου
1634 286 1748 341 ἔσχον

220 345 339 401 λόγον
364 345 604 401 εΗρακλέους
633 345 659 400 ἢ
693 349 898 400 Φοίνικος,
937 346 1020 389 ἀλλ’
1056 349 1126 390 ἕνα
1155 354 1294 391 τοῦτον
1325 351 1430 391 ἴσασι
1459 349 1603 401 πάντες
1626 349 1748 406 ‘Hou-

219 411 311 452 κλέα
340 409 412 453 τὸν
438 410 629 455 Βοιώτιον
661 410 761 466 ὁμοῦ
792 414 859 455 καὶ
885 412 1070 468 Ἀργεῖον.

877 519 945 563 60.
980 520 1086 573 [69.]

339 594 403 642 Et.
435 604 486 643 M.
522 606 545 642 7
552 606 624 652 72
656 606 730 644 49:
783 601 992 655 Τυφωευς
1030 601 1215 653 “Ησίοδος
1252 602 1373 646 αὐτὸν
1403 608 1485 658 Γῆς
1505 609 1747 685 γενεαλογεῖ,

221 668 459 720 Στησίχορος
491 667 552 719 δέ,
571 665 700 719 “”Ήρας
725 665 849 721 μόνης
874 666 971 709 κατὰ
997 671 1258 721 μνησικακίαν
1282 667 1379 719 Διὸς
1402 665 1590 723 τεκούσης
1613 668 1744 712 αὐτόν.

197 745 206 753 ·
222 732 281 772 Cf.
307 733 455 772 Eudoc.
481 735 581 774 406.
876 748 887 757 ·

879 827 1087 880 61.[73]

339 911 570 960 Apollodor.
590 912 653 950 III
676 915 742 961 10,
763 916 807 952 3:
839 909 1047 964 Κυνόρτου
1080 911 1122 952 δὲ
1141 909 1361 965 Περιήρης,
1393 909 1438 961 ὃς
1461 917 1579 967 γαμεῖ
1598 916 1748 967 Γοργο-

222 970 357 1026 φόνην
387 971 458 1027 τὴν
483 975 685 1028 Περσέως,
715 974 899 1029 καθάπερ
930 972 1171 1030 Στησίχορός
1201 990 1318 1030 φησι,
1349 977 1414 1018 καὶ
1444 979 1558 1018 τίκτει
1591 975 1747 1018 Τυνδά-

221 1054 341 1091 ρεων,
368 1036 559 1093 Ἰκάριον,
586 1035 778 1094 Ἀφαρέα,
810 1039 1058 1083 Λεύκιππον.
1109 1043 1168 1083 Of.
1194 1044 1321 1083 Tzetz.
1350 1045 1400 1083 ad
1426 1045 1622 1094 Lycophr.
1649 1046 1748 1083 511.

878 1147 1085 1200 62.[76]

341 1229 468 1269 Sehol.
500 1231 632 1281 Apoll.
664 1232 790 1271 Rhod.
821 1232 879 1270 IV
913 1235 1044 1272 1310:
1089 1235 1252 1285 Πρῶτος
1282 1233 1519 1285 Στησίχορος
1555 1232 1632 1284 ἔφη
1674 1229 1748 1273 σὺν

222 1290 358 1342 ὅπλοις
389 1294 432 1334 ἐκ
462 1297 531 1346 τῆς
560 1298 629 1336 τοῦ
660 1292 757 1344 Διὸς
787 1299 960 1348 κεφαλῆς
994 1291 1250 1350 ἀναπηδῆσαι
1280 1294 1352 1349 τὴν
1379 1294 1570 1349 Ἀθηνᾶν.

882 1405 1090 1460 63.[51]

341 1489 495 1529 Aelian.
518 1490 613 1530 Var.
633 1492 683 1530 H.
703 1493 744 1530 X·
762 1493 813 1531 18
841 1494 1055 1542 postquam
1080 1493 1228 1532 famam
1247 1493 1295 1531 de
1314 1494 1522 1542 Daphnide
1547 1492 1746 1543 exposuit:

222 1552 265 1592 ἐκ
297 1551 340 1593 δὲ
369 1551 508 1595 τούτου
539 1552 586 1595 τὰ
617 1553 830 1607 βουκολικὰ
863 1554 957 1608 μέλη
988 1560 1142 1609 πρῶτον
1173 1554 1301 1611 ᾔσθη,
1331 1556 1397 1597 καὶ
1429 1553 1528 1610 εἶχεν
1553 1553 1747 1597 ὑπόθεσιν

221 1614 263 1658 τὸ
295 1615 448 1669 abiens,
479 1616 521 1659 τὸ
553 1617 650 1660 κατὰ
680 1617 773 1669 τοὺς
804 1618 1039 1674 ὀφθαλμοὺς
1070 1619 1209 1662 αὐτοῦ·
1240 1621 1305 1675 καὶ
1335 1618 1577 1674 Στησίχορόν
1607 1637 1650 1675 γε
1679 1618 1748 1662 τὸν

215 1678 409 1736 Ἱμεραῖον
448 1687 517 1736 τῆς
556 1682 736 1748 τοιαύτης
774 1688 999 1738 μελοποιΐας
1036 1684 1300 1740 ἀπάρξασθαι.
1362 1689 1421 1726 Ex
1460 1689 1523 1726 his
1564 1688 1747 1727 coniicias

221 1749 302 1788 iam
334 1749 606 1790 Stesichorum
635 1752 857 1801 Daphnidis
892 1753 1094 1792 fortunam
1125 1754 1298 1792 carmine
1330 1754 1463 1803 aliquo
1495 1755 1747 1803 persecutum

222 1827 327 1863 esse,
361 1817 402 1853 et
432 1815 619 1854 Welcker
650 1816 809 1867 quidem
841 1818 1044 1856 existimat
1073 1818 1283 1856 Aelianum
1317 1817 1420 1856 Hist.
1453 1817 1585 1856 Anim.
1610 1817 1667 1855 XI
1693 1818 1744 1855 13

222 1880 438 1918 secundum
470 1880 740 1920 Stesichorum
772 1883 870 1922 haec
902 1883 1144 1932 exposuisse.

879 1985 949 2027 64.
981 1985 1086 2039 [94]
1758 2008 1826 2039 991

341 2069 484 2109 Strabo
503 2070 523 2108 I
542 2071 617 2108 42:
643 2065 827 2118 (Ησίοδος
853 2066 890 2108 δ’
919 2069 962 2110 ἐν
986 2067 1184 2125 καταλόγῳ
1211 2070 1324 2122 φησί·
1357 2067 1437 2108 Καὶ
1462 2065 1612 2122 κούρην
1632 2066 1745 2122 ’Aoni-

221 2134 329 2186 βοιο,
359 2130 429 2173 τὸν
447 2129 632 2186 Ἑρμάων
662 2130 840 2187 ἀκάκητα
870 2136 1022 2188 γείνατο
1053 2134 1119 2174 καὶ
1148 2135 1297 2187 Θρονίη
1322 2131 1447 2187 κούρη
1473 2132 1617 2188 Βήλοιο
1648 2132 1746 2176 ἅνα-

219 2215 318 2247 κτος.
351 2195 453 2239 οὕτω
486 2197 529 2239 δὲ
558 2198 625 2239 καὶ
659 2200 896 2253 Στησίχορος
926 2198 1036 2254 λέγει.

878 2303 947 2347 65.
979 2303 1084 2357 [57.]

339 2389 483 2428 Vibius
516 2389 603 2439 Seq.
635 2390 683 2428 de
714 2390 886 2430 Flumin.
917 2403 955 2439 p.
991 2392 1040 2428 11
1078 2390 1136 2428 ed.
1169 2388 1319 2430 Oberl.:
1368 2390 1566 2441 „Himera
1601 2390 1744 2440 oppido

221 2454 573 2494 Thermitanorum
604 2454 715 2494 dedit
738 2468 882 2494 nomen
907 2454 1105 2493 Himerae.
1157 2454 1243 2493 Hoc
1273 2455 1419 2494 fiumen
1449 2455 1491 2493 in
1521 2455 1619 2494 duas
1630 2443 1745 2492 ‘findi

219 2522 356 2569 partes
395 2520 452 2558 ait
489 2519 755 2569 Stesichorus,
801 2533 921 2558 unam
960 2519 1001 2557 in
1038 2519 1290 2569 Tyrrhenum
1327 2532 1452 2568 mare,
1494 2520 1664 2558 alteram
1703 2519 1744 2557 in

219 2585 416 2635 Libycum
440 2582 684 2624 decurrere.“
735 2585 1006 2624 Stesichorum
1035 2584 1207 2633 patriam
1231 2584 1373 2623 urbem
1403 2583 1587 2622 laudibus
1611 2595 1744 2633 prose·

222 2651 358 2703 cutum
384 2661 471 2687 esse
496 2649 646 2689 indicat
670 2650 820 2689 Himer.
842 2648 907 2688 Or.
927 2649 1068 2698 XXIX,
1101 2649 1169 2699 qui
1199 2650 1308 2688 locus
1341 2649 1396 2687 sic
1426 2648 1584 2687 videtur
1614 2646 1744 2687 redin-

221 2703 457 2764 tegrandus:
489 2709 665 2767 (Κοσμεΐ
689 2710 710 2754 ὃ
736 2712 807 2766 μὲν
827 2710 1049 2765 Ἀνακρέων
1079 2709 1151 2765 τὴν
1179 2709 1331 2766 Τ)ηἵ’ων
1360 2708 1476 2751 πόλιν
1505 2715 1586 2759 τοῖς
1617 2710 1742 2763 μέλεσι

220 2775 407 2817 κάκεῖθεν
443 2775 527 2831 ὄέγει
564 2775 655 2826 τοὺς
692 2778 854 2831 ἔρωτας,
892 2781 1030 2830 κοσμεῖ
1059 2775 1102 2816 δὲ
1133 2809 1306 2817 .....
1337 2775 1403 2816 καὶ
1434 2776 1640 2829 Σιμωνίδῃ
1675 2775 1743 2816 καὶ

221 2841 444 2895 Βακχυλίδῃ
481 2838 506 2894 ἡ
537 2840 650 2891 πόλις
686 2840 964 2883 ἐσπούδασται·
1001 2840 1072 2894 τὴν
1109 2841 1153 2882 δέ
1185 2838 1306 2896 Χί(ον
1336 2872 1347 2882 .
1378 2873 1387 2881 .
1419 2871 1427 2881 .
1460 2872 1469 2881 .
1495 2837 1667 2894 Ἱμέραν)
1699 2838 1742 2880 δὲ

221 2902 329 2961 diff)
351 2936 359 2945 .
381 2939 388 2947 .
410 2923 457 2947 ον
486 2906 553 2947 καὶ
582 2904 713 2962 λόγοις
743 2911 883 2960 κοσμεῖ
908 2908 1157 2960 Στησίχορος.
