1864 3126
237 167 292 209 76
548 208 549 211 Ἰ
733 196 738 201 .
798 165 990 201 ΡΟΕΤΑΕ
1016 165 1194 202 MELICI.

234 281 340 318 tant:
372 279 543 318 mediam
575 279 745 317 formam
775 278 909 316 firmat
946 277 1127 327 quamvis
1164 280 1352 328 corrupta
1383 277 1572 327 Hesychii
1604 278 1756 328 glossa:

233 341 396 398 γέννου·
427 339 616 394 Κύπριοι,
654 340 720 381 καὶ
751 338 845 394 λάβε
875 341 940 381 καὶ
971 339 1129 393 κάθιζε,
1161 343 1230 381 ubi
1266 343 1344 382 duo
1376 343 1534 382 diversa
1564 343 1757 382 vocabula.

233 409 453 459 composita
484 420 571 447 esse
603 409 781 458 apparet,
812 405 957 459 γε’μου
989 407 1012 445 i.
1046 421 1077 446 e.
1110 403 1215 459 λάβε,
1247 409 1419 447 alssorum
1451 407 1643 447 oblivium
1673 421 1755 460 γεν-

235 475 308 512 νοῦ
334 486 358 510 a
388 468 486 525 γόνυ
519 473 759 512 descendens
790 472 815 511 i.
843 485 875 511 e.
906 468 1005 524 γόνυ
1036 468 1212 524 κᾶμψον,
1243 469 1393 523 κάθιζε,
1427 472 1758 524 quemadmodum

233 539 494 591 γουνοῦσθαι,
526 539 826 587 conqmimlare,
856 539 1118 586 inyeniculare
1148 538 1304 578 dicibur.

868 644 1130 718 142.[104]

354 751 491 790 Zonar.
527 753 658 790 1190:
693 746 986 803 Κερκολύρα,
1024 747 1148 799 οὕτως
1185 746 1205 791 ὁ
1238 747 1410 802 Ἀλκμὰν
1447 747 1633 804 ἐχρήσατο
1673 747 1761 790 ἀντὶ

233 818 302 857 τοῦ
334 812 560 868 κρεκολύρα,
592 814 669 855 ἔστι
696 813 739 854 δὲ
763 818 875 856 τοῦτο
901 812 1050 863 πάθος·
1083 812 1124 856 τὸ
1153 814 1195 855 δὲ
1221 813 1435 869 κερκολύρα
1460 812 1623 868 ήχητικὴ
1649 812 1758 866 λύρα.

233 877 275 921 τὸ
306 877 380 934 γὰρ
413 878 538 932 κρέκε,
582 878 691 931 κρέκε
728 873 822 933 ἦχός
866 879 945 920 ε’στι
986 882 1054 931 τῆς
1089 876 1270 932 κιθάρας.
1331 882 1444 920 Adde
1481 881 1544 919 Et.
1577 882 1628 920 M.
1661 882 1759 932 506,

238 949 309 986 17:
350 944 550 997 Κέρκος·
597 947 785 997 θηλυκῶς
827 942 965 993 σκεῦός
1008 960 1062 995 τι,
1104 941 1231 997 ὥσπερ
1273 943 1339 984 καὶ
1380 945 1541 997 τρίπους
1582 940 1607 996 ἢ
1651 941 1760 997 θύρα

168 1066 170 1069 7
233 1013 368 1063 χαλκῆ.
429 1007 708 1063 Κερκολύρα
739 1009 831 1062 (hoc
867 1012 991 1062 vulgo
1024 1011 1152 1060 deest,
1191 1011 1260 1050 sed
1291 1011 1379 1050 add.
1412 1011 1543 1060 DPM,
1581 1011 1627 1049 cf.
1659 1010 1758 1049 Min-

234 1077 378 1128 garelli
415 1076 498 1115 cod.
536 1076 637 1115 Nan.
669 1072 793 1127 496)·
832 1071 956 1123 οὕτως
994 1071 1014 1115 ὁ
1047 1072 1218 1127 Ἀλκμᾶν
1254 1071 1451 1128 ἐχρήσατο.
1491 1077 1536 1113 ut
1572 1075 1669 1113 haec
1706 1075 1760 1113 sit

233 1154 336 1181 nova
366 1141 511 1191 glossa.
562 1141 675 1180 Prior
705 1142 841 1191 glossa
866 1138 1016 1192 Κέρκος
1042 1142 1208 1180 totidem
1234 1141 1366 1180 verbis
1392 1141 1542 1191 legitur
1567 1139 1610 1178 in
1633 1140 1758 1179 Bekk,

234 1207 309 1246 An.
335 1207 354 1244 Ι
382 1208 479 1255 271,
503 1208 567 1244 11.
619 1205 804 1244 Ceterum
832 1206 879 1245 cf.
906 1206 1028 1244 etiam
1054 1206 1163 1245 Suid.
1189 1201 1434 1258 Κερκολύρα·
1466 1202 1592 1257 ὄνομα
1622 1201 1758 1256 τόπου,

236 1271 305 1309 ubi
336 1271 427 1310 fort.
458 1267 598 1310 τόνου
629 1271 853 1321 legendum.
895 1266 902 1271 ’

884 1387 978 1428 143.
1014 1387 1118 1440 [84.]
1772 1395 1840 1428 869

352 1472 592 1512 Athen.111
626 1474 678 1511 81
701 1472 754 1510 D.
794 1472 1059 1511 Κυδωνίων
1098 1469 1141 1511 δὲ
1178 1467 1313 1523 μήλων
1351 1484 1586 1541 μυημονευει
1621 1470 1758 1522 Στησί-

234 1552 349 1589 χορος
380 1535 423 1576 ἐν
448 1533 587 1590 Ἑλένῃ
619 1533 742 1585 οὕτως
775 1568 812 1576 ..
833 1568 842 1578 .
873 1535 938 1576 καὶ
963 1533 1144 1588 Ἀλκμάν.

955 1665 1052 1706 144.

355 1750 482 1790 Schol.
514 1751 629 1790 Hom.
663 1750 735 1790 Od.
765 1759 800 1801 ψ
835 1752 906 1789 76;
931 1745 975 1789 Ὁ
1006 1747 1049 1789 δὲ
1075 1746 1245 1802 Ἀλκμᾶν
1275 1749 1341 1789 καὶ
1369 1745 1437 1797 τὰς
1467 1744 1647 1802 γνάθους
1678 1745 1759 1800 μά-

236 1811 408 1863 στακοὶς
439 1826 538 1866 φησι
568 1811 675 1867 παρὰ
704 1811 747 1854 τὸ
778 1817 992 1866 μασᾶσθαι.

956 1929 1051 1972 145.

352 2017 485 2067 Eizym.
526 2016 627 2057 Gud.
667 2018 774 2065 395,·
813 2018 886 2056 52:
930 2011 1128 2066 Μνήμη,
1172 2011 1342 2066 μενήμη·
1488 2009 1660 2064 Ἀλκμὰν
1702 2011 1759 2063 δέ,

235 2080 346 2130 φασί,
377 2077 555 2132 δόρκον
585 2077 710 2132 αὐτὴν
740 2083 863 2120 καλεῖ·
905 2078 1098 2132 βλέπομεν
1134 2075 1208 2133 γὰρ
1244 2081 1290 2134 τῇ
1327 2078 1484 2132 διανοίᾳ
1521 2073 1566 2116 τὰ
1605 2073 1758 2129 ἀρχαῖα.

235 2145 386 2184 Eadem
417 2147 494 2186 duo
526 2147 638 2186 codd.
670 2148 760 2188 Par.
789 2148 871 2185 not.
903 2147 954 2185 ad
985 2145 1050 2185 Et.
1082 2146 1133 2184 M.
1168 2146 1263 2193 589,
1294 2146 1359 2183 16.
1421 2143 1633 2193 Emporias
1659 2143 1758 2182 coni.

235 2210 540 2263 παλίδορκον,
566 2211 610 2251 Ο.
641 2212 787 2251 Mffller
811 2210 1153 2264 φρασίδορκον,
1177 2210 1365 2259 Hartung
1389 2204 1757 2261 παλαιόδοριιον.

926 2339 1009 2381 146
1023 2337 1075 2380 Α.

354 2425 564 2475 Appendix
596 2424 739 2464 Achill.
771 2425 859 2465 Tat.
889 2424 996 2476 Isag.
1021 2437 1051 2464 0.
1079 2427 1102 2463 2
1136 2438 1173 2474 p.
1202 2425 1284 2462 166
1317 2423 1470 2462 Petam:
1501 2417 1555 2469 ὥς
1584 2435 1663 2461 που
1692 2419 1759 2460 καὶ

230 2485 403 2542 Ἀλκμὰν
434 2485 742 2542 ὁμοστοίχους
772 2486 926 2530 ἐκάλεσε
955 2485 1024 2537 τὰς
1054 2487 1098 2528 ἐν
1128 2485 1231 2536 τάξει
1255 2483 1493 2541 χορευούσας
1516 2483 1755 2537 παρθένους.

843 2615 925 2658 146
939 2615 987 2659 Β.
1022 2616 1157 2669 [112]

355 2702 483 2741 Schol.
510 2701 627 2741 Hom.
652 2702 697 2741 11.
725 2716 747 2753 ρ
773 2697 939 2741 40:1⁷&
969 2697 1044 2753 γὰρ
1068 2699 1204 2749 εἰς-
1153 2717 1210 2750 τις
1240 2697 1408 2754 λήγοντα
1436 2693 1595 2757 θηλυκὰ
1629 2695 1755 2738 δισυλ-

236 2767 350 2818 λαβα,
382 2762 434 2818 μὴ
466 2763 559 2806 όντα
591 2762 804 2816 ἐπιθετικα,
835 2762 1136 2818 παραληγόμενα
1167 2764 1210 2806 δὲ
1240 2767 1292 2822 τῷ
1320 2766 1343 2804 ὃ
1374 2779 1462 2816 ητοι
1485 2759 1593 2818 μόνῳ
1625 2759 1650 2815 ἢ
1683 2759 1758 2804 συν

237 2829 351 2885 ἑτέρῳ
383 2827 600 2882 φωνήεντι,
632 2826 846 2878 ὀξύνεσθαι
875 2828 1001 2883 θέλει,
1031 2832 1169 2882 κοιτίς,
1201 2829 1379 2882 Προιτίς,
1410 2829 1590 2880 φροντίς,
1629 2825 1758 2877 ουτὶς

236 2891 279 2934 τὸ
311 2895 413 2942 ζῶον
442 2892 535 2947 παρ’
565 2892 761 2947 Ἀλκμᾶνι.
823 2895 882 2937 Cf.
912 2896 1056 2937 Arcad.
1089 2899 1156 2948 35,
1189 2898 1227 2936 3.
