1864 3126
818 129 1052 171 ALcAnus.
1221 108 1227 114 “
1614 129 1698 175 191

182 278 225 291 ..
254 244 486 302 παρόμοιον
517 245 561 288 δὲ
590 246 656 288 καὶ
686 243 729 287 τὸ
755 242 967 299 Ὁμηρικὸν
998 276 1006 285 .
1029 277 1038 286 .
1059 278 1067 285 .
1098 244 1165 286 καὶ
1203 242 1297 298 παρ’
1334 242 1518 302 Ἀλκαίῳ·
1554 260 1700 297 παρα-

165 310 392 368 βάλλεται
413 324 472 354 σε.
521 311 680 352 comico
706 312 851 351 tribuit
869 311 1069 352 Meineke:
1095 324 1171 362 ego
1195 312 1295 351 nihil
1320 312 1531 352 decernere
1552 311 1698 361 aude03

165 380 383 421 Aeolenses
414 378 536 419 etiam
568 372 794 430 διαβάλλειν
832 376 972 417 eodem
1010 377 1127 417 modo
1166 389 1380 428 usurpasse
1418 378 1594 417 testetur
1623 376 1702 415 He-

169 444 349 497 syohius:
382 439 602 496 ζαβοὶλλειν“
633 441 835 491 ἐξαπατᾶν.

806 580 1071 634 147.[110]

286 669 418 709 Crem.
449 669 525 710 An.
557 666 629 709 Ox.
659 668 679 706 I
712 669 818 718 366,
857 668 932 706 22:
965 661 1027 705 ”H
1065 661 1144 706 ἀπὸ
1189 667 1259 706 τοῦ
1303 663 1463 720 πέφυγα
1498 662 1525 718 ἡ
1563 660 1702 719 μετοχὴ

166 731 374 788 πεφυγώς·
406 729 559 788 ὁγοῦν
585 729 765 781 Ἀλκαῖος
796 729 1013 784 μετατιθεὶς
1041 727 1085 771 τὸ
1117 734 1235 784 σῦγμα
1266 730 1321 779 εἰς
1351 727 1394 771 τὸ
1420 730 1446 769 17
1464 727 1567 772 κατὰ
1592 734 1705 772 πλεο-

167 795 321 852 νασμὸν
353 797 485 852 ἑτέρου
516 798 540 846 ᾗ
571 796 671 851 φησὶ
700 793 971 851 πεφύγγων.
1008 797 1123 837 Eust.
1155 797 1228 837 Od.
1258 799 1384 847 1596,
1418 799 1442 837 5
1477 811 1525 836 ex
1555 798 1703 837 Alcaeo

167 866 323 917 profert
352 860 599 918 πεφύγγωε
636 862 794 904 Σικελοὶ
830 859 926 903 καθ’
960 858 1223 914 “Ηρακλείδην
1260 858 1303 902 τὸ
1335 864 1361 901 ἆ
1391 864 1470 902 τῶν
1509 873 1704 914 περισπω-

167 928 298 983 μένων
329 929 383 978 έίς
414 931 445 969 ὦ
478 927 770 981 μετατιθέασιν,
802 924 889 969 οἷον
918 927 1135 979 πεποίηκα,
1167 923 1390 980 πεποιήκω·
1429 924 1532 968 οὕτω
1565 925 1608 967 δὲ
1638 926 1706 967 καὶ

167 994 348 1049 πέφυγα,
384 991 550 1048 πεφύγω
596 992 663 1034 καὶ
702 989 798 1034 κατὰ
834 989 1018 1034 Ἀλκαῖον
1056 988 1260 1046 πεφύγγω.
1324 992 1382 1033 Cf.
1424 994 1566 1034 Favor.
1605 995 1704 1033 357.

168 1060 225 1099 At
254 1055 471 1112 πεφύγγων
502 1059 624 1098 etiam
657 1058 786 1099 Cram.
818 1059 893 1098 An.
927 1057 997 1098 Ox.
1024 1058 1043 1096 I
1071 1060 1170 1106 325,
1197 1059 1254 1098 30
1280 1060 1434 1098 tuetur:
1469 1071 1515 1098 ae
1546 1059 1704 1098 Lesbiis

171 1125 259 1165 sola
287 1125 360 1164 illa
395 1124 598 1175 participii
635 1124 764 1163 forma
804 1124 954 1163 usitata.
989 1122 1114 1162 fuisse
1154 1123 1332 1174 videtur,
1370 1124 1705 1174 quemadmodum

170 1193 234 1229 est
263 1189 305 1228 in
335 1190 455 1229 titulo
494 1202 556 1239 ap.
590 1188 717 1245 Conze
756 1188 840 1228 Iter
877 1189 995 1228 Lesb.
1027 1188 1108 1227 tab.
1141 1187 1240 1226 VIII
1274 1190 1317 1227 2:
1356 1186 1706 1241 κατεληλύθοντος,

170 1257 291 1305 atque
321 1255 399 1294 huc
430 1255 640 1294 referenda
664 1254 920 1293 Homericum
951 1249 1216 1306 κεκλήγοντες,
1248 1253 1459 1294 Pindarico.
1488 1255 1705 1306 πεφρίκον-

170 1334 231 1368 τες
269 1323 310 1360 et
347 1316 609 1372 κεχλάδοντες.
670 1319 760 1358 Non
800 1322 909 1359 recte
946 1318 991 1357 L.
1030 1319 1166 1358 Hirzel
1203 1319 1251 1358 de
1289 1319 1381 1359 dial.
1419 1320 1534 1360 Aeol.
1572 1335 1607 1370 p.
1647 1323 1704 1360 50

174 1387 398 1436 praesentis
430 1385 622 1436 temporis
653 1385 910 1435 participium
939 1380 1157 1437 πεφύγγων
1188 1397 1275 1424 esse
1306 1385 1466 1425 iudicat.

897 1524 992 1566 148.

292 1622 506 1661 Herodian.
538 1619 627 1674 περὶ
659 1635 745 1673 μον.
778 1619 851 1669 λέξ.
883 1623 959 1670 44,
995 1622 1066 1660 1οε
1107 1619 1258 1668 Πιέζω
1292 1653 1329 1662 ..
1350 1654 1358 1661 .
1390 1620 1622 1675 προσέθηκα
1662 1619 1706 1662 δὲ

173 1686 239 1727 καὶ
280 1683 349 1735 τὰς
394 1685 636 1735 διαλέκτους,
678 1685 761 1726 ἐπεὶ
802 1682 896 1739 παρ’
935 1683 1100 1740 Ἀλκαίῳ
1146 1687 1264 1739 διχῶς
1303 1685 1469 1741 λέγεται,
1512 1685 1620 1741 παρὰ
1664 1686 1707 1727 δὲ

168 1748 355 1805 Ἀλκμᾶνι
387 1748 452 1792 διὰ
482 1754 553 1792 τοῦ
583 1754 622 1791 ἆ.
683 1752 826 1802 Itaque
865 1753 1036 1792 Alcaeus
1074 1755 1116 1791 et
1151 1750 1293 1799 πιέζω
1331 1755 1372 1792 et
1408 1749 1556 1801 πιᾶζω
1595 1754 1707 1793 dixit.

810 1891 906 1935 149.
940 1892 1075 1945 [119.]

295 1990 456 2040 Trypho
488 1990 589 2029 Mus.
622 1989 736 2029 Cant.
770 1989 786 2027 Ι
819 1990 892 2028 34:
931 1989 1193 2041 Προστίθεται
1232 1987 1276 2030 δὲ
1311 1987 1354 2030 τὸ
1396 1991 1570 2044 δίγαμμα
1600 1987 1707 2044 παρά

175 2068 214 2093 τε
234 2051 343 2093 Ἴωσι
373 2053 439 2103 καὶ
471 2055 656 2095 Αἰολεῦσι
686 2052 752 2093 καὶ
782 2054 978 2106 Δωριεῦσι
1007 2052 1074 2094 καὶ
1099 2051 1267 2094 Λάκωσι
1297 2054 1363 2094 καὶ
1388 2058 1589 2104 Βοιωτοῖς,
1621 2051 1708 2095 οἷον

175 2115 276 2166 ἅναξ
305 2115 448 2169 fa'vag,
473 2115 613 2159 Ἑλένα
643 2118 802 2160 Ὲέλενα·
834 2118 1087 2173 προστιθέασι
1117 2118 1184 2159 καὶ
1216 2115 1394 2172 (Ahrens
1421 2116 1483 2174 δὲ)
1515 2124 1596 2168 τοῖς
1626 2116 1706 2160 ἀπὸ

177 2182 420 2235 φωνηέντων
459 2181 709 2237 ἀρχομένοις,
749 2182 854 2233 ἅπαξ
893 2182 936 2224 δὲ
973 2180 1067 2237 παρ’
1104 2180 1270 2237 Ἀλκαίῳ
1308 2181 1350 2224 τὸ
1390 2185 1499 2237 ῥῆξις
1538 2186 1791 2237 ,Ιῑρῆξις9ο4

177 2248 333 2301 εἴρηται.
394 2250 499 2289 unde
531 2251 713 2290 Lascaris
743 2251 907 2301 repetiit
937 2251 1005 2291 fol.
1040 2251 1135 2290 133.

897 2388 994 2432 150.

299 2487 411 2526 Eust.
439 2485 513 2525 Od.
542 2487 667 2535 1571,
693 2487 768 2524 43:
803 2487 893 2524 Τῶν
923 2500 980 2533 τις
1011 2483 1054 2524 δὲ
1085 2481 1175 2536 μεθ’
1198 2482 1376 2538 ’Ὅμηρον
1405 2482 1447 2526 τὸ
1479 2484 1551 2538 μὲν
1582 2489 1707 2538 μῆλον

181 2551 352 2603 δωρίσας
383 2551 438 2600 εἰς
469 2554 614 2604 μᾶλον,
644 2546 717 2602 τὴν
748 2547 792 2589 δὲ
823 2547 921 2600 ὄψιν
951 2549 1006 2597 εἰς
1037 2545 1143 2598 εἶδος
1173 2547 1400 2603 μεταλαβών
1430 2550 1496 2591 καὶ
1527 2551 1708 2603 μεταθεὶς

181 2610 250 2663 τὰς
286 2613 424 2666 λέξεις,
457 2611 636 2663 Ἀλκαῖος
673 2611 710 2653 δ’
745 2613 894 2662 ἐκεῖνος
922 2607 976 2666 ἦν
1006 2610 1028 2654 ὁ
1058 2611 1249 2667 κωμικός,
1286 2615 1598 2668 εἰδομαλίδην
1628 2615 1707 2669 ἔφη

182 2682 406 2728 σκωπτικῶς
435 2696 541 2731 τινα,
579 2676 645 2720 διὰ
682 2676 723 2719 τὸ
754 2679 1066 2726 καλλωπίζεσθαι
1101 2675 1147 2719 τὰ
1179 2683 1282 2733 μῆλα
1311 2683 1380 2733 τῆς
1410 2678 1560 2733 ὅψεως,
1598 2680 1706 2734 ἐρευ-

180 2740 357 2796 θόμενον
403 2742 555 2798 δηλαδὴ
599 2741 867 2797 κορικῶτερον.
928 2744 989 2783 Cf.
1021 2758 1057 2795 p.
1094 2747 1225 2794 1412,
1265 2748 1318 2785 32
1365 2749 1407 2786 et
1449 2746 1610 2787 Sueton.
1643 2761 1706 2798 ap.

183 2809 315 2848 Miller
346 2810 456 2851 Misc.
487 2812 585 2850 415.
649 2811 742 2850 Siue
775 2809 1048 2850 controversia
1077 2810 1190 2849 Eust.
1222 2812 1415 2850 comicum
1453 2825 1542 2851 cum
1579 2813 1705 2863 lyrico

181 2875 372 2925 confudit,
402 2875 502 2915 conf.
536 2875 664 2914 Schol.
697 2876 742 2914 ΙΙ.
774 2891 796 2927 χ
829 2878 902 2916 68:
934 2874 1089 2922 Αἰολεῖς
1120 2872 1163 2914 δὲ
1193 2871 1235 2916 τὸ
1266 2872 1480 2929 πρόσωπον
1511 2875 1705 2932 (ῥέθος),
