<?xml version="1.0" encoding="UTF-8"?>
<!DOCTYPE html PUBLIC "-//W3C//DTD XHTML 1.0 Transitional//EN"
    "http://www.w3.org/TR/xhtml1/DTD/xhtml1-transitional.dtd">
<html xmlns="http://www.w3.org/1999/xhtml" xml:lang="en" lang="en">
 <head>
  <title>
</title>
<meta http-equiv="Content-Type" content="text/html;charset=utf-8" />
  <meta name='ocr-system' content='tesseract 3.04.00' />
  <meta name='ocr-capabilities' content='ocr_page ocr_carea ocr_par ocr_line ocrx_word'/>
</head>
<body>
  <div class='ocr_page' id='page_1' title='image "./poetaelyricigrae03berguoft_0552.png"; bbox 0 0 1864 3126; ppageno 0'>
   <div class='ocr_carea' id='block_1_1' title="bbox 1674 0 1864 102">
    <p class='ocr_par' dir='ltr' id='par_1_1' title="bbox 1674 0 1864 102">
     <span class='ocr_line' id='line_1_1' title="bbox 1674 0 1864 102; baseline 0 3024"><span class='ocrx_word' id='word_1_1' title='bbox 1674 0 1864 102; x_wconf 95' lang='lat' dir='ltr'><strong><em> </em></strong></span> 
     </span>
    </p>
   </div>
   <div class='ocr_carea' id='block_1_2' title="bbox 774 739 1157 895">
    <p class='ocr_par' dir='ltr' id='par_1_2' title="bbox 774 739 1157 895">
     <span class='ocr_line' id='line_1_2' title="bbox 862 739 1064 783; baseline 0.005 -1"><span class='ocrx_word' id='word_1_2' title='bbox 862 739 1064 783; x_wconf 87' lang='lat' dir='ltr'>XXVIII.</span> 
     </span>
     <span class='ocr_line' id='line_1_3' title="bbox 774 845 1157 895; baseline 0.005 -2"><span class='ocrx_word' id='word_1_3' title='bbox 774 845 826 893; x_wconf 91' lang='lat' dir='ltr'>M</span> <span class='ocrx_word' id='word_1_4' title='bbox 848 845 896 892; x_wconf 90' lang='lat' dir='ltr'>Y</span> <span class='ocrx_word' id='word_1_5' title='bbox 918 845 964 894; x_wconf 86' lang='lat' dir='ltr'>R</span> <span class='ocrx_word' id='word_1_6' title='bbox 988 845 1033 893; x_wconf 87' lang='lat' dir='ltr'>T</span> <span class='ocrx_word' id='word_1_7' title='bbox 1056 846 1083 894; x_wconf 95' lang='lat' dir='ltr'>I</span> <span class='ocrx_word' id='word_1_8' title='bbox 1109 845 1157 895; x_wconf 87' lang='lat' dir='ltr'><strong><em>S.</em></strong></span> 
     </span>
    </p>
   </div>
   <div class='ocr_carea' id='block_1_3' title="bbox 164 984 1733 2017">
    <p class='ocr_par' dir='ltr' id='par_1_3' title="bbox 164 984 1733 2017">
     <span class='ocr_line' id='line_1_4' title="bbox 316 984 1733 1041; baseline 0.003 -15"><span class='ocrx_word' id='word_1_9' title='bbox 316 987 518 1027; x_wconf 78' lang='lat' dir='ltr'>Plutarch.</span> <span class='ocrx_word' id='word_1_10' title='bbox 556 986 716 1034; x_wconf 72' lang='lat' dir='ltr'>Quaest.</span> <span class='ocrx_word' id='word_1_11' title='bbox 755 987 891 1027; x_wconf 84' lang='lat' dir='ltr'>Graec.</span> <span class='ocrx_word' id='word_1_12' title='bbox 930 1000 961 1026; x_wconf 84' lang='lat' dir='ltr'><strong><em>c.</em></strong></span> <span class='ocrx_word' id='word_1_13' title='bbox 1000 990 1076 1028; x_wconf 82' lang='lat'><strong><em>40:</em></strong></span> <span class='ocrx_word' id='word_1_14' title='bbox 1114 984 1271 1036; x_wconf 83' lang='grc' dir='ltr'><strong><em>Ἐλιέως</em></strong></span> <span class='ocrx_word' id='word_1_15' title='bbox 1313 991 1382 1029; x_wconf 89' lang='grc' dir='ltr'><strong><em>τοῦ</em></strong></span> <span class='ocrx_word' id='word_1_16' title='bbox 1422 991 1611 1041; x_wconf 78' lang='grc' dir='ltr'><strong><em>Κηφισοῦ</em></strong></span> <span class='ocrx_word' id='word_1_17' title='bbox 1651 987 1733 1031; x_wconf 78' lang='grc' dir='ltr'><strong><em>καὶ,</em></strong></span> 
     </span>
     <span class='ocr_line' id='line_1_5' title="bbox 197 1044 1718 1107; baseline 0.003 -17"><span class='ocrx_word' id='word_1_18' title='bbox 197 1047 372 1100; x_wconf 77' lang='grc' dir='ltr'><strong><em>Σκιάδος</em></strong></span> <span class='ocrx_word' id='word_1_19' title='bbox 403 1048 606 1099; x_wconf 75' lang='grc' dir='ltr'><em>Εὔνοστος</em></span> <span class='ocrx_word' id='word_1_20' title='bbox 635 1044 688 1103; x_wconf 70' lang='grc' dir='ltr'><strong><em>’ἧν</em></strong></span> <span class='ocrx_word' id='word_1_21' title='bbox 717 1048 818 1102; x_wconf 81' lang='grc' dir='ltr'><strong><em>υἱός,</em></strong></span> <span class='ocrx_word' id='word_1_22' title='bbox 851 1045 881 1107; x_wconf 76' lang='grc' dir='ltr'><em>ᾧ</em></span> <span class='ocrx_word' id='word_1_23' title='bbox 913 1051 1036 1104; x_wconf 85' lang='grc' dir='ltr'><strong><em>φασὶν</em></strong></span> <span class='ocrx_word' id='word_1_24' title='bbox 1066 1048 1143 1093; x_wconf 76' lang='grc' dir='ltr'><strong><em>ὑπὸ</em></strong></span> <span class='ocrx_word' id='word_1_25' title='bbox 1174 1050 1335 1106; x_wconf 80' lang='grc' dir='ltr'><strong><em>νύμφης</em></strong></span> <span class='ocrx_word' id='word_1_26' title='bbox 1359 1050 1565 1102; x_wconf 84' lang='grc' dir='ltr'><strong><em>Εὐνόστας</em></strong></span> <span class='ocrx_word' id='word_1_27' title='bbox 1589 1052 1718 1107; x_wconf 79' lang='grc' dir='ltr'><strong><em>ἐκτρα-</em></strong></span> 
     </span>
     <span class='ocr_line' id='line_1_6' title="bbox 198 1114 1719 1171; baseline 0.002 -15"><span class='ocrx_word' id='word_1_28' title='bbox 198 1115 308 1167; x_wconf 85' lang='grc' dir='ltr'><strong><em>φέντι</em></strong></span> <span class='ocrx_word' id='word_1_29' title='bbox 350 1119 461 1157; x_wconf 86' lang='grc' dir='ltr'><strong><em>τοῦτο</em></strong></span> <span class='ocrx_word' id='word_1_30' title='bbox 503 1115 689 1170; x_wconf 90' lang='grc' dir='ltr'><strong><em>γενέσθαι</em></strong></span> <span class='ocrx_word' id='word_1_31' title='bbox 730 1114 914 1169; x_wconf 79' lang='grc' dir='ltr'><strong><em>τοῦνομα.</em></strong></span> <span class='ocrx_word' id='word_1_32' title='bbox 987 1114 1119 1166; x_wconf 86' lang='grc' dir='ltr'><strong><em>Καλὸς</em></strong></span> <span class='ocrx_word' id='word_1_33' title='bbox 1163 1116 1205 1158; x_wconf 79' lang='grc' dir='ltr'><strong><em>δὲ</em></strong></span> <span class='ocrx_word' id='word_1_34' title='bbox 1249 1114 1306 1158; x_wconf 71' lang='grc' dir='ltr'><strong><em>ὢν</em></strong></span> <span class='ocrx_word' id='word_1_35' title='bbox 1347 1117 1413 1158; x_wconf 83' lang='grc' dir='ltr'><strong><em>καὶ</em></strong></span> <span class='ocrx_word' id='word_1_36' title='bbox 1453 1119 1604 1167; x_wconf 88' lang='grc' dir='ltr'><strong><em>δίκαιος</em></strong></span> <span class='ocrx_word' id='word_1_37' title='bbox 1646 1114 1719 1171; x_wconf 81' lang='grc' dir='ltr'><strong><em>οὔχ</em></strong></span> 
     </span>
     <span class='ocr_line' id='line_1_7' title="bbox 195 1174 1717 1237; baseline 0.002 -16"><span class='ocrx_word' id='word_1_38' title='bbox 195 1174 311 1233; x_wconf 81' lang='grc' dir='ltr'><strong><em>ἧττον</em></strong></span> <span class='ocrx_word' id='word_1_39' title='bbox 352 1174 405 1233; x_wconf 79' lang='grc' dir='ltr'><strong><em>ἦν</em></strong></span> <span class='ocrx_word' id='word_1_40' title='bbox 448 1178 619 1234; x_wconf 75' lang='grc' dir='ltr'><strong><em>σώφρων</em></strong></span> <span class='ocrx_word' id='word_1_41' title='bbox 661 1180 727 1222; x_wconf 82' lang='grc' dir='ltr'><strong><em>καὶ</em></strong></span> <span class='ocrx_word' id='word_1_42' title='bbox 769 1179 976 1236; x_wconf 77' lang='grc' dir='ltr'><strong><em>αὐστηρός·</em></strong></span> <span class='ocrx_word' id='word_1_43' title='bbox 1021 1181 1238 1235; x_wconf 80' lang='grc' dir='ltr'><strong><em>ἐρασθῆναι</em></strong></span> <span class='ocrx_word' id='word_1_44' title='bbox 1289 1181 1332 1223; x_wconf 81' lang='grc' dir='ltr'><strong><em>δὲ</em></strong></span> <span class='ocrx_word' id='word_1_45' title='bbox 1374 1181 1495 1224; x_wconf 79' lang='grc' dir='ltr'><strong><em>αὐτοῦ</em></strong></span> <span class='ocrx_word' id='word_1_46' title='bbox 1537 1182 1717 1237; x_wconf 86' lang='grc' dir='ltr'><strong><em>λέγουσιν</em></strong></span> 
     </span>
     <span class='ocr_line' id='line_1_8' title="bbox 164 1243 1718 1300; baseline 0.001 -15"><span class='ocrx_word' id='word_1_47' title='bbox 164 1267 170 1273; x_wconf 93' lang='grc'>-</span> <span class='ocrx_word' id='word_1_48' title='bbox 201 1247 352 1297; x_wconf 87' lang='grc' dir='ltr'><strong><em>Οχναν,</em></strong></span> <span class='ocrx_word' id='word_1_49' title='bbox 390 1246 484 1297; x_wconf 80' lang='grc' dir='ltr'><strong><em>μίαν</em></strong></span> <span class='ocrx_word' id='word_1_50' title='bbox 518 1249 597 1286; x_wconf 83' lang='grc' dir='ltr'><strong><em>τῶν</em></strong></span> <span class='ocrx_word' id='word_1_51' title='bbox 634 1248 825 1287; x_wconf 82' lang='grc' dir='ltr'><strong><em>Κολωνοῦ</em></strong></span> <span class='ocrx_word' id='word_1_52' title='bbox 861 1245 1092 1300; x_wconf 77' lang='grc' dir='ltr'><strong><em>θυγατέρων</em></strong></span> <span class='ocrx_word' id='word_1_53' title='bbox 1129 1244 1302 1300; x_wconf 75' lang='grc' dir='ltr'><strong><em>ἀνεψιὰν</em></strong></span> <span class='ocrx_word' id='word_1_54' title='bbox 1338 1243 1472 1289; x_wconf 76' lang='grc' dir='ltr'><strong><em>οὖσαν.</em></strong></span> <span class='ocrx_word' id='word_1_55' title='bbox 1528 1244 1638 1288; x_wconf 84' lang='grc' dir='ltr'><strong><em>Ἐπεὶ</em></strong></span> <span class='ocrx_word' id='word_1_56' title='bbox 1674 1245 1718 1288; x_wconf 73' lang='grc' dir='ltr'><strong><em>δὲ</em></strong></span> 
     </span>
     <span class='ocr_line' id='line_1_9' title="bbox 196 1306 1718 1366; baseline 0.003 -17"><span class='ocrx_word' id='word_1_57' title='bbox 196 1312 393 1362; x_wconf 82' lang='grc' dir='ltr'><strong><em>πειρῶσαν</em></strong></span> <span class='ocrx_word' id='word_1_58' title='bbox 424 1306 444 1350; x_wconf 87' lang='grc' dir='ltr'>ὁ</span> <span class='ocrx_word' id='word_1_59' title='bbox 476 1307 680 1359; x_wconf 75' lang='grc' dir='ltr'><strong><em>Εὔνοστος</em></strong></span> <span class='ocrx_word' id='word_1_60' title='bbox 710 1307 966 1363; x_wconf 76' lang='grc' dir='ltr'><strong><em>ἀπετρέψατο,</em></strong></span> <span class='ocrx_word' id='word_1_61' title='bbox 991 1311 1057 1351; x_wconf 84' lang='grc' dir='ltr'><strong><em>καὶ</em></strong></span> <span class='ocrx_word' id='word_1_62' title='bbox 1082 1308 1317 1366; x_wconf 82' lang='grc' dir='ltr'><strong><em>λοιδορήσας</em></strong></span> <span class='ocrx_word' id='word_1_63' title='bbox 1342 1310 1523 1366; x_wconf 75' lang='grc' dir='ltr'><strong><em>ἀπῆλθεν</em></strong></span> <span class='ocrx_word' id='word_1_64' title='bbox 1548 1313 1602 1361; x_wconf 81' lang='grc' dir='ltr'><strong><em>εἰς</em></strong></span> <span class='ocrx_word' id='word_1_65' title='bbox 1626 1309 1718 1361; x_wconf 75' lang='grc' dir='ltr'><strong><em>τοὺς</em></strong></span> 
     </span>
     <span class='ocr_line' id='line_1_10' title="bbox 196 1371 1714 1431; baseline 0.003 -17"><span class='ocrx_word' id='word_1_66' title='bbox 196 1371 393 1426; x_wconf 77' lang='grc' dir='ltr'><strong><em>ἀδελφοὺς</em></strong></span> <span class='ocrx_word' id='word_1_67' title='bbox 425 1373 722 1429; x_wconf 78' lang='grc' dir='ltr'><strong><em>κατηγορήσων,</em></strong></span> <span class='ocrx_word' id='word_1_68' title='bbox 761 1375 939 1427; x_wconf 73' lang='grc' dir='ltr'><strong><em>ἔφθασεν</em></strong></span> <span class='ocrx_word' id='word_1_69' title='bbox 974 1372 1000 1428; x_wconf 80' lang='grc' dir='ltr'>ἡ</span> <span class='ocrx_word' id='word_1_70' title='bbox 1040 1375 1241 1429; x_wconf 79' lang='grc' dir='ltr'><strong><em>παρθένος</em></strong></span> <span class='ocrx_word' id='word_1_71' title='bbox 1278 1380 1389 1419; x_wconf 82' lang='grc' dir='ltr'><strong><em>τοῦτο</em></strong></span> <span class='ocrx_word' id='word_1_72' title='bbox 1420 1375 1600 1431; x_wconf 76' lang='grc' dir='ltr'><strong><em>πράξασα</em></strong></span> <span class='ocrx_word' id='word_1_73' title='bbox 1628 1373 1714 1418; x_wconf 83' lang='grc' dir='ltr'><strong><em>κατ’</em></strong></span> 
     </span>
     <span class='ocr_line' id='line_1_11' title="bbox 197 1435 1718 1495; baseline 0.001 -15"><span class='ocrx_word' id='word_1_74' title='bbox 197 1439 349 1481; x_wconf 84' lang='grc' dir='ltr'><strong><em>ἐκείνου</em></strong></span> <span class='ocrx_word' id='word_1_75' title='bbox 379 1439 446 1480; x_wconf 81' lang='grc' dir='ltr'><strong><em>καὶ</em></strong></span> <span class='ocrx_word' id='word_1_76' title='bbox 476 1437 680 1494; x_wconf 78' lang='grc' dir='ltr'><strong><em>παρώξυνε</em></strong></span> <span class='ocrx_word' id='word_1_77' title='bbox 711 1437 802 1490; x_wconf 80' lang='grc' dir='ltr'><strong><em>τοὺς</em></strong></span> <span class='ocrx_word' id='word_1_78' title='bbox 832 1435 1032 1493; x_wconf 70' lang='grc' dir='ltr'><strong><em>ἀδελφοὺς</em></strong></span> <span class='ocrx_word' id='word_1_79' title='bbox 1051 1439 1221 1495; x_wconf 78' lang='grc' dir='ltr'><strong><em>’Ἐχεμον</em></strong></span> <span class='ocrx_word' id='word_1_80' title='bbox 1251 1442 1318 1483; x_wconf 83' lang='grc' dir='ltr'><strong><em>καὶ</em></strong></span> <span class='ocrx_word' id='word_1_81' title='bbox 1342 1441 1497 1484; x_wconf 83' lang='grc' dir='ltr'><strong><em>Λέοντα</em></strong></span> <span class='ocrx_word' id='word_1_82' title='bbox 1527 1441 1592 1483; x_wconf 82' lang='grc' dir='ltr'><strong><em>καὶ</em></strong></span> <span class='ocrx_word' id='word_1_83' title='bbox 1617 1437 1718 1482; x_wconf 76' lang='grc' dir='ltr'><strong><em>Βού-</em></strong></span> 
     </span>
     <span class='ocr_line' id='line_1_12' title="bbox 196 1502 1716 1561; baseline 0.001 -16"><span class='ocrx_word' id='word_1_84' title='bbox 196 1509 315 1546; x_wconf 88' lang='grc' dir='ltr'><strong><em>κολον</em></strong></span> <span class='ocrx_word' id='word_1_85' title='bbox 339 1502 566 1546; x_wconf 78' lang='grc' dir='ltr'><strong><em>ἀποκτεῖναι</em></strong></span> <span class='ocrx_word' id='word_1_86' title='bbox 589 1503 658 1547; x_wconf 85' lang='grc' dir='ltr'><strong><em>τὸν</em></strong></span> <span class='ocrx_word' id='word_1_87' title='bbox 683 1503 902 1557; x_wconf 76' lang='grc' dir='ltr'><strong><em>Εὔνοστον,</em></strong></span> <span class='ocrx_word' id='word_1_88' title='bbox 936 1502 988 1555; x_wconf 78' lang='grc' dir='ltr'><strong><em>ὥς</em></strong></span> <span class='ocrx_word' id='word_1_89' title='bbox 1012 1503 1110 1559; x_wconf 77' lang='grc' dir='ltr'><strong><em>πρὸς</em></strong></span> <span class='ocrx_word' id='word_1_90' title='bbox 1134 1508 1226 1559; x_wconf 88' lang='grc' dir='ltr'><strong><em>βίαν</em></strong></span> <span class='ocrx_word' id='word_1_91' title='bbox 1250 1503 1348 1561; x_wconf 81' lang='grc' dir='ltr'><strong><em>αὐτῇ</em></strong></span> <span class='ocrx_word' id='word_1_92' title='bbox 1373 1505 1716 1561; x_wconf 78' lang='grc' dir='ltr'><strong><em>συγγεγενημένον.</em></strong></span> 
     </span>
     <span class='ocr_line' id='line_1_13' title="bbox 193 1565 1717 1624; baseline 0 -14"><span class='ocrx_word' id='word_1_93' title='bbox 193 1566 363 1611; x_wconf 83' lang='grc' dir='ltr'><strong><em>Ἐκεῖνοι</em></strong></span> <span class='ocrx_word' id='word_1_94' title='bbox 405 1569 476 1623; x_wconf 84' lang='grc' dir='ltr'><strong><em>μὲν</em></strong></span> <span class='ocrx_word' id='word_1_95' title='bbox 519 1565 593 1612; x_wconf 77' lang='grc' dir='ltr'><strong><em>οὖν</em></strong></span> <span class='ocrx_word' id='word_1_96' title='bbox 636 1568 930 1624; x_wconf 76' lang='grc' dir='ltr'><strong><em>ἐνεδρεύσαντες</em></strong></span> <span class='ocrx_word' id='word_1_97' title='bbox 973 1568 1204 1612; x_wconf 77' lang='grc' dir='ltr'><strong><em>ἀπέκτειναν</em></strong></span> <span class='ocrx_word' id='word_1_98' title='bbox 1242 1569 1310 1613; x_wconf 90' lang='grc' dir='ltr'><strong><em>τὸν</em></strong></span> <span class='ocrx_word' id='word_1_99' title='bbox 1348 1572 1572 1612; x_wconf 88' lang='grc' dir='ltr'><strong><em>νεανίσκον·</em></strong></span> <span class='ocrx_word' id='word_1_100' title='bbox 1612 1566 1634 1611; x_wconf 83' lang='grc' dir='ltr'>ὁ</span> <span class='ocrx_word' id='word_1_101' title='bbox 1674 1568 1717 1610; x_wconf 83' lang='grc' dir='ltr'><strong><em>δὲ</em></strong></span> 
     </span>
     <span class='ocr_line' id='line_1_14' title="bbox 191 1631 1716 1690; baseline -0.001 -15"><span class='ocrx_word' id='word_1_102' title='bbox 191 1631 342 1684; x_wconf 85' lang='grc' dir='ltr'><strong><em>Ἐλιεὺς</em></strong></span> <span class='ocrx_word' id='word_1_103' title='bbox 372 1634 545 1684; x_wconf 80' lang='grc' dir='ltr'><strong><em>ἐκείνους</em></strong></span> <span class='ocrx_word' id='word_1_104' title='bbox 576 1635 731 1688; x_wconf 75' lang='grc' dir='ltr'><strong><em>ἔδησεν·</em></strong></span> <span class='ocrx_word' id='word_1_105' title='bbox 762 1632 787 1688; x_wconf 79' lang='grc' dir='ltr'><em>ἡ</em></span> <span class='ocrx_word' id='word_1_106' title='bbox 822 1632 859 1676; x_wconf 87' lang='grc' dir='ltr'><strong><em>δ’</em></strong></span> <span class='ocrx_word' id='word_1_107' title='bbox 883 1634 1005 1690; x_wconf 80' lang='grc' dir='ltr'><strong><em>Ὄχνη</em></strong></span> <span class='ocrx_word' id='word_1_108' title='bbox 1037 1635 1319 1689; x_wconf 85' lang='grc' dir='ltr'><strong><em>μεταμελομένη</em></strong></span> <span class='ocrx_word' id='word_1_109' title='bbox 1349 1636 1415 1677; x_wconf 84' lang='grc' dir='ltr'><strong><em>καὶ</em></strong></span> <span class='ocrx_word' id='word_1_110' title='bbox 1444 1635 1616 1690; x_wconf 86' lang='grc' dir='ltr'><strong><em>γέμουσα</em></strong></span> <span class='ocrx_word' id='word_1_111' title='bbox 1650 1650 1716 1675; x_wconf 78' lang='grc' dir='ltr'><strong><em>τα-</em></strong></span> 
     </span>
     <span class='ocr_line' id='line_1_15' title="bbox 195 1696 1715 1754; baseline 0.001 -15"><span class='ocrx_word' id='word_1_112' title='bbox 195 1703 329 1753; x_wconf 82' lang='grc' dir='ltr'><strong><em>ραχῆς,</em></strong></span> <span class='ocrx_word' id='word_1_113' title='bbox 360 1697 441 1753; x_wconf 75' lang='grc' dir='ltr'><strong><em>ἅμα</em></strong></span> <span class='ocrx_word' id='word_1_114' title='bbox 472 1699 543 1753; x_wconf 83' lang='grc' dir='ltr'><strong><em>μὲν</em></strong></span> <span class='ocrx_word' id='word_1_115' title='bbox 567 1696 690 1753; x_wconf 77' lang='grc' dir='ltr'><strong><em>αὑτὴν</em></strong></span> <span class='ocrx_word' id='word_1_116' title='bbox 714 1697 934 1750; x_wconf 73' lang='grc' dir='ltr'><strong><em>ἀπαλλάξαι</em></strong></span> <span class='ocrx_word' id='word_1_117' title='bbox 956 1700 1131 1742; x_wconf 86' lang='grc' dir='ltr'><strong><em>θέλουσα</em></strong></span> <span class='ocrx_word' id='word_1_118' title='bbox 1155 1704 1223 1754; x_wconf 85' lang='grc' dir='ltr'><strong><em>τῆς</em></strong></span> <span class='ocrx_word' id='word_1_119' title='bbox 1247 1698 1313 1741; x_wconf 84' lang='grc' dir='ltr'><strong><em>διὰ</em></strong></span> <span class='ocrx_word' id='word_1_120' title='bbox 1337 1698 1407 1742; x_wconf 88' lang='grc' dir='ltr'><strong><em>τὸν</em></strong></span> <span class='ocrx_word' id='word_1_121' title='bbox 1431 1700 1553 1754; x_wconf 74' lang='grc' dir='ltr'><strong><em>ἔρωτα</em></strong></span> <span class='ocrx_word' id='word_1_122' title='bbox 1576 1697 1715 1753; x_wconf 80' lang='grc' dir='ltr'><strong><em>λύπης,</em></strong></span> 
     </span>
     <span class='ocr_line' id='line_1_16' title="bbox 196 1762 1717 1821; baseline 0.001 -16"><span class='ocrx_word' id='word_1_123' title='bbox 196 1762 277 1817; x_wconf 75' lang='grc' dir='ltr'><strong><em>ἅμα</em></strong></span> <span class='ocrx_word' id='word_1_124' title='bbox 309 1762 346 1804; x_wconf 87' lang='grc' dir='ltr'><strong><em>δ’</em></strong></span> <span class='ocrx_word' id='word_1_125' title='bbox 382 1766 624 1819; x_wconf 84' lang='grc' dir='ltr'><strong><em>οἰκτείρουσα</em></strong></span> <span class='ocrx_word' id='word_1_126' title='bbox 653 1762 745 1814; x_wconf 80' lang='grc' dir='ltr'><strong><em>τοὺς</em></strong></span> <span class='ocrx_word' id='word_1_127' title='bbox 770 1762 982 1818; x_wconf 80' lang='grc' dir='ltr'><strong><em>ἀδελφούς,</em></strong></span> <span class='ocrx_word' id='word_1_128' title='bbox 1008 1764 1199 1821; x_wconf 79' lang='grc' dir='ltr'><strong><em>ἐξήγγειλε</em></strong></span> <span class='ocrx_word' id='word_1_129' title='bbox 1225 1763 1322 1818; x_wconf 86' lang='grc' dir='ltr'><strong><em>πρὸς</em></strong></span> <span class='ocrx_word' id='word_1_130' title='bbox 1346 1763 1415 1807; x_wconf 90' lang='grc' dir='ltr'><strong><em>τὸν</em></strong></span> <span class='ocrx_word' id='word_1_131' title='bbox 1434 1763 1562 1807; x_wconf 86' lang='grc' dir='ltr'><strong><em>Ἐλιέα</em></strong></span> <span class='ocrx_word' id='word_1_132' title='bbox 1585 1769 1717 1807; x_wconf 79' lang='grc' dir='ltr'><strong><em>πᾶσαν</em></strong></span> 
     </span>
     <span class='ocr_line' id='line_1_17' title="bbox 194 1826 1717 1888; baseline 0.002 -19"><span class='ocrx_word' id='word_1_133' title='bbox 194 1826 267 1882; x_wconf 82' lang='grc' dir='ltr'><strong><em>τὴν</em></strong></span> <span class='ocrx_word' id='word_1_134' title='bbox 297 1826 511 1882; x_wconf 76' lang='grc' dir='ltr'><strong><em>ἀλήθειαν,</em></strong></span> <span class='ocrx_word' id='word_1_135' title='bbox 543 1830 689 1879; x_wconf 71' lang='grc' dir='ltr'><strong><em>ἐκεῖνος</em></strong></span> <span class='ocrx_word' id='word_1_136' title='bbox 720 1829 763 1871; x_wconf 83' lang='grc' dir='ltr'><strong><em>δὲ</em></strong></span> <span class='ocrx_word' id='word_1_137' title='bbox 785 1834 987 1888; x_wconf 80' lang='grc' dir='ltr'><strong><em>Κολωνῷ·</em></strong></span> <span class='ocrx_word' id='word_1_138' title='bbox 1018 1834 1211 1873; x_wconf 84' lang='grc' dir='ltr'><strong><em>Κολωνοῦ</em></strong></span> <span class='ocrx_word' id='word_1_139' title='bbox 1243 1829 1285 1871; x_wconf 79' lang='grc' dir='ltr'><strong><em>δὲ</em></strong></span> <span class='ocrx_word' id='word_1_140' title='bbox 1316 1828 1620 1880; x_wconf 72' lang='grc' dir='ltr'><strong><em>δικάσαντοςοῐ</em></strong></span> <span class='ocrx_word' id='word_1_141' title='bbox 1645 1829 1717 1884; x_wconf 77' lang='grc' dir='ltr'><strong><em>μὲν</em></strong></span> 
     </span>
     <span class='ocr_line' id='line_1_18' title="bbox 195 1891 1716 1949; baseline 0.002 -15"><span class='ocrx_word' id='word_1_142' title='bbox 195 1891 355 1946; x_wconf 82' lang='grc' dir='ltr'><strong><em>ἆδελφοὶ</em></strong></span> <span class='ocrx_word' id='word_1_143' title='bbox 396 1898 465 1947; x_wconf 86' lang='grc' dir='ltr'><strong><em>τῆς</em></strong></span> <span class='ocrx_word' id='word_1_144' title='bbox 493 1892 637 1948; x_wconf 84' lang='grc' dir='ltr'><strong><em>Ὄχνης</em></strong></span> <span class='ocrx_word' id='word_1_145' title='bbox 680 1895 850 1949; x_wconf 75' lang='grc' dir='ltr'><strong><em>ἔφυγον,</em></strong></span> <span class='ocrx_word' id='word_1_146' title='bbox 894 1892 993 1948; x_wconf 80' lang='grc' dir='ltr'><strong><em>αὐτὴ</em></strong></span> <span class='ocrx_word' id='word_1_147' title='bbox 1037 1894 1080 1936; x_wconf 81' lang='grc' dir='ltr'><strong><em>δὲ</em></strong></span> <span class='ocrx_word' id='word_1_148' title='bbox 1118 1892 1420 1949; x_wconf 82' lang='grc' dir='ltr'><strong><em>κατεκρήμνισεν</em></strong></span> <span class='ocrx_word' id='word_1_149' title='bbox 1460 1894 1621 1949; x_wconf 79' lang='grc' dir='ltr'><strong><em>ἑαυτὴν,</em></strong></span> <span class='ocrx_word' id='word_1_150' title='bbox 1664 1892 1716 1945; x_wconf 79' lang='grc' dir='ltr'><strong><em>ὥς</em></strong></span> 
     </span>
     <span class='ocr_line' id='line_1_19' title="bbox 197 1955 1429 2017; baseline 0.002 -19"><span class='ocrx_word' id='word_1_151' title='bbox 197 1958 382 2013; x_wconf 83' lang='grc' dir='ltr'><strong><em>Μυρτὶς</em></strong></span> <span class='ocrx_word' id='word_1_152' title='bbox 412 1955 438 2011; x_wconf 78' lang='grc' dir='ltr'><em>ἡ</em></span> <span class='ocrx_word' id='word_1_153' title='bbox 463 1956 755 2012; x_wconf 81' lang='grc' dir='ltr'><strong><em>Ἀνθηδονία</em></strong></span> <span class='ocrx_word' id='word_1_154' title='bbox 786 1962 1007 2014; x_wconf 87' lang='grc' dir='ltr'><strong><em>ποιητρίοι</em></strong></span> <span class='ocrx_word' id='word_1_155' title='bbox 1037 1963 1188 2013; x_wconf 82' lang='grc' dir='ltr'><strong><em>μελῶν</em></strong></span> <span class='ocrx_word' id='word_1_156' title='bbox 1219 1958 1429 2017; x_wconf 79' lang='grc' dir='ltr'><strong><em>ἱστόρηκεν.</em></strong></span> 
     </span>
    </p>
   </div>
   <div class='ocr_carea' id='block_1_4' title="bbox 1802 1910 1864 3126">
    <p class='ocr_par' dir='ltr' id='par_1_4' title="bbox 1802 1910 1864 3126">
     <span class='ocr_line' id='line_1_20' title="bbox 1802 1910 1864 3126; baseline 0 0"><span class='ocrx_word' id='word_1_157' title='bbox 1802 1910 1864 3126; x_wconf 95' lang='lat' dir='ltr'><strong><em> </em></strong></span> 
     </span>
    </p>
   </div>
  </div>
 </body>
</html>
