1864 3126
207 158 292 200 146
530 188 532 193 Α
770 155 964 192 ΡΟΕΤΑΕ
987 147 1166 193 Mamm.

301 264 478 308 Fuerunt,
504 263 568 307 qui
592 263 754 299 Erinnae
778 262 987 299 tribuerent
1011 263 1252 308 epigramma,
1283 262 1382 308 quod
1406 262 1443 297 in
1469 262 1621 298 Anthol.
1644 261 1724 298 Pal.

208 312 276 347 VII
303 315 370 346 190
397 311 625 346 inscribitur:
654 307 818 355 Ἄνύτης,
851 309 890 346 οῖ
917 309 960 346 δὲ
994 311 1205 353 Λεωνίδου,
1237 308 1289 350 εἰς
1320 307 1460 354 ἀκρίδα
1490 310 1556 344 καὶ
1579 307 1725 355 τέττιγα

208 355 422 403 ἐπιτάφιον,
447 360 645 404 propterea
670 358 769 403 quod
794 357 936 393 Plinius
962 357 1053 393 dicit
1077 357 1231 392 XXXIV
1253 360 1373 401 19,57:
1400 356 1568 402 „Fecisse
1593 356 1727 402 (Myro-
1779 392 1782 398 Δ

206 418 291 442 nem
329 406 522 450 artificem)
561 407 599 441 et
629 406 779 441 cicadae
812 406 1092 440 monumentum
1124 405 1162 440 et
1193 403 1359 440 locustae
1392 403 1617 440 carminibus
1652 403 1727 439 suis

207 454 344 488 Erinna
376 452 596 499 significat.“
646 453 696 488 At
727 452 838 488 Plinii
869 463 970 488 error
1001 450 1233 495 manifestus;
1265 463 1352 487 nam
1382 452 1422 486 in
1452 451 1519 486 illo
1545 450 1727 497 epigram-

208 502 309 536 mate
335 511 407 535 non
434 501 539 544 Myro
565 499 779 543 statuarius,
806 500 869 536 sed
895 500 1000 545 virgo
1019 497 1139 544 Μυρώ
1158 501 1401 534 memoratur:
1424 494 1558 542 Ἀκρίὸι
1574 493 1725 534 ‘taimen’

206 545 375 592 ἄρουραν
400 544 540 606 ἆῃδόνι
557 547 622 582 καὶ
641 548 841 596 δρυοκοίτᾳ
864 545 1011 603 Τέττιγι
1029 544 1144 590 ξυνὸν
1163 544 1304 593 τύμβον
1324 544 1448 588 ἔτευξε
1468 533 1610 590 Μυρώ]
1625 547 1727 589 Παρ-

206 594 341 630 θένιον
380 595 543 637 σταξασα
575 592 670 640 κόρα
702 593 839 639 δάκρυ·
880 596 987 629 ὃισσα
1020 592 1092 639 γὰρ
1123 590 1243 634 αὐτᾶς
1275 589 1430 638 Παίγνι’
1464 589 1484 627 ὃ
1519 590 1729 637 δυσπειθὴς

209 639 319 690 ᾤχετ’
349 640 443 688 ἔχων
467 639 596 683 Ἀΐδας.
628 643 667 677 et
690 641 791 677 idem
816 653 966 687 prorsus
986 652 1120 677 nomen
1139 640 1290 676 exhibet
1307 641 1454 676 Marcus
1473 639 1728 686 Argentarius,

209 689 273 735 qui
298 690 398 726 idern
425 690 686 735 argumentum
710 689 889 725 tractavit
919 689 1031 724 Anth.
1057 688 1096 725 P.
1123 688 1191 724 VII
1218 692 1303 723 364:
1331 683 1466 732 Ἀκρίδι
1497 687 1562 722 καὶ
1593 685 1731 732 τέττιγι

208 735 327 781 Μυρὼ
354 735 440 772 τόδε
461 734 610 782 θήκατο
631 737 730 782 σῆμα
748 734 863 781 Λιτὴν
883 733 1111 794 ἀμφοτέροις
1136 735 1238 780 χερσὶ
1259 735 1425 783 βαλοῦσα
1444 731 1571 779 κόνιν,
1586 729 1732 780 Ἥμερα

209 783 429 829 δακρύσασα
459 784 580 829 πυρῆς
616 782 692 819 ἔπι·
725 780 792 819 τὸν
822 781 894 828 γὰρ
927 780 1062 819 αοιδὸν
1090 780 1223 827 ΓΆιὸης,
1253 779 1321 827 τὴν
1352 778 1390 816 δ’
1425 778 1555 827 ἕτέρην
1586 777 1729 826 ἥρπασε

211 830 450 877 Περσεφόνη.
500 842 621 876 neque
645 842 745 874 vero,
772 831 873 875 quod
898 831 1002 875 Myro
1034 829 1170 866 artifex
1193 830 1337 864 nullum
1361 829 1436 864 iam
1460 829 1654 875 negotium
1677 827 1730 863 fa-

210 880 333 925 cessit,
359 879 591 924 epigramma
614 878 708 914 illud
733 878 892 914 Erinnae
918 877 1216 913 adscribendum:
1249 888 1335 912 nam
1366 886 1441 911 non
1465 887 1545 911 esse
1571 875 1731 920 antiqui-

210 927 289 963 tate
316 925 612 962 commendabile
637 927 809 971 apparet:
836 937 955 970 neque
980 925 1132 960 minoris
1157 924 1314 960 alicuius
1347 923 1507 959 Erinnae
1533 934 1612 959 esse
1637 922 1732 958 veri-

210 973 341 1018 simile,
368 974 471 1009 cuius
496 973 622 1009 nullae
647 973 797 1009 omnino
824 972 1028 1008 carminum
1053 971 1234 1016 reliquiae
1254 971 1465 1017 supersunt:
1490 981 1611 1015 neque
1637 969 1735 1006 enim

210 1020 325 1056 Plinii
348 1021 386 1056 in
411 1023 491 1056 tam
516 1020 622 1067 gravi
647 1031 769 1056 errore
795 1022 851 1055 est
869 1021 977 1056 tanta
1002 1019 1218 1063 auctoritas,
1243 1021 1286 1054 ut
1304 1020 1450 1061 Anytae
1469 1017 1729 1053 abiudicemus.

211 1068 334 1113 Atque
372 1068 464 1104 alias
502 1079 646 1114 quoque
685 1068 844 1103 Erinnae
878 1078 1013 1103 nomen
1042 1069 1182 1103 temere
1215 1066 1468 1109 substitutum,
1499 1065 1604 1101 velut
1634 1064 1735 1110 apud

212 1115 315 1151 Stob.
342 1116 438 1152 Flor.
465 1115 534 1150 VlI
561 1120 615 1158 13,
640 1115 706 1150 ubi
723 1115 756 1149 A
774 1114 912 1150 lemma
932 1115 1083 1150 exhibet
1101 1114 1314 1154 Μελιννοῦς
1332 1113 1493 1160 Λεσβίοις
1512 1111 1566 1152 εἰς
1579 1109 1734 1170 Ῥώμην..ζ

213 1162 346 1198 Schow
377 1174 422 1198 ex
454 1163 529 1199 suis
560 1162 665 1198 libris
696 1165 738 1198 ut
767 1162 918 1197 videtur
949 1162 1151 1207 praeeunte
1179 1160 1340 1196 Gesnero
1366 1159 1484 1196 edidit
1508 1157 1684 1195 Μελιννώ
1711 1173 1735 1203 η

213 1211 351 1256 μᾶλλον
385 1207 535 1255 Ἠρίννη
566 1210 706 1256 Λεσβία
738 1209 791 1250 εἰς
821 1206 891 1254 τὴν
923 1207 1060 1255 ῥώμην.
1095 1229 1139 1234 -—
1171 1208 1339 1253 Denique
1373 1208 1470 1243 addo
1501 1208 1737 1252 Hartungum

213 1257 403 1302 suspicari,
429 1258 657 1303 aenigmata,
680 1268 774 1302 quae
801 1256 969 1292 Cleobuli
995 1259 1033 1292 et
1064 1255 1305 1292 Cleobulinae
1337 1254 1486 1290 nomine
1510 1254 1738 1299 ferebantur,

214 1306 265 1340 ab·
287 1305 426 1386 E1rinna
452 1305 591 1350 scripta
610 1315 701 1349 esse,
727 1305 791 1339 sed
817 1315 891 1340 non
909 1304 1030 1348 video,
1044 1303 1191 1349 -quibus
1212 1302 1441 1348 argumentis
1461 1312 1505 1337 ea
1525 1301 1738 1337 coniectura

213 1352 311 1388 stabi
328 1352 374 1387 iri
400 1354 521 1396 queat.
