1864 3126
249 170 336 212 476
816 172 1009 208 ΡΟΕΤΑΕ
1035 171 1210 209 MELICI.

878 281 974 323 130.
1009 280 1143 334 [185]

338 355 397 404 ςἨ
423 363 501 404 σεῦ
533 361 606 404 καὶ
638 362 862 418 φθιμένοις
892 360 1012 406 λεύκ’
1049 360 1179 406 ὀστέα
1209 361 1314 423 τῷδ’
1352 363 1417 408 ἐνὶ
1447 362 1599 424 τύμβῳ

404 437 512 476 ίσκω
545 435 607 475 ἔτι
638 433 840 490 τρομέειν
871 435 1036 489 θῆρας,
1069 431 1279 491 ἄγρωσσα
1312 434 1477 487 Λυκάς·
1590 479 1593 483 ,

343 501 424 546 τὰν
457 500 497 546 δ’
533 501 697 561 ἀρετὰν
730 501 852 547 οἶδεν
884 504 994 560 μέγα
1026 503 1201 560 Πήλιον
1233 502 1262 548 ἅ
1293 503 1330 547 τ’
1366 503 1577 562 ἀρίδηλος
1680 520 1771 552 1162

391 572 548 630 Ὄσσα,
581 573 871 631 Κιθαιρῶνός
900 572 938 617 τ’
975 574 1179 631 οἰονόμοι
1211 580 1399 620 σκοπιαί.

248 775 363 821 epigr.
394 779 581 819 128.129,
620 787 847 820 quamquam
883 777 1156 812 necessitudine
1182 777 1398 821 coniuncta,
1428 778 1582 814 seorsim
1621 779 1773 816 condita.

251 834 331 858 esse
363 825 536 868 apparet,
567 822 694 867 itaque
733 823 846 859 etiam
878 824 1031 859 seorsim
1063 826 1149 859 sunt
1187 825 1253 860 sub
1285 824 1463 860 iudicium
1495 826 1674 862 vocanda.
1723 827 1773 864 Et

248 882 304 915 ep.
334 874 400 905 128
433 870 583 915 quidem
615 881 743 906 omnes
774 871 890 906 habet
919 871 1090 906 veritatis
1121 883 1308 907 numeros:
1347 873 1460 917 poeta
1480 874 1666 908 mortuum
1690 877 1772 910 tan-

249 929 360 962 quam
385 917 642 952 fidelissimum
668 918 848 953 arbitrum
874 918 1065 963 adhibuit,
1093 919 1157 963 qui
1181 930 1324 955 memor
1348 918 1519 956 beneficii
1543 920 1653 955 simul
1681 921 1772 957 divi-

248 976 335 1000 nam
358 963 564 1000 vindictam
591 965 749 1010 expetit:
780 977 855 1001 non
886 967 986 1001 recte
1019 966 1147 1001 Iacobs
1178 969 1305 1002 censet
1337 967 1384 1002 ab
1415 967 1627 1012 hospitibus
1660 968 1772 1003 inter-

247 1012 386 1047 fectum
411 1023 502 1054 esse,
530 1012 705 1071 quoniam
733 1011 827 1053 Ζεὺς
852 1011 973 1056 ξένιος
998 1013 1212 1058 invocatur,
1240 1013 1284 1049 cf.
1311 1014 1418 1050 Hom.
1447 1013 1556 1050 Ο(1.ι
1581 1019 1648 1051 270
1677 1014 1771 1057 Ζεὺς

247 1056 286 1094 δ’
315 1057 583 1104 ἐπιτιμήτωρ’“
568 1072 726 1094 ικεταων
752 1073 790 1095 τε
819 1061 951 1103 ξείνων
977 1073 1015 1096 τε
1040 1061 1189 1117 ξεί,νιος
1203 1042 1252 1101 ὃς
1277 1062 1453 1104 ξείνοισιν
1478 1057 1545 1107 (ιμ’
1573 1061 1772 1098 αἰδοίοισιν
1806 1076 1809 1079 ·

247 1104 392 1151 ὀπηδεῖ,
419 1107 437 1150 ξ
466 1110 532 1142 157
565 1104 658 1150 πρὸς
688 1105 760 1151 γὰρ
795 1105 886 1148 Διός
912 1106 1007 1143 εἰσιν
1031 1104 1198 1148 ἅπαντες
1222 1109 1344 1151 ξεῖνοί
1363 1121 1402 1144 τε
1429 1110 1573 1154 πτωχοί
1593 1122 1651 1154 τε,
1675 1110 1772 1146 adde

246 1153 490 1190 Theaetetum
517 1154 628 1189 Anth.
654 1154 693 1189 P.
721 1153 788 1189 VII
814 1158 892 1190 499.
943 1155 1132 1190 Facinoris
1152 1157 1340 1191 auctorem
1360 1156 1534 1216 ignorans
1553 1158 1666 1202 poeta
1689 1157 1771 1202 plu—

246 1201 363 1236 ralem
389 1212 433 1236 ex
458 1212 560 1236 more
586 1201 758 1237 adhibuit
784 1200 822 1237 οἷ
843 1203 1074 1246 κτειᾝναντες
1105 1204 1184 1238 tum
1211 1203 1317 1238 addit
1350 1201 1388 1238 οῖ
1415 1201 1551 1244 θέντες
1581 1204 1658 1239 sive
1684 1215 1770 1240 con-

247 1248 437 1284 cinnitatis
462 1248 596 1294 gratia,
621 1248 664 1283 ut
688 1248 856 1284 Iacobsio
883 1248 1020 1293 visum,
1047 1250 1124 1285 sive
1151 1250 1305 1285 comites
1331 1261 1415 1286 suos
1440 1250 1582 1294 dicens,
1608 1251 1673 1295 qui
1696 1262 1772 1287 una.

243 1307 376 1341 corpus
400 1297 520 1331 terrae
547 1296 825 1331 mandaverant.
877 1296 950 1332 Sed
974 1296 1134 1332 alterum
1166 1309 1222 1342 ep.
1252 1301 1317 1332 129
1353 1309 1429 1333 ιιοιι
1459 1297 1629 1334 dubitavi
1660 1298 1769 1335 obelo

247 1344 447 1388 configere;
474 1344 688 1400 suspectum
721 1343 843 1378 reddit
873 1355 947 1379 non
978 1345 1056 1379 tam
1081 1355 1185 1389 pron.
1213 1339 1339 1388 οὗτος,
1371 1345 1471 1398 quod
1501 1344 1666 1381 breviter
1696 1345 1771 1382 dici

246 1391 393 1434 poterat
427 1401 493 1435 pro
526 1384 634 1430 οὗτος
665 1386 707 1431 ὃς
739 1387 883 1426 ἐνθάδε
915 1395 1053 1435 κεῖται,
1086 1391 1400 1448 quemadmodum
1432 1391 1470 1427 in
1504 1392 1628 1428 Attico
1659 1392 1770 1428 titulo

243 1437 379 1473 Kaibel
413 1441 456 1474 63
489 1438 644 1482 legitur,
677 1438 740 1473 sed
772 1438 920 1473 additus
952 1439 1131 1474 articulus
1164 1435 1203 1483 ὁ,
1235 1439 1448 1484 significans
1480 1433 1589 1480 οὗτος
1624 1436 1771 1481 ἐκεῖνός

245 1482 345 1521 ἐστιν
372 1482 392 1520 ὁ
419 1482 485 1520 τὸν
510 1486 729 1531 Σιμωνίδην
755 1483 894 1530 σώσας,
920 1487 1077 1531 apparet
1100 1485 1216 1531 igitur
1241 1487 1289 1521 ab
1314 1486 1437 1522 aliena
1463 1498 1574 1522 manu
1599 1485 1771 1523 additum

244 1543 322 1567 esse
344 1533 414 1568 hoc
434 1532 630 1569 distichon
675 1532 853 1568 Libanius
872 1534 1000 1568 narrat
1017 1535 1167 1578 poetam
1186 1533 1309 1590 ipsum
1329 1533 1589 1591 subscripsisse
1609 1534 1769 1570 disticho
1800 1551 1805 1553 ·

245 1580 343 1625 (128)
370 1591 442 1625 quo
467 1579 612 1624 pilam
602 1592 640 1615 ιιι
666 1580 810 1615 tumulo
835 1580 1076 1616 decoraverat
1101 1577 1328 1636 (στεφάνους
1351 1594 1394 1626 τῃ
1423 1583 1535 1627 στήλῃ
1561 1580 1766 1638 περιέθηκε

244 1626 308 1661 καὶ
342 1624 518 1672 ἐναγίσας
541 1627 591 1671 τῷ
617 1628 737 1684 νεκρῷ
763 1627 910 1672 σωτῆρα
935 1625 1054 1662 αὑτοῦ
1087 1625 1154 1663 τὸν
1179 1629 1355 1674 κείμενον
1381 1618 1563 1674 ἐκήρυξεν
1590 1626 1769 1674 ἐπιγράμ-

237 1686 348 1718 ματι·
381 1674 446 1709 καὶ
477 1674 587 1709 τοῦτο
613 1671 636 1720 ἡ
664 1672 774 1719 στήλη
801 1674 1065 1720 δείκνυσιν)*),
1100 1675 1227 1720 itaque
1259 1675 1437 1711 Libanius
1468 1677 1667 1721 utrumqne
1693 1675 1770 1721 epi-

243 1733 414 1766 gramma
443 1721 611 1757 vindicat
634 1723 787 1776 poetae,
812 1721 1042 1757 tralaticiam
1066 1722 1206 1757 famam
1233 1724 1391 1758 secutus.
1443 1722 1516 1758 Sed
1541 1722 1768 1758 Simonidem

242 1769 360 1813 pilam
393 1769 431 1804 in
466 1769 609 1804 tumulo
646 1770 806 1804 elexisse
841 1781 915 1805 non
950 1769 1008 1804 est
1042 1769 1120 1805 veri
1152 1770 1291 1814 simile,
1322 1770 1411 1805 iecit
1441 1771 1511 1805 hoc
1536 1769 1769 1816 epitaphium

244 1818 315 1861 (ep.
349 1818 428 1862 128)
455 1816 553 1851 inter
578 1816 733 1851 comites
758 1816 975 1861 perfunctus
1001 1817 1138 1852 officioz
1165 1818 1297 1862 postea
1323 1828 1407 1852 cum
1432 1817 1534 1852 fama
1557 1818 1603 1852 de
1623 1817 1766 1854 somnio

243 1862 443 1899 Simonidis
468 1866 673 1908 pervagata
698 1865 811 1906 esset,
845 1864 884 1899 in
918 1863 1136 1899 memoriam
1166 1864 1221 1899 rei
1252 1865 1367 1909 pilam
1399 1865 1584 1910 erigentes
1610 1876 1684 1900 non
1709 1875 1768 1900 so-

242 1910 321 1945 lum
349 1910 474 1946 nobile
501 1910 730 1955 epigramma
758 1914 825 1946 128
850 1910 1127 1955 inscripserunt,
1154 1912 1218 1947 sed
1244 1912 1438 1957 praeterea
1463 1911 1687 1947 addiderunt
1713 1912 1765 1947 al-

246 1959 368 1992 terum
395 1957 581 1993 distichon
608 1961 685 1993 129.

338 2003 463 2050 Epigr.
493 2009 570 2040 130.
620 2004 754 2039 Pollux
778 2004 812 2039 V
837 2009 902 2040 47:
927 2002 1110 2048 ’Ένδοξον
1137 2003 1179 2040 δὲ
1206 2005 1270 2040 καὶ
1295 2004 1454 2041 Λυκοὶδοι
1479 2005 1548 2051 τὴν
1575 2004 1766 2062 Θετταλὴν

244 2053 508 2109 Σιμωνίδης
546 2049 717 2097 ἐποίησε,
751 2049 906 2109 γράψας
939 2052 1043 2087 τουτὶ
1075 2049 1338 2098 τούπίγραμμα
1377 2050 1456 2110 ἐπὶτ
1473 2054 1522 2100 τῷ
1537 2050 1666 2109 τάφῳ
1704 2053 1769 2111 τῆς

244 2096 373 2156 ζιυνός·
401 2092 447 2134 H
471 2100 549 2134 σεῦ
574 2101 647 2135 κτλ.
675 2119 720 2124 —-
746 2099 789 2135 V.
819 2103 849 2134 1.
882 2093 906 2144 ἦ
933 2099 998 2135 σεῦ
1033 2099 1259 2145 Stephanus,
1294 2100 1404 2144 vulgo
1435 2093 1479 2144 ἧς
1499 2090 1563 2135 ’(κῦ.
1590 2120 1634 2126 -
1659 2098 1766 2136 λεύκ’

244 2143 353 2182 ὀστέα
368 2143 470 2203 τῷδ’
500 2146 709 2203 Stephanus
735 2148 788 2191 (et
812 2146 865 2181 sic
892 2147 1038 2182 Bekker
1063 2157 1107 2181 ex
1133 2146 1247 2190 libris,
1273 2148 1316 2181 ut
1327 2147 1518 2203 videtur),
1544 2146 1658 2192 vulgo
1682 2150 1767 2183 λευ-

244 2183 441 2238 κοστεάτῳ.
469 2215 511 2219 -
540 2194 581 2229 V.
609 2197 641 2230 2.
668 2190 842 2238 ἅγρωσσα
874 2194 960 2229 libri
986 2194 1086 2239 quod
1111 2194 1301 2251 quamvis*
1314 2191 1528 2239 ἆμαρτυρον
1561 2194 1609 2230 sit
1646 2205 1766 2240 neque

245 2241 347 2276 aliud
373 2231 483 2286 plane
510 2240 631 2276 simile
659 2241 869 2285 exemplum
894 2241 1063 2276 noverim
1095 2242 1196 2286 (nam
1219 2237 1374 2295 ἡρῷσσα
1399 2241 1547 2276 facilem
1573 2241 1687 2277 habet
1710 2242 1766 2277 in-

243 2288 470 2333 tellectum),
507 2288 689 2323 intactum
727 2288 878 2333 reliqui,
910 2288 1129 2333 praesertim
1160 2298 1243 2323 cum
1283 2288 1396 2323 etiam
1427 2288 1531 2324 verbi
1561 2285 1768 2333 ἄγρῶσσειν

244 2336 348 2380 origo
375 2335 424 2371 sit
450 2335 649 2380 obscurior,
676 2332 838 2380 ἄγρῶστι
866 2335 1077 2371 Schneider.
1092 2335 1194 2372 -V.
1211 2340 1243 2371 3.
1270 2332 1425 2380 Πήλιον,
1445 2332 1590 2371 Πάλιον
1617 2335 1767 2372 Schnei-

244 2382 377 2418 dewin.
404 2403 448 2408 -
474 2380 651 2428 αρίδηλος
675 2382 833 2427 Bekker,
859 2379 1037 2428 αρίδαλος
1061 2383 1184 2462 vulgo.
1213 2403 1256 2408 —
1283 2382 1326 2417 V.
1347 2387 1379 2418 4.
1407 2380 1576 2428 οἰονόμοι
1602 2384 1766 2429 σκοπιαί,

244 2494 331 2534 360,
363 2490 410 2524 ad
438 2501 535 2547 quos
567 2489 731 2523 Iulianus
761 2489 969 2534 Aegyptius
994 2489 1063 2523 VII
1089 2492 1158 2524 580
1184 2490 1222 2524 et
1248 2493 1314 2525 581
1348 2489 1510 2533 accedit,
1541 2488 1767 2534 scripserunt

244 2538 298 2577 εἴς
322 2550 405 2571 τινα
431 2534 504 2572 υπὸ
531 2537 667 2582 λῃστοῦ
687 2532 944 2581 ἀναιρεθέντα
965 2537 1029 2571 καὶ
1048 2533 1112 2571 ὑπ
1144 2533 1263 2571 αὐτοῦ
1285 2534 1540 2590 θαπτόμενον,
1561 2536 1621 2571 cui
1639 2535 1764 2571 chriae

245 2584 383 2619 Simon.
411 2596 466 2629 ep.
497 2587 562 2618 128
589 2594 715 2618 ansam
742 2583 865 2625 dedit,
891 2583 1089 2619 manifesta
1120 2583 1340 2619 imitationis
1372 2582 1532 2641 vestigia
1562 2582 1764 2628 deprehen-

244 2630 365 2666 dimus
385 2634 454 2666 310
475 2628 612 2687 θαψεν
638 2627 660 2666 ὅ
685 2643 729 2687 με
756 2631 906 2672 κτείνας
930 2628 1096 2675 κρυπτὸν
1121 2628 1260 2675 φόνον·
1288 2629 1324 2666 εἰ
1347 2629 1390 2666 δέ
1416 2643 1459 2675 με
1481 2626 1608 2684 τύμβω
1633 2630 1761 2674 δωρεῖ-

243 2690 317 2722 ται,
341 2679 456 2735 τοίης,
463 2674 657 2735 ἄντιτύχοι
675 2675 835 2733 χάριτος,
859 2678 958 2723 quod
979 2677 1108 2713 ceteris
1119 2678 1260 2731 opinor
1280 2677 1450 2734 exemplo
1470 2676 1559 2721 fuit3
1584 2665 1673 2712 item
1694 2681 1763 2713 356

243 2726 346 2760 τοίου
385 2722 523 2765 παντὸς
560 2722 668 2760 ὄναιο
707 2722 831 2770 τάφου
863 2727 904 2760 et
934 2729 1002 2761 381
1039 2721 1132 2760 αλλὰ
1165 2724 1229 2759 καὶ
1272 2721 1388 2765 αὐτὸς
1427 2726 1514 2759 ἴσων
1553 2719 1766 2769 ἄντιτύχοις

245 2769 462 2815 οὐρανόθεν
489 2773 659 2817 χαρίτων.

362 2819 394 2863 *)
422 2819 522 2854 Idem
553 2819 702 2854 Tzetzes
733 2819 919 2864 significat
949 2818 1255 2864 (παρενέγραψε).
1307 2819 1434 2863 Neque
1471 2818 1582 2853 aliter
1618 2817 1765 2854 videtur

244 2866 432 2946 reltktulisse
465 2868 609 2909 auctor,
642 2878 752 2911 quem
781 2866 947 2902 Valerius
972 2867 1087 2902 latine
1113 2867 1395 2911 interpretatur,
1427 2865 1583 2900 eundem
1608 2864 1764 2901 fortasse

244 2922 266 2945 a
319 2912 414 2948 ibuit
437 2913 625 2949 Libanius.
1674 2932 1679 2937 ·
