1864 3126
789 139 1024 176 ALCAEUS.
1589 137 1674 181 193

685 246 920 304 Τετρᾶὃοσιν
950 247 1140 304 ἆήδονας.

142 318 385 387 quamquam
417 334 506 385 suit,
537 347 626 374 cum
659 333 796 375 Alcaei
826 347 970 374 nomen
1001 336 1135 385 potius
1160 335 1211 373 ad
1238 313 1422 385 glossam*
1442 336 1676 386 sequentem

143 401 325 451 spectare
359 402 557 450 putarem:
608 398 943 452 Τετραέλικτον
985 396 1155 452 ἅλμαν·
1194 395 1323 452 ἤγουν
1365 400 1583 452 τρικυμίαν.
1627 399 1676 438 cf.

145 477 250 516 qnae
280 465 330 505 ad
362 465 501 505 Alcaei
533 466 581 505 fr.
615 469 668 506 19
701 466 904 506 adnotavi.

778 604 873 648 155.
906 604 1043 657 [109.]

266 704 380 744 Eust.
411 703 458 743 Il.
492 705 617 754 1155,
649 705 725 743 40:
768 702 905 754 Τείρεα
943 699 986 741 δὲ
1017 696 1043 754 ἢ
1075 698 1182 753 παρὰ
1220 698 1261 742 τὸ
1299 702 1417 753 εἴρειν
1453 702 1598 756 γίνεται
1635 698 1678 743 τὸ

143 767 282 823 λέγειν,
307 767 440 822 ἔχουσι
465 764 541 822 γάρ
566 783 654 807 τινα
678 767 888 820 σημασίαν,
915 762 968 815 ὦς
991 765 1058 807 καὶ
1078 763 1245 819 ’Ἄρατος
1271 760 1397 819 δηλοῖ,
1422 762 1448 819 ἢ
1477 800 1485 808 .
1507 799 1515 807 .
1537 801 1544 809 .
1570 764 1677 820 παρὰ

143 830 186 876 τὸ
225 835 384 887 τείρειν,
420 829 529 873 καθὰ
567 831 633 873 καὶ
668 834 782 873 τοῦτο
823 830 867 872 ἕν
902 835 983 880 τοῖς
1019 834 1088 873 τοῦ
1126 832 1328 886 Γεωργίου
1364 835 1504 872 κεῖται’
1541 831 1679 874 πολλοὶ

143 896 237 954 γάρ,
268 899 412 952 φησίν,
450 898 493 939 ἐκ
522 900 602 940 τῶν
637 893 811 950 ἀστέρων
847 900 1161 939 καταπονοῦνται
1197 892 1400 951 γινόμενοι
1436 894 1679 951 ἆερόβλητοι,

145 961 199 1014 ὧς
229 963 273 1006 ἐκ
302 967 372 1017 τῆς
401 965 570 1018 βροντῆς
600 960 869 1017 ἐμβρόντητοι·
902 962 1126 1016 ἕφανέρωσε
1159 962 1216 1013 δέ,
1248 964 1361 1015 φησί,
1392 960 1434 1004 τὸ
1455 966 1478 1003 ἒ
1499 960 1680 1011 Ἀλκαῖος

145 1026 269 1071 εἰπὼν
298 1028 469 1084 τερέων
500 1029 589 1082 δίχα
619 1031 688 1069 τοῦ
720 1040 745 1069 ῑ.
807 1029 866 1070 Of.
898 1030 1028 1070 Crem.
1060 1030 1137 1069 An.
1169 1029 1249 1069 Par
1280 1030 1338 1068 IV
1374 1031 1471 1080 192,
1506 1032 1579 1079 10,
1612 1030 1681 1069 ubi

144 1096 300 1148 τείρεων
330 1096 509 1135 affertur.
572 1095 728 1135 Seidler
757 1094 923 1148 τέρρεων
954 1096 1126 1146 scripsit.

264 1320 401 1361 Alcaei
430 1334 574 1362 nomen
612 1323 707 1361 olim
748 1323 975 1373 suspicatus
1013 1335 1101 1361 sum
1140 1321 1180 1360 in
1219 1321 1371 1361 Achaei
1406 1323 1537 1361 locum
1574 1322 1682 1372 apud

145 1387 389 1438 Hesychium
418 1388 744 1427 substituendum
771 1401 876 1428 esse:
902 1387 1078 1439 Δίχολοι·
1111 1383 1310 1439 διάφοροι.
1338 1380 1510 1439 Ἀχαιός·
1541 1401 1683 1426 κατα-

145 1455 308 1503 πεῖραι
347 1451 532 1503 δίχολοι
567 1454 751 1506 γνῶμαι
789 1449 890 1504 (cod.
924 1447 1248 1506 διχολογνῶναι),
1285 1448 1393 1503 παρὰ
1430 1448 1473 1492 τὸ
1511 1451 1617 1503 δίχα,
1655 1447 1681 1503 ἢ

147 1517 325 1568 δίτροποι
354 1513 452 1556 κατὰ
484 1514 716 1569 μετάληψιν.
765 1515 879 1570 χόλος
909 1512 983 1571 γὰρ
1013 1512 1039 1568 ἡ
1073 1512 1170 1570 ὀργὴ
1201 1515 1268 1556 καὶ
1299 1513 1416 1571 (ὀργὴ
1450 1512 1489 1570 ὁ)
1522 1513 1683 1569 τρόπος·

148 1582 412 1634 Βακχυλίδης·
444 1578 558 1636 ὀργαὶ
588 1580 658 1635 μὲν
689 1579 918 1634 ἀνθρώπων
949 1580 1250 1634 διακεκριμέναι.
1311 1595 1404 1621 nam
1436 1595 1526 1622 cum
1552 1582 1683 1622 Schol.

147 1649 336 1699 Hippocr.
369 1648 413 1688 T.
456 1647 488 1686 V
520 1650 607 1687 484
651 1649 711 1688 ed.
749 1649 879 1688 Littre
925 1643 1122 1702 (Erotian.
1160 1662 1199 1699 p.
1239 1650 1264 1688 6
1304 1649 1363 1688 ed.
1405 1643 1544 1701 Klein)
1587 1648 1684 1687 haec

149 1714 351 1753 exhibeat:
383 1708 529 1766 ὁργᾶν,
561 1707 791 1767 ὀρέγεσθαι,
829 1712 1040 1765 ἐπιθυμεῖν
1077 1715 1146 1766 τῆς
1183 1714 1413 1762 συνουσίας·
1450 1709 1570 1767 ὀργὰς
1608 1709 1683 1767 γὰρ

147 1774 239 1827 τοὺς
269 1774 441 1831 τρόπους
481 1774 650 1819 ἐκάλουν
687 1779 728 1819 οἰ
760 1775 916 1831 ἆρχαῖοι
953 1772 1084 1830 (codd.
1115 1777 1304 1829 plerique'
1333 1774 1485 1832 ἆχαιοὶ)
1526 1774 1579 1827 ὦς
1617 1777 1684 1818 καὶ

143 1839 314 1895 Ἀλκμὰν
339 1843 479 1895 φησίν·
505 1841 549 1883 ἕν
572 1841 643 1896 μὲν
668 1840 871 1898 ἀνθρώπῳ
897 1840 1011 1897 ὀργαὶ
1035 1842 1258 1897 κεκριμέναι
1282 1844 1429 1896 μυρίαι.
1461 1844 1680 1894 permirum

149 1910 213 1949 est
243 1909 447 1948 Alcmanis
479 1910 521 1948 et
550 1909 802 1960 Bacchylidis
839 1910 1001 1950 nomina
1038 1910 1202 1949 confusa
1240 1922 1344 1950 esse:
1387 1910 1499 1949 cuiu's
1537 1910 1684 1949 erroris

150 1974 263 2026 origo
313 1974 404 2013 inde
447 1974 660 2013 videbatur
701 1976 936 2027 repetenda,
980 1975 1084 2026 quod
1129 1976 1437 2026 grammaticus,
1481 1988 1528 2014 ex
1571 1975 1684 2014 euius

150 2039 389 2079 auctoritate
421 2039 542 2078 ceteri
573 2041 758 2090 suspensi
790 2042 901 2089 sunt,
938 2043 985 2079 ut
1021 2039 1352 2091 significationem
1387 2053 1530 2080 vocum
1573 2035 1686 2092 χόλος

151 2106 193 2143 et
222 2099 322 2157 ὀργή
361 2104 595 2156 explicaret,
634 2105 748 2144 illam
779 2118 918 2146 vocem
949 2105 1104 2156 Alcaei,
1143 2105 1243 2145 hanc
1281 2106 1535 2156 Bacchylidis
1567 2118 1686 2144 versu

150 2169 445 2208 illustraverat:
478 2170 583 2220 apud
617 2170 881 2221 Hesychium,
919 2171 989 2222 qui
1020 2171 1129 2210 solus
1162 2174 1378 2223 utrumque
1410 2171 1686 2210 testimonium

152 2234 345 2282 servavit,
382 2234 520 2274 Alcaei
560 2248 705 2275 nomen
742 2237 865 2277 cessit
894 2236 1072 2285 Achaeo,
1111 2237 1308 2277 Zenobius
1346 2237 1407 2275 111
1441 2238 1495 2276 25
1528 2238 1686 2275 tantum

153 2300 406 2350 Bacchylidis
438 2301 677 2340 auctoritate
708 2303 849 2351 utitur,
880 2303 978 2341 item
1010 2302 1225 2341 scholiasta
1250 2302 1520 2353 Hippocratis,
1553 2301 1621 2340 sed
1652 2301 1686 2339 is

152 2368 303 2405 temere
329 2364 524 2414 Alcmani‚
555 2366 668 2405 cuius
699 2379 844 2406 nomen
876 2368 1036 2418 saepius
1062 2379 1152 2406 cum
1179 2367 1326 2406 Alcaeo
1352 2366 1539 2405 confundi
1571 2367 1686 2414 solet,

152 2430 294 2470 tribuit
339 2442 500 2469 versum
539 2430 862 2481 Bacchylideum.
923 2431 1000 2471 Sed
1040 2432 1189 2471 Achaei
1226 2445 1368 2471 nomen
1406 2445 1485 2471 non
1523 2431 1687 2470 addubi-

152 2496 331 2544 tandum,
363 2507 454 2533 nam
486 2507 626 2534 versus
658 2495 818 2534 videtur
848 2497 1126 2546 anapaesticus
1158 2495 1208 2536 ἐν
1246 2497 1508 2552 καταπείρᾳ
1540 2497 1686 2549 δίχολοι

152 2562 318 2614 γνῶμαι.
378 2559 532 2598 Deinde
564 2561 851 2611 grammaticus
883 2562 1073 2612 antiquus
1106 2562 1376 2612 adscripscrat
1412 2565 1453 2601 et
1483 2562 1686 2602 Alcmanis

154 2629 195 2665 et
225 2625 479 2676 Bacchylidis
512 2626 711 2676 exempla:
743 2626 835 2665 inde
872 2627 1050 2666 confusio
1081 2628 1284 2667 nominum
1323 2628 1430 2666 orta:
1468 2640 1560 2667 nam
1597 2628 1687 2667 Alc-

154 2691 282 2731 manis
328 2703 468 2731 versus
518 2691 682 2742 excidit3
727 2703 773 2730 ac
822 2704 910 2731 cum
955 2703 1076 2742 supra
1118 2692 1164 2731 fr.
1198 2694 1252 2732 37
1287 2693 1322 2732 A
1366 2693 1513 2732 Alcaeo
1562 2692 1687 2732 vindi-

155 2756 326 2796 caverim
357 2756 595 2796 vocabulum
629 2755 793 2808 δίχολος,
825 2756 997 2796 fortasse
1028 2756 1095 2796 ille
1126 2757 1213 2807 ipse
1244 2771 1385 2797 versus
1416 2758 1481 2797 hic
1511 2757 1591 2797 fuit
1621 2758 1687 2797 ad-

156 2820 348 2871 scriptus,
387 2821 526 2860 Alcaei
569 2824 610 2861 et
654 2821 837 2861 Alcmani
880 2821 1107 2861 nominibus
1150 2823 1403 2873 permutatis.
1463 2823 1606 2863 Nauck
1647 2823 1688 2862 in

157 2886 358 2937 Hesychio
383 2886 583 2937 corrigere
609 2886 754 2925 maluit
779 2882 975 2939 Αἰσχύλος
1001 2887 1228 2940 Καβείροις·
1261 2887 1409 2940 δι’χολοι
1439 2889 1602 2941 γνῶμαι.
1634 2907 1683 2915 --

161 2973 189 2990 ιι
230 2965 359 2991 Pon-un
378 2964 455 2991 Lm.
486 2965 545 2992 111.
1360 2965 1402 2997 13

1683 617 1761 653 ,966
