1864 3126
0 0 168 175 ff
776 101 991 142 11011111.
1596 101 1651 146 15

211 210 345 263 Mdo’
379 211 481 273 ἄγε,
512 213 663 259 Μῶσα
695 215 837 270 λίγεια
868 208 1143 271 πολυμμελὲς
1580 222 1648 256 819

212 284 439 335 αἰενάοιδε
471 284 601 343 μέλος

213 355 407 418 νεοχμὰ-ν
438 355 546 417 ἄρχε
576 356 816 414 παρσένοις
846 353 1011 401 ἆείδεν.

195 536 197 538 q
792 467 832 509 2.
866 465 972 519 [31.]

217 585 393 596 .....
422 546 623 606 Ἐγῶνγα
654 545 696 592 δ’
733 545 940 604 ἀείσομαι

213 622 262 667 ἐκ
294 618 409 674 Διὸς
438 617 677 678 ἄρχομένα.

126 751 300 789 meruti
331 751 500 795 auctum,
533 749 636 786 cuius
668 749 801 787 tertius
832 760 899 794 pes
924 749 1005 784 vice
1030 747 1204 793 dipodiae
1229 747 1440 783 trochaicae
1466 748 1655 795 fungatur,

121 799 228 837 velut
251 801 309 836 est
333 799 372 836 in
396 798 690 845 hyporchemate
715 795 886 834 laconico
912 808 972 842 ap.
999 796 1188 842 Aristoph.
1216 795 1376 839 Lysistr.
1397 799 1506 831 1253:

333 866 461 907 Ποττὰ
487 869 606 915 κᾶλα,
630 865 702 910 τὼς
728 865 871 915 Μήδως
895 863 930 903 τ’
959 864 1106 903 ἐνίκων.

122 943 197 982 Sed
221 944 350 979 tamen
373 940 566 988 scrupulus
598 940 782 986 iniicitur,
814 939 915 984 quod
945 939 1040 975 alias
1075 938 1114 973 in
1139 938 1210 974 hae
1236 949 1362 974 versus
1388 939 1474 975 sede
1501 939 1654 985 spondei

120 991 206 1029 loco
230 989 347 1027 etiam
371 988 519 1025 iambus
545 987 746 1034 reperitur,
771 987 876 1024 velut
899 987 941 1023 fr.
966 991 983 1022 1
1011 999 1043 1023 v.
1066 990 1087 1021 3
1107 987 1146 1022 et
1165 986 1208 1022 fr.
1231 990 1262 1022 7.
1302 985 1513 1031 Praeterea,
1539 998 1653 1032 quon-

122 1038 198 1075 iam
223 1039 318 1075 haec
342 1036 563 1073 Alcmam'ca
587 1036 743 1082 stropha
767 1035 815 1071 ad
842 1034 1127 1071 similitudinem
1154 1033 1431 1069 Archilochiae:

335 1095 412 1132 Καὶ
435 1093 576 1142 βήσσας
599 1092 721 1141 ὀρέων
747 1092 1033 1135 ὃυσπαιπάλους

335 1142 414 1185 οἷος
436 1137 485 1190 ἦν
511 1139 574 1179 ἐπ’
602 1139 711 1189 ἥβης·
878 1183 880 1185 μ

334 1188 449 1238 ὄγμος
474 1191 602 1227 κακῶν
628 1189 670 1227 δὲ
698 1187 837 1237 γήραος
862 1192 1053 1236 καθαιρεῖ.

121 1274 240 1348 {Epo
259 1262 732 1319 accedit-consentaneum
758 1264 816 1298 est
841 1261 1046 1317 clausulam
1073 1272 1222 1307 quoque
1246 1272 1321 1297 non
1337 1261 1451 1316 plane
1470 1260 1655 1315 diversam

198 1322 250 1349 se.
286 1311 455 1347 Novavit
477 1311 606 1347 tamen
630 1310 692 1346 hic
715 1320 863 1355 quoque
883 1309 1025 1355 ahquid
1045 1309 1219 1354 Alcman,
1246 1310 1386 1344 etenim
1411 1319 1539 1344 versus
1563 1319 1656 1343 iam-

122 1359 227 1397 bicus
252 1369 326 1396 11011
349 1358 471 1395 tribus
495 1357 674 1405 dipodiis,
702 1357 769 1393 sed
794 1356 938 1393 duabus
958 1356 1130 1403 tripodiis
1151 1356 1316 1400 constat,
1341 1355 1655 1401 quemadmodum

123 1407 181 1444 eat
204 1407 243 1443 111
267 1406 513 1443 Anacreontis
537 1416 645 1442 versu
670 1405 713 1440 fr.
735 1409 798 1441 93:

329 1460 371 1502 Ὦ
392 1461 528 1511 ’ραννὲ
556 1461 602 1509 δὴ
630 1465 730 1510 λίην,
755 1466 922 1509 πολλοῖσι
949 1460 1019 1510 γὰρ
1046 1461 1183 1509 μέλεις.

122 1537 195 1574 Vel
219 1537 274 1574 sio
298 1540 427 1574 tamen
452 1536 525 1573 duo
545 1547 672 1572 versus
691 1533 873 1581 refragari
898 1533 1089 1577 videntur,
1116 1534 1181 1570 sed
1205 1533 1249 1569 fr.
1270 1537 1293 1568 4
1312 1530 1428 1579 ἁγνὸς
1447 1533 1491 1568 ut
1507 1533 1657 1578 legatur

122 1586 210 1633 ipsa
233 1584 420 1622 sententia
437 1583 602 1630 flagitat,
627 1583 671 1619 fr.
695 1587 714 1620 7
739 1578 908 1628 ninias,
935 1593 1047 1627 quam
1073 1581 1231 1617 formam
1249 1580 1399 1617 doricae
1419 1579 1572 1616 dialecti
1597 1580 1657 1615 lex

123 1632 308 1717 {affinga
324 1643 399 1669 11011
423 1631 601 1715 Ρῗὲἓοοίῗ,
628 1630 694 1668 sed
718 1630 850 1667 aoristi
873 1629 1033 1668 formam
1059 1640 1138 1665 esse
1166 1639 1309 1665 censeo.
1353 1628 1414 1664 Ita
1436 1628 1513 1663 iam
1538 1627 1658 1663 omnis

149 1692 162 1716 1
205 1691 225 1716 c
309 1692 327 1716 s
350 1690 453 1716 remo
521 1690 560 1715 es
580 1707 587 1714 .
723 1689 734 1698 ·

218 1727 278 1764 Fr.
306 1731 337 1763 1.
386 1726 538 1762 Maxim.
571 1725 677 1763 Plan.
709 1725 836 1761 Rhett.
865 1725 896 1760 V
921 1737 958 1769 p.
985 1728 1054 1760 510
1089 1725 1144 1761 ed.
1171 1723 1289 1760 Walz.
1321 1724 1523 1769 postquam
1554 1721 1657 1758 aliud

125 1774 318 1812 Alcmanis
341 1774 385 1810 fr.
411 1775 487 1820 (36)
512 1774 659 1819 attulit,
690 1773 831 1820 pergit:
869 1769 908 1816 ἐξ
942 1768 1133 1819 ἀνομοίων
1159 1769 1201 1807 δὲ
1230 1768 1388 1817 (στροφὴ
1415 1768 1657 1815 συγκειμένη)

125 1820 176 1865 ὦς
199 1822 307 1859 τόδε·
333 1818 447 1858 Μῶσ’
474 1824 549 1857 κτλ.
577 1823 616 1858 et
640 1834 673 1857 v.
694 1825 725 1857 3-
754 1820 930 1857 Priscian.
951 1821 997 1856 de
1022 1823 1130 1856 metr.
1152 1819 1301 1855 Terent.
1321 1822 1388 1854 251
1411 1818 1468 1854 ed.
1489 1818 1657 1854 Lindem.

125 1871 176 1916 (11
202 1874 272 1906 42⁶
298 1869 399 1916 Keil)
425 1869 649 1906 nominatim
675 1880 721 1904 ex
746 1867 927 1904 Alcmane
953 1867 1078 1903 affert:
1112 1867 1298 1912 „Alcman
1323 1868 1450 1902 autem
1475 1866 1518 1901 in
1539 1867 1659 1910 primo

127 1918 355 1955 catalectum
386 1916 598 1952 trimetrum
629 1916 721 1952 fecit
750 1915 951 1952 habentem
985 1915 1023 1951 in
1054 1916 1188 1960 quarto
1222 1914 1306 1950 loco
1337 1914 1448 1949 modo
1479 1913 1658 1956 iambum,

126 1965 239 2002 modo
274 1965 479 2011 spondeum
516 1964 586 2000 sic:
625 1961 804 2010 Νεοχμὸν
842 1961 933 2009 ἄρχε
971 1961 1177 2008 παρσένοις
1213 1958 1381 1997 ἄείδεν.“
1430 1961 1500 1996 Est
1533 1962 1659 1996 autem

125 2013 251 2060 ipsum
276 2013 386 2049 huius
410 2011 540 2057 hymni
565 2011 768 2048 exordium.
790 2031 834 2037 —
865 2010 906 2046 V.
928 2015 946 2046 1
974 2010 1083 2046 affert
1100 2010 1158 2046 Et.
1179 2009 1228 2045 Μ.
1249 2012 1329 2054 589,
1350 2012 1393 2044 47
1421 2008 1498 2044 sine
1525 2010 1659 2054 poetae

126 2059 293 2097 nomine:
331 2058 455 2096 Μῶσά
482 2072 524 2106 γε
550 2060 673 2095 Μῶσα
697 2060 829 2104 λίγεια.
870 2060 907 2094 et
931 2057 1106 2104 Apollon.
1134 2058 1180 2093 de
1207 2057 1353 2102 Sym-1
1378 2060 1418 2100 4,
1450 2055 1513 2091 ubi
1546 2055 1660 2100 vulgo

126 2109 250 2144 Μῶσα
274 2120 316 2154 γε
343 2110 475 2153 λιγεῐα.
509 2127 554 2133 -
589 2104 822 2153 πολυμμελὲς
849 2106 952 2149 Ven.,
984 2102 1195 2151 πολυμελὴς
1220 2104 1317 2149 Ald.,
1348 2101 1553 2149 πολυμελὲς
1578 2102 1658 2138 rell.

128 2176 172 2182 —
200 2155 244 2192 V.
263 2159 297 2191 2.
324 2153 517 2191 αἰενάοιδε
545 2155 591 2191 de
617 2155 833 2191 coniectura
858 2153 1007 2189 restitui
1034 2153 1094 2198 (de
1120 2153 1278 2188 accentu
1303 2151 1348 2186 cf.
1371 2152 1504 2186 Arcad.
1531 2163 1565 2195 p.
1586 2151 1659 2194 86),

97 2213 110 2239 ·.
127 2203 206 2239 sive
233 2199 422 2238 αἰϊνάοιὸε
450 2202 577 2246 malis,
610 2212 836 2247 qumquam
862 2200 1061 2236 Dorienses
1087 2200 1202 2236 etiam
1228 2197 1312 2234 αἰέν
1338 2198 1472 2233 dixisse
1500 2198 1660 2233 testatur

128 2250 250 2287 Cram.
275 2249 345 2286 An.
372 2249 438 2286 Ox.
459 2250 476 2285 1
495 2254 551 2293 71,
574 2254 630 2295 19,
656 2250 771 2295 vulgo
797 2246 860 2284 ἀεὶ
885 2247 942 2293 δὲ,
967 2248 1065 2284 uude
1090 2248 1282 2283 Hermann
1306 2242 1457 2290 ἀοιδᾶς,
1485 2245 1550 2280 sed
1575 2244 1658 2280 cod.

126 2298 212 2334 Par.
238 2301 332 2334 2918
358 2293 443 2333 αἷεὶν
468 2294 595 2343 ἄειδε,
629 2297 705 2333 sch.
732 2298 801 2332 An.
828 2295 912 2332 αἰὲν
937 2292 1066 2352 αῗιέιὸεζ
1101 2295 1200 2341 quod
1226 2293 1348 2339 ipsum
1374 2291 1518 2337 recepit
1541 2292 1659 2327 Walz.

119 2345 301 2394 ‚Hartung
325 2341 519 2381 αἰολᾶοιὸε
546 2344 705 2390 scripsit.
733 2365 778 2371 —
804 2343 847 2380 V.
874 2348 906 2379 3.
934 2356 1108 2389 νεοχμον,
1135 2353 1193 2388 ap.
1221 2341 1324 2376 Plan.
1352 2340 1431 2375 cod.
1459 2339 1541 2376 Par.
1568 2343 1660 2374 2916

127 2390 313 2439 νεωχμὸν,
339 2394 382 2428 ut
399 2392 565 2428 Erotian.
586 2395 673 2428 262:
700 2388 887 2438 Νεωχμόν
913 2391 1039 2437 (Klein
1065 2387 1261 2435 νεοχμόν)·
1286 2386 1494 2431 νεώτατον,
1521 2384 1571 2427 ὡς
1596 2386 1659 2421 καὶ

126 2437 280 2487 Ἀλκμὰν
307 2437 348 2476 ἐν
374 2437 414 2475 α’
443 2439 521 2485 (ΑΒ
546 2435 628 2484 αη’)
661 2439 792 2485 μελῶν.
832 2451 891 2484 ap.
926 2438 1038 2474 Prisc.
1071 2438 1157 2473 libri
1187 2448 1338 2481 νεομον.
1380 2455 1423 2461 --
1461 2432 1662 2479 παρσένοις

129 2487 242 2524 Prisc.
269 2487 376 2534 libri,
407 2487 472 2524 sed
499 2486 604 2523 codd.
631 2487 736 2523 Plan.
763 2484 839 2532 πάρ
866 2482 901 2521 σ’
930 2483 1047 2530 ένοις,
1083 2481 1145 2520 ἐπ’
1173 2480 1365 2529 ἄρσένοις,
1399 2479 1461 2518 ἐπ’
1490 2479 1660 2526 ἄρσενας.

134 2556 175 2562 -
202 2532 350 2580 ἀείδεν,
375 2546 435 2581 ap.
461 2534 573 2570 Prisc.
600 2533 689 2570 libri
714 2535 878 2579 αιειδεν,
911 2546 970 2579 ap.
996 2532 1153 2568 Planud.
1179 2531 1244 2567 καὶ
1270 2527 1388 2566 ἄειδε.
1440 2529 1596 2564 Alcman
1623 2528 1663 2563 et

84 2586 85 2589 ’
129 2579 264 2619 οἱείδεν
289 2584 329 2619 et
353 2579 488 2628 ἀείδην
515 2581 627 2627 dixit,
654 2581 699 2618 cf.
727 2582 784 2617 Et.
813 2581 862 2617 M.
890 2594 923 2627 p.
950 2584 1030 2616 327.

230 2630 287 2666 Fr.
313 2634 347 2667 2.
392 2629 482 2666 Vita
505 2629 611 2665 Arati
638 2629 693 2665 ed.
719 2629 999 2665 Buhle11437:
1026 2624 1206 2673 ἀγνοοῦσι
1232 2624 1273 2660 δὲ
1300 2622 1358 2660 ὅτι
1384 2624 1447 2659 καὶ
1473 2624 1664 2668 Πίνδαρος

130 2674 384 2724 κατεχρήσατο
409 2678 460 2726 τῷ
495 2676 578 2712 ἔπει
609 2674 746 2724 τούτῳ,
778 2675 915 2721 λέγων·
947 2671 1042 2710 ὅθεν
1069 2687 1139 2718 περ
1165 2673 1228 2708 καὶ
1249 2670 1443 2717 Ὁμηρίδαι
1469 2668 1662 2716 ἄρχονται,

132 2723 226 2767 Διὸς
251 2722 294 2762 ἐκ
319 2726 536 2772 προοιμίου·
570 2723 634 2759 καὶ
657 2720 827 2769 Ἀλκμάν·
858 2720 931 2779 ἐγώ
957 2720 999 2757 δὲ
1026 2718 1093 2757 ἀεί
1115 2733 1172 2756 σοι
1199 2733 1242 2765 με
1272 2717 1313 2754 ἐκ
1341 2716 1432 2759 Διὸς
1457 2714 1661 2764 ἀρχόμενα.

133 2771 368 2809 Valckenaer
393 2769 466 2819 ἐγὼ
487 2770 524 2807 δ’
546 2768 723 2816 ἀείσομαι
743 2768 785 2806 ἐκ
807 2774 849 2806 A.
870 2766 1091 2815 αρχόμενος,
1117 2768 1248 2812 scripsi
1274 2764 1420 2811 ἐγώνγα
1446 2765 1535 2812 (nisi
1554 2765 1663 2802 malis

132 2815 206 2902 ἐγὼ
230 2816 334 2866 λίγ’)
358 2822 399 2903 gt
416 2816 619 2903 α’(ἰχομένα,
647 2829 732 2854 nam
759 2817 968 2863 puellarum
994 2815 1127 2851 chorus
1154 2815 1225 2850 hoc
1244 2824 1396 2850 carmen
1414 2813 1595 2858 cantavit,
1621 2814 1664 2847 ut

167 2893 175 2900 .
205 2872 218 2902 1
250 2879 282 2904 v.
310 2872 331 2903 3
384 2878 478 2903 oce.

179 2968 194 2988 ἱ
