1864 3126
0 0 158 122 κῖὲ

43 123 55 129 1
44 74 74 99 q-

164 0 202 25 ‘³

835 809 951 852 XXI.
1570 819 1662 852 1078

354 930 707 980 APPENDIX
746 926 1432 979 ANAOREONTEORUM.

243 1085 475 1138 Appendice
507 1087 581 1126 hac
613 1086 880 1134 continentur>
900 1086 1062 1135 praeter
1093 1085 1313 1136 adespoton
1344 1097 1486 1136 poema
1513 1078 1587 1137 (εἰς
1616 1080 1663 1122 τὰ

125 1147 347 1205 βρουμᾶλια
377 1148 607 1193 ἀκολούθου
637 1154 708 1192 τοῦ
746 1144 1033 1204 γραμματικοῦ)
1071 1150 1240 1190 Ioawnis
1272 1149 1438 1201 Gazam,
1477 1149 1664 1189 Constam

126 1220 199 1264 tini
221 1218 356 1263 Siculi,
389 1219 550 1258 Leontis
573 1219 762 1267 Mayistri
793 1219 834 1256 et
866 1215 1024 1265 Georyii
1051 1214 1310 1256 Gramanatici
1341 1216 1530 1266 carmina,
1563 1227 1664 1266 quae

126 1283 343 1333 Matranga
373 1284 673 1324 Anecdotorum
704 1281 919 1332 volumine,
950 1281 1055 1331 quod
1087 1282 1237 1321 Romae
1270 1280 1323 1336 (a.
1359 1276 1493 1336 1850)
1527 1281 1663 1330 edidit,

126 1349 278 1400 publici
314 1350 414 1389 iuris
450 1350 557 1390 fecit.
620 1350 833 1400 Leguntur
869 1348 969 1387 haec
1006 1348 1183 1387 carmina
1218 1349 1411 1398 pleraque
1448 1347 1490 1385 in
1532 1347 1665 1386 codice

129 1414 369 1465 Barberino,
413 1429 461 1454 ex
502 1429 579 1467 quo
623 1415 730 1454 idem
772 1414 859 1459 ille,
887 1413 1100 1464 Matranga
1137 1413 1349 1463 Sophronii
1387 1413 1666 1451 Anacreontea

130 1479 255 1519 edidit
295 1481 337 1518 in
379 1479 584 1531 Spicilegii
621 1479 808 1520 Vaticani
838 1479 916 1519 vol.
948 1478 1024 1526 IV,
1063 1479 1125 1518 cui
1163 1478 1286 1518 codici
1323 1478 1566 1528 praemissus
1604 1479 1686 1516 est·

129 1545 247 1584 index
278 1546 499 1585 carminum
533 1541 668 1600 (quem
701 1546 915 1595 Matranga
947 1543 1051 1594 Spic.
1077 1543 1168 1583 Vat.
1193 1543 1253 1582 IV
1278 1544 1408 1583 Praef.
1432 1557 1470 1594 p.
1497 1542 1667 1581 XXXVI

130 1623 211 1662 seq.
243 1606 493 1665 adscripsit),
524 1612 566 1650 in
598 1624 676 1662 quo
707 1612 868 1662 quidem
898 1609 1028 1648 indice
1066 1609 1194 1648 multo
1233 1609 1353 1659 plura
1390 1609 1568 1648 carmina
1604 1621 1666 1647 re-

129 1678 357 1726 censentur,
401 1689 521 1728 quam
551 1677 638 1728 ipse
669 1677 793 1717 codex
825 1675 1004 1715 exhibet:
1036 1687 1279 1727 quamquam
1311 1667 1547 1725 Matrangae
1579 1673 1667 1713 dili-

130 1742 291 1793 gentiae
316 1755 397 1781 non
419 1743 586 1782 nimium
611 1743 882 1793 tribuendum,
914 1741 983 1792 qui
1014 1754 1104 1780 cum
1136 1741 1328 1781 asterisco
1354 1739 1556 1780 notaverit
1587 1752 1669 1779 car-

130 1808 250 1859 mina=
269 1808 438 1859 perdita,
469 1821 566 1848 usus
598 1812 661 1848 est
690 1808 765 1851 hac
801 1810 899 1848 nota
936 1809 1059 1848 etiam
1089 1808 1131 1847 in
1169 1808 1361 1858 adespoto
1403 1806 1576 1845 carmine
1614 1804 1669 1852 εἰς

130 1867 178 1911 τὰ
209 1869 444 1925 βρουμοὶλια,
476 1875 582 1913 idem
612 1876 749 1913 tamen
781 1873 883 1912 dixit
912 1873 1044 1913 Praef.
1075 1887 1113 1924 p.
1139 1872 1309 1912 XXXVI
1342 1884 1535 1922 occupare
1565 1871 1669 1910 hanc

132 1939 246 1978 odam
288 1939 366 1979 duo
411 1940 555 1979 codicis
597 1939 712 1987 folia,
754 1941 796 1978 et
835 1940 978 1990 postea
1018 1939 1144 1978 edidit
1186 1938 1228 1976 in
1269 1937 1499 1978 Anecdotis.
1560 1937 1668 1976 Usus

133 2007 268 2043 autem
300 2007 364 2044 est
400 2005 614 2056 Matranga
656 2005 698 2044 in
730 2004 946 2044 Anecdotis
990 2007 1152 2056 praeter
1191 2004 1365 2044 codicem
1403 2002 1668 2042 Barberinum

133 2069 254 2108 etiam
306 2071 389 2110 cod.
434 2070 732 2110 vindobonensi
782 2072 823 2110 et
871 2070 1141 2110 Laurentiano
1194 2064 1291 2123 (vid.
1343 2069 1478 2108 Praef.
1521 2067 1669 2107 Anecd.

133 2148 171 2184 p.
204 2136 259 2174 25
292 2130 431 2188 seqq.),
463 2136 534 2175 sed
564 2148 707 2186 pamm
739 2135 911 2174 dilucide
942 2136 990 2174 de
1021 2136 1085 2175 his
1123 2136 1239 2174 libris
1277 2134 1471 2185 exposuit.
1511 2154 1558 2159 —--
1596 2132 1668 2171 Co-

134 2200 260 2238 dicem
304 2200 570 2240 Barberinum
610 2214 648 2241 n.
682 2202 766 2240 246
813 2201 962 2240 saeculi
1003 2201 1062 2240 XI
1102 2202 1166 2240 vel
1207 2201 1284 2239 XII
1329 2201 1458 2239 denuo
1500 2197 1670 2237 contulit

135 2263 399 2315 Studemund,
443 2267 580 2318 itaque
625 2267 738 2306 licuit
778 2266 926 2305 multos
971 2279 1127 2306 errores
1171 2279 1196 2306 a
1234 2267 1448 2315 Matranga
1490 2262 1671 2302 commis-

137 2341 222 2380 sos,
270 2342 368 2379 quos
405 2331 469 2370 vel
501 2331 542 2370 in
580 2331 778 2382 epecdosi,
823 2331 888 2371 vel
924 2334 1082 2383 postea,
1120 2345 1210 2370 cum
1247 2332 1410 2371 tertiam
1454 2329 1669 2368 editionem

141 2407 439 2446 praepararem,
460 2396 714 2446 sustuleram,
734 2396 878 2436 codicis
898 2396 1023 2446 ipsius
1045 2398 1286 2437 auctoritate
1311 2395 1523 2445 corrigere.
1574 2393 1674 2433 Con-

136 2461 240 2500 tinet
271 2463 406 2501 autem
437 2460 540 2500 liber
571 2461 704 2500 omnia
735 2462 911 2501 carmina
941 2463 1103 2512 praeter
1140 2463 1220 2501 tria
1261 2460 1516 2501 Constantini
1549 2459 1673 2498 Siculi

136 2528 334 2575 poemata,
368 2539 470 2577 quae
502 2526 717 2577 Matranga
747 2527 811 2566 vel
837 2540 885 2565 ex
910 2527 1180 2567 Laurentiano
1206 2528 1271 2567 vel
1297 2541 1344 2567 ex
1371 2525 1672 2565 vindobonensi

139 2592 242 2631 libro
275 2593 434 2632 videtur
464 2591 734 2642 descripsisse.
787 2591 972 2631 Codicem
998 2592 1263 2631 Barberinum
1295 2591 1431 2632 notavi
1456 2591 1595 2630 littera
1625 2591 1671 2630 B.

139 2658 199 2696 De
230 2658 363 2697 codice
395 2657 664 2697 Laurentiano
698 2652 869 2709 (XXXII
902 2659 968 2706 52,
1002 2670 1102 2697 saec.
1134 2654 1261 2708 XIV),
1293 2669 1412 2708 quem
1443 2656 1549 2695 idem
1581 2656 1671 2694 Stu-

140 2724 313 2762 demund
343 2723 527 2774 inspexit,
559 2723 638 2762 dixi
664 2723 715 2761 ad
742 2723 993 2762 Constantini
1018 2735 1138 2762 carm.
1166 2725 1189 2761 2
1219 2725 1260 2762 et
1291 2722 1455 2773 Georgii
1487 2735 1606 2761 carm.
1633 2723 1673 2762 4.

139 2788 199 2828 De
230 2787 530 2828 vindobonensi
561 2788 693 2828 codice
725 2788 824 2827 nihil
856 2788 1042 2828 innotuit.

260 2854 424 2893 Ioannis
455 2853 616 2901 Gazaca,
649 2854 716 2903 qui
743 2856 854 2893 sexto
880 2854 1038 2892 saeculo
1065 2853 1315 2902 adscribitur,
1343 2857 1558 2905 supersunt
1582 2866 1669 2894 car-

141 2918 248 2957 mina
291 2931 378 2970 sex,
423 2919 637 2969 septimum
681 2919 785 2969 quod
829 2921 1060 2959 recensetur
1098 2919 1139 2958 in
1175 2919 1303 2959 indice
1335 2919 1419 2959 cod.
1452 2920 1570 2960 Barb.
1601 2921 1674 2962 τοῦ

1315 2989 1388 3022 22*
