1864 3126
232 170 318 212 346
568 148 570 152 ’
801 172 989 208 POETAE
1015 173 1190 210 Mamm.

317 280 395 323 ὑπὸ
427 280 539 336 κριὸν
571 281 676 336 ἅρμα
707 284 855 335 τείνων,

315 344 475 401 χθόνιαι
507 348 647 403 φλέβες
677 352 848 403 γελῶσιν.

279 422 299 454 5
345 416 666 467 Χθονοφοίτορες
698 413 740 454 δὲ
774 417 929 468 Μοῖραι

315 480 486 532 κρυφίοις
517 477 638 534 γονὰς
669 476 841 534 ἀρούρης

314 542 432 585 πάλιν
463 546 516 593 εἰς
548 543 652 597 φάος
677 548 852 596 καλοῦσι,
887 553 975 585 1083

312 608 442 662 χθόνα
471 612 654 663 ποικίλην
683 613 874 662 τελοῦσαι,

333 672 422 715 Ἵνα
452 673 598 729 κόσμος
629 673 894 728 ἆμφνθάλλων

261 750 303 781 10
318 738 440 794 ἐρόεις
471 739 533 782 ἀεὶ
562 739 694 797 νεάζῃ,

314 808 637 861 πολυκαρπίμους
669 805 710 847 δὲ
743 802 891 858 φύτλας

314 869 387 912 σὺν
407 870 551 926 ’Ἐρωτι
582 870 737 926 Κύπρις
769 871 869 927 ἕλκῃ.

298 971 311 982 „
343 935 446 978 Φύσι
477 936 631 990 πότνια,
662 935 847 992 χλοάζεις,

313 999 493 1054 νεότητας
524 1000 775 1057 ἐγχαράττεις,

256 1075 297 1106 15
315 1067 380 1107 ἴνα
412 1065 464 1120 μὴ
496 1069 582 1122 βίος
612 1065 825 1108 καθεύδων

311 1132 472 1185 βροτέας
503 1133 625 1188 σκέπῃ
656 1132 855 1187 γενέθλας.

345 1200 393 1238 Τί
420 1196 494 1253 γὰρ
526 1196 574 1240 οὐ
607 1198 797 1251 φέρουσιν
818 1192 934 1251 ‘Qun

311 1261 402 1315 μετὰ
434 1265 609 1317 χείματος
640 1261 872 1312 κελεύθους;

312 1330 350 1368 τί
378 1328 421 1369 δὲ
453 1326 504 1382 μὴ
539 1326 664 1383 Χάρις
696 1325 855 1381 φυτεύει

253 1402 297 1434 20
312 1393 425 1446 ἔαρος
457 1394 653 1447 στέφουσα
683 1391 841 1443 κάλλος;

345 1461 394 1500 Τί
421 1457 496 1514 γὰρ
529 1457 602 1501 οὐκ
634 1460 700 1513 ἔαρ
731 1460 878 1512 κομίζει

310 1522 444 1576 βιότου
476 1523 572 1567 λύον
603 1526 802 1579 μερίμνας,

311 1588 374 1631 ὅτε
404 1590 469 1632 καὶ
501 1589 621 1646 ρ”όδον
653 1588 801 1644 λοχεύει

309 1654 632 1711 περιπορφύρους
661 1654 907 1709 κορύμβους;

252 1731 295 1762 25
332 1719 598 1775 ῩΑπαλόχροος
629 1719 804 1775 Κυθήρη

311 1786 451 1840 ρ”οδέας
483 1787 558 1840 ἔχει
589 1784 765 1840 παρειάς,

311 1852 437 1892 ἐθέλει
469 1851 644 1893 πνέουσα
675 1849 837 1904 φύλλων

310 1914 597 1970 ῥοδοδάκτυλος
627 1921 843 1957 καλεῖσθαι.

327 1979 414 2023 Ὅτε
445 1980 509 2022 καὶ
540 1981 628 2031 νέος
658 1979 833 2036 χλοάζων

1042 293 1087 324 30
1100 282 1380 338 γλυκερώτερος
1410 284 1583 340 γαλήνης

1097 347 1268 404 γυάλους
1299 350 1422 391 ἔλειπε
1452 353 1564 405 γαίης

1102 415 1283 470 Χαρίτων
1313 413 1450 469 βρύων
1470 414 1668 467 ’Ἀδωνιςκ

1121 477 1164 520 ‘O
1195 479 1238 521 δὲ
1268 484 1411 534 κοῦρος
1442 481 1518 522 ἐστὶ
1548 480 1711 536 καρπός,

1095 543 1276 600 κρατερὸς
1307 548 1397 599 βίου
1427 546 1646 601 προφήτης,

1037 618 1081 650 35
1097 608 1252 661 φύσεως
1283 608 1359 652 ἕῶν
1390 609 1571 665 λόχευμα,

1092 672 1345 728 Ἀφροδίσιον
1375 674 1556 730 χόρευμα.

1129 742 1178 781 Τί
1205 757 1263 793 με,
1295 743 1444 793 παῖδες,
1477 739 1524 783 οὐ
1556 747 1698 794 φιλεῖτε

1097 803 1166 847 τὸν
1196 803 1256 846 ἆεὶ
1287 806 1420 854 ζέοντα
1450 805 1650 859 Μούσαις,

1098 869 1238 924 νοερὸν
1270 872 1440 925 φέροντα
1472 870 1628 926 Βάκχον

1040 935 1335 987 4οἙλικωνίοις
1365 937 1586 987 κυπέλλοις;

1126 1001 1236 1043 Νέον
1267 996 1370 1055 ἦθος
1400 1003 1613 1056 ε’νθαμίζον

1097 1070 1224 1122 κρίσιν
1256 1065 1328 1109 οὐκ
1359 1068 1404 1124 ἐᾷ
1434 1070 1619 1122 κομίζειν·

1096 1135 1275 1186 νεοτησιά
1305 1130 1378 1188 γὰρ
1409 1131 1489 1187 ἥβη

1095 1198 1217 1251 φιλέει
1248 1196 1408 1251 μάλιστα
1439 1200 1602 1247 παίζειν.

1034 1273 1078 1305 45
1117 1261 1160 1304 Ὁ
1192 1260 1316 1316 σοφὸς
1345 1262 1485 1317 χρόνος
1516 1266 1688 1318 βαδίζων

1093 1329 1132 1378 ἐς
1163 1326 1351 1382 ἐτήτυμον
1383 1327 1568 1382 δικάσσει,

1094 1393 1156 1436 ὅτε
1185 1391 1254 1436 τὸν
1283 1394 1474 1447 τρέφοντα
1504 1392 1650 1448 μύθοις

1094 1458 1255 1514 γενέτην
1285 1459 1386 1512 ἔχειν
1417 1457 1577 1509 διδάξει.

1124 1521 1239 1564 Μετὰ
1270 1526 1465 1577 ποιμνίων
1495 1522 1516 1567 ὁ
1547 1522 1708 1578 ποιμήν,

1038 1600 1082 1631 50
1096 1587 1260 1643 μεθύων
1289 1587 1449 1644 γάλακτι
1479 1587 1665 1643 Μούσης,

1094 1654 1230 1710 λιγέως
1260 1653 1396 1709 ἄριστα
1426 1657 1564 1706 παίζω,

1094 1715 1278 1761 καλύκων
1307 1717 1420 1774 χάριν
1452 1717 1639 1763 δοκεύων.

1117 1782 1160 1826 Ὁ
1192 1784 1235 1826 δὲ
1269 1787 1418 1839 Φοῖβος
1449 1783 1640 1840 ὀργιάζων

1093 1850 1206 1904 μέλος
1238 1849 1403 1904 εὔλυρον
1432 1849 1581 1904 θοάζει,

1034 1926 1078 1957 55
1093 1916 1156 1957 ἐπὶ
1188 1918 1382 1970 Κυπρίοις
1411 1914 1588 1970 πετήλοις

1092 1979 1324 2035 ἱλαρώτερον
1355 1983 1526 2034 μελίζων.

322 2174 505 2210 Ioannis
531 2186 679 2211 carmen
704 2178 736 2211 5.
787 2174 901 2211 Extat
925 2175 1025 2221 apud
1049 2174 1287 2221 Matrangam
1313 2179 1391 2211 636.
1414 2196 1458 2201 -
1486 2175 1527 2210 V.
1556 2178 1587 2210 5.
1614 2177 1750 2220 χθονο-

226 2224 402 2268 φοίτορες
427 2223 530 2258 nolui
558 2225 712 2266 mutare,
740 2222 814 2258 diei
840 2223 1040 2268 oportebat
1063 2220 1357 2268 χθονοφύτορες,
1389 2233 1615 2268 quamquam
1640 2233 1686 2258 ne
1711 2222 1752 2258 id

228 2270 379 2315 quidem
403 2272 550 2316 aptum:
585 2270 726 2306 rhetori
758 2271 994 2306 obversatum
1026 2270 1174 2306 videtur
1207 2270 1343 2306 veteris
1369 2271 1503 2316 poetae
1529 2270 1750 2316 exemplum,

215 2318 328 2361 ,velut
359 2318 458 2362 quod
489 2317 697 2363 Hesychius
730 2317 898 2354 exhibet:
931 2314 1164 2363 χθονόπαιδ’
1189 2313 1325 2363 Ὥραν·
1358 2313 1452 2352 καθ’
1486 2313 1506 2352 ὃ
1541 2314 1583 2353 ἐκ
1616 2317 1684 2363 γῆς
1709 2315 1754 2353 αἱ

218 2359 327 2409 Ὧραι
352 2363 397 2400 τὰ
424 2363 611 2410 φυόμενα,
638 2363 687 2406 ὡς
711 2362 834 2410 ἡμέρα
860 2362 978 2410 ἡλίου.
1004 2362 1100 2400 καθ’
1128 2363 1304 2410 ἷστορίαν.
1334 2385 1377 2390 -
1408 2364 1452 2400 V.
1482 2368 1536 2401 11.
1563 2367 1748 2410 πολυκαρ-

225 2413 360 2458 πίμους
379 2413 420 2456 Β,
447 2412 644 2458 Matranga
668 2414 965 2459 πολυκαρπίμου.
992 2433 1038 2438 -
1064 2413 1106 2448 V.
1130 2416 1185 2449 12.
1213 2412 1300 2459 ἕλκῃ
1325 2412 1505 2456 Piceolos,
1532 2412 1611 2448 cod.
1639 2411 1747 2448 ἕλκει.

225 2481 280 2511 —l
296 2460 338 2495 V.
366 2464 421 2496 13.
450 2456 560 2502 Φύσι,
593 2459 674 2496 cod.
701 2473 790 2504 φυς,
823 2460 1021 2506 Matranga
1047 2457 1179 2506 φύσιν,
1211 2459 1377 2496 Piccolos
1409 2456 1520 2504 φύσις
1551 2456 1590 2502 ἐξ
1622 2455 1746 2494 ὕπνου

245 2504 383 2550 λοάζει.
413 2528 453 2532 -—-
483 2507 525 2542 V.
555 2510 608 2544 14.
636 2504 815 2552 νεότητας
840 2508 882 2552 Β,
908 2508 1106 2553 Matranga
1131 2504 1323 2553 νεότητος,
1349 2506 1518 2542 Piocolos
1543 2505 1614 2542 νέα
1639 2506 1748 2551 τῆτες

223 2521 444 2600 Ξγχαράττει
478 2555 535 2590 vel
574 2552 748 2600 νεότητος
786 2553 876 2600 ἔργα
908 2552 1074 2600 πράττει.
1113 2575 1157 2580 -
1195 2555 1223 2589 Β
1257 2551 1494 2600 ἐγχαράττης.
1535 2574 1579 2579 —-
1612 2553 1654 2589 V.
1690 2557 1745 2589 16.

223 2602 359 2648 σκέπῃ,
385 2601 415 2635 Β
441 2600 570 2647 σκέπη.
614 2601 698 2638 Non
723 2603 877 2659 expedio
904 2603 1036 2637 locum.
1063 2622 1107 2627 —
1134 2601 1177 2637 V.
1197 2606 1255 2637 24.
1280 2598 1586 2647 περιπορφύρους
1609 2597 1746 2646 κορύμ-

225 2651 324 2695 βους,
350 2649 545 2695 legebatur
569 2662 865 2695 περιπορφυροις
896 2647 1108 2698 κορύμβοις.
1143 2670 1185 2675 -
1219 2649 1261 2685 V.
1289 2653 1344 2684 27.
1381 2645 1507 2684 ἐθέλει
1538 2648 1746 2694 Matmnga,

224 2697 251 2730 B
279 2694 407 2741 ἐθέλη.
434 2717 476 2722 -
504 2696 546 2732 V.
569 2701 624 2733 31.
651 2694 811 2742 γυάλους
835 2696 877 2741 Β,
903 2697 1100 2742 Matranga.
1123 2694 1295 2742 γυαλούς.
1321 2717 1366 2721 -
1392 2695 1436 2731 V.
1464 2698 1520 2731 32.
1546 2695 1575 2730 Β
1595 2691 1746 2736 ἅδωνις.

225 2763 269 2769 —-
295 2744 339 2779 V.
365 2747 422 2779 43.
449 2744 477 2778 Β
502 2740 587 2792 ἥβη.
614 2764 658 2772 —-
685 2745 727 2781 V.
755 2748 800 2780 48
826 2755 900 2780 non
925 2744 1092 2790 expedio.
1120 2764 1164 2771 —-
1191 2744 1233 2781 V.
1261 2747 1317 2779 51.
1343 2742 1373 2777 Β
1397 2743 1558 2788 λιγαίως.
