1864 3126
165 118 222 159 24
696 122 699 126 ’
731 116 922 152 ΡΟΕΤΑΕ
947 116 1126 153 MELICI.

165 231 381 270 deterritus
413 230 615 268 Alcmanis
649 231 721 268 has
753 229 942 278 reliquias
968 230 1010 267 in
1034 229 1237 279 integrum
1261 230 1474 269 restituere
1499 243 1571 280 pro
1597 230 1691 270 viri-

163 297 238 334 bus
270 307 486 346 aggressus
519 296 598 345 est3
631 296 672 333 et
702 295 893 334 nonnulla
924 294 1083 344 quidem
1115 297 1223 334 recte
1255 295 1492 345 emendavit,
1519 295 1589 334 sed
1614 295 1694 334 alia

163 362 375 401 levissimis
408 361 641 400 coniecturis
685 360 871 408 tentavit,
909 372 1038 409 neque
1078 361 1210 411 potuit
1245 360 1425 410 inceptus
1462 361 1576 400 labor
1606 373 1692 401 suc·

165 427 321 475 cedere,
367 425 682 475 quandoquidem
723 425 866 463 falsam
905 426 1101 481 concepit·
1121 425 1362 475 opinionem,
1400 438 1479 464 non
1515 424 1694 465 continui

164 490 349 530 carminis
380 491 537 539 partem
568 502 654 528 esse
688 492 904 539 servatam,
945 491 1014 530 sed
1046 503 1069 529 a
1101 490 1360 541 grammatico
1393 490 1525 540 aliquo
1557 504 1603 546 ex
1635 491 1693 530 di-

164 557 291 595 versis
324 554 564 594 carminibus
596 555 693 594 haec
732 556 918 604 decerpta
956 558 996 595 et
1033 570 1106 606 pro
1143 555 1311 594 arbitrio
1350 556 1558 596 coniuncta
1596 569 1694 596 esse.

164 623 255 672 Ipse
288 622 336 660 de
367 621 430 658 his
451 620 652 659 Alcmanis
683 621 861 671 reliquiis
887 621 1058 671 primum
1085 621 1254 659 disserui
1278 621 1320 658 in
1345 621 1555 672 Philologo
1580 621 1695 661 XXII

164 701 201 737 p.
238 689 259 725 1
293 699 390 736 seq.‚
431 687 518 724 tum
554 686 771 725 retractavi
812 688 852 725 et
887 686 1036 724 inserui
1073 683 1236 725 editioni
1270 687 1293 724 3
1331 685 1567 736 Lyricorum
1602 675 1706 740 poe-J

166 755 319 804 tarum,
351 751 518 801 denique
557 751 599 788 in
631 752 821 790 addendis
854 751 1017 790 exhibui
1053 751 1126 790 has
1163 751 1330 801 paginas
1367 751 1515 790 litteris
1552 753 1697 792 maius·

167 819 284 866 culis,
317 829 413 856 usus
448 817 646 867 exemplo,
684 817 788 866 quod
821 829 844 854 a
879 818 990 855 1865
1031 817 1181 855 editum
1220 818 1281 855 est
1317 816 1358 854 in
1395 817 1549 868 sylloge
1587 818 1697 857 char-v

166 887 299 922 tarum
345 882 618 920 Parisinarum
659 878 831 934 (Noticcs
868 885 902 920 ct
945 884 1103 921 extraits
1139 883 1184 921 dc
1222 882 1464 921 Manuscrits
1505 883 1548 921 T.
1579 883 1698 922 XVII

168 952 191 987 2
225 963 263 999 p.
296 949 380 986 416
416 959 494 997 seq.
527 960 562 984 n.
600 949 671 997 713
711 947 838 996 ipsius
877 947 1038 986 chartae
1070 948 1294 997 exemplum
1333 947 1493 986 exhibet
1523 948 1604 987 tab.
1637 944 1694 1002 2).
1771 952 1774 953 ⁷

168 1015 254 1054 Hoc
279 1013 515 1063 exemplum,
536 1013 717 1062 quamvis
742 1026 823 1052 11011
846 1013 1024 1062 potuerit
1048 1013 1167 1062 plane
1193 1012 1398 1051 desideriis
1424 1013 1572 1052 nostris
1599 1015 1698 1053 satis

166 1081 310 1129 facere,
343 1078 663 1129 quandoquidem
694 1078 943 1129 lithographi
975 1089 1096 1127 opera
1126 1079 1190 1116 usi
1222 1080 1315 1116 sunt
1340 1078 1524 1129 editores,
1550 1079 1698 1129 insigni

169 1147 209 1184 et
239 1144 317 1183 fide
351 1146 391 1182 et
422 1155 518 1181 cura
549 1143 774 1182 confectum
806 1155 891 1182 esse
922 1146 1100 1192 apparet.
1151 1144 1265 1182 Nunc
1292 1144 1451 1182 demum
1475 1144 1590 1182 licuit
1619 1157 1699 1183 non

168 1211 296 1250 solum
337 1208 496 1258 penitus
535 1209 840 1257 persentiscere,
883 1220 1001 1258 quam
1045 1208 1202 1247 difficile
1247 1209 1299 1247 sit
1341 1209 1502 1247 chartae
1539 1209 1698 1250 litteras

167 1275 259 1314 rudi
291 1273 504 1313 admodum
528 1273 683 1312 librarii
709 1286 828 1312 manu
855 1275 1039 1312 exaratas
1066 1273 1262 1323 expedire,
1290 1274 1358 1311 sed
1390 1273 1511 1312 etiam
1537 1274 1698 1314 chartae

168 1340 311 1380 habitu
350 1339 508 1389 cognito
547 1339 710 1388 propius
749 1338 932 1378 accedere
970 1338 1020 1376 ad
1056 1351 1193 1378 veram
1230 1339 1468 1389 scripturam
1505 1339 1698 1389 indagan-

169 1407 278 1445 dam:
309 1404 444 1454 itaque
475 1403 544 1442 illo
577 1403 755 1452 exemplo
787 1415 884 1442 usus
925 1405 1117 1452 quantum
1154 1417 1224 1453 per
1261 1405 1451 1454 temporis
1490 1405 1698 1455 angustias

167 1471 297 1521 licuit,
336 1469 527 1508 nonnulla
563 1468 712 1507 rectius
751 1468 1045 1517 administravi,
1083 1482 1201 1519 quam
1247 1472 1381 1518 antea,
1426 1470 1494 1509 ubi
1537 1472 1697 1520 praeter

171 1550 295 1576 unum
325 1535 476 1585 Eggeri
507 1534 785 1584 apographum
815 1535 970 1573 nullum
1007 1534 1186 1573 criticam
1224 1538 1351 1575 artem
1390 1535 1592 1574 factitanti
1622 1536 1701 1574 fuit

170 1601 494 1641 instrumentum.

288 1679 375 1717 Iam
405 1679 498 1726 post
528 1679 658 1715 meam
689 1677 1002 1726 qualemcunque
1042 1689 1204 1726 operam
1233 1677 1275 1715 in
1306 1677 1368 1715 his
1399 1677 1605 1716 Alcmanis
1641 1690 1701 1716 re-

172 1743 305 1794 liquiis
337 1741 606 1781 instaurandis
638 1741 873 1779 collocatam
904 1742 973 1780 alii
1011 1743 1194 1780 certatim
1232 1742 1364 1780 studia
1403 1754 1475 1781 sua
1505 1743 1582 1781 huc
1613 1754 1701 1781 con-

171 1810 365 1857 tulerunt,
397 1796 510 1846 {reiut
534 1806 692 1844 Abrens
723 1807 764 1846 in
795 1807 1004 1858 Philologo
1036 1807 1185 1846 XXVlI
1219 1809 1311 1846 241-
1331 1820 1411 1857 seq.
1437 1809 1477 1846 et
1504 1810 1585 1847 577
1621 1821 1701 1858 seq.

173 1877 213 1914 et
243 1874 360 1912 Blass
398 1873 440 1911 in
479 1873 616 1911 Museo
648 1863 838 1911 Rhenano
870 1870 1014 1911 XXIII
1035 1887 1072 1923 p.
1108 1874 1190 1913 545
1222 1886 1301 1923 seq.
1333 1875 1374 1911 et
1404 1873 1514 1911 XXV
1546 1887 1582 1924 p.
1618 1876 1699 1913 177

173 1939 233 1990 [et
263 1940 304 1977 in
334 1938 486 1976 Herma
518 1937 617 1976 XIII
647 1951 683 1987 p.
720 1939 772 1977 15
795 1951 875 1988 seq.
908 1940 949 1976 et
978 1938 1073 1976 XIV
1104 1952 1141 1988 p.
1174 1939 1259 1977 466
1289 1936 1387 1988 seq]
1419 1938 1487 1988 qui
1518 1951 1552 1977 a.
1587 1940 1699 1978 1869

174 2004 234 2056 [et
262 2002 394 2054 1877]
426 2004 514 2054 ipse
539 2003 707 2042 Parisiis
734 2004 914 2042 chartam
946 2004 1073 2042 denuo
1106 2003 1346 2043 examinavit
1377 2005 1418 2042 et
1448 2003 1629 2053 inprimis
1660 2005 1703 2042 in
1783 2030 1798 2043 .

173 2083 264 2120 pag.
296 2069 358 2106 III
396 2068 568 2118 plurima
609 2067 818 2117 expedivit.
881 2069 1046 2107 Praeter
1084 2069 1156 2108 hos
1195 2070 1242 2108 de
1279 2069 1480 2127 Alcmanis
1519 2073 1703 2119 poemate

174 2134 322 2184 optime
353 2134 517 2172 meritos
549 2133 828 2171 memorandus
861 2132 1008 2182 Christ,
1041 2134 1109 2183 qui
1138 2134 1182 2172 in
1211 2134 1420 2184 Philologo
1452 2134 1583 2172 XXIX
1617 2136 1699 2173 211

175 2212 255 2249 seq.
287 2199 335 2237 de
367 2199 520 2249 aliquot
550 2198 647 2237 locis
679 2198 917 2248 disputavit,
956 2200 996 2237 et
1029 2197 1186 2247 Canini,
1225 2199 1292 2249 qui
1322 2199 1487 2239 Parisiis
1519 2213 1553 2239 a.
1588 2201 1702 2240 1870
1762 2201 1767 2203 ’

177 2264 551 2304 commentationem
577 2261 702 2303 edidit
727 2258 959 2312 (Fr-affluent
982 2265 1036 2303 du
1058 2265 1266 2312 parmenae
1290 2262 1497 2303 d’Alcmcm
1519 2265 1702 2316 restam-eg

177 2329 383 2370 comment&
411 2333 443 2367 ct
474 2325 650 2382 traduit),
683 2330 750 2379 qui
781 2329 908 2367 denuo
940 2327 1152 2379 diligenter
1182 2341 1254 2368 nec
1279 2329 1362 2368 sine
1388 2329 1518 2368 fructa
1541 2329 1703 2368 chartae
1747 2376 1750 2378 q

177 2391 394 2445 scripturas
439 2395 740 2444 pervestigavit.
803 2392 880 2443 [De
925 2394 1164 2434 scholiorum
1206 2394 1386 2444 reliquiis
1423 2393 1471 2433 cf.
1503 2393 1618 2432 Blass
1660 2394 1704 2439 in

179 2461 330 2500 Herma
361 2457 488 2509 XIII]

297 2536 500 2575 Alcmanis
526 2537 598 2575 has
624 2536 812 2586 reliquias
840 2548 927 2575 esse
951 2536 1183 2586 planissime
1207 2537 1350 2576 docent
1373 2537 1555 2575 veterum
1573 2548 1703 2586 gram·

179 2604 412 2642 maticorum
444 2601 684 2650 testimonia,
718 2601 806 2640 vide
837 2601 887 2640 ad
917 2614 954 2651 p.
986 2602 1006 2640 I
1037 2615 1073 2642 v.
1107 2604 1131 2640 6
1166 2604 1206 2640 et
1236 2615 1273 2652 p.
1305 2600 1347 2640 II
1377 2614 1413 2641 v.
1446 2602 1513 2640 27.
1539 2601 1607 2640 30.
1635 2603 1701 2651 31,

179 2671 298 2718 atque
330 2668 450 2706 etiam
483 2668 516 2706 si
546 2666 711 2706 testium
736 2666 974 2706 auctoritate
1000 2667 1186 2707 destituti
1211 2678 1396 2716 essemus,
1422 2679 1536 2705 nemo
1563 2668 1703 2716 opinor

181 2733 384 2772 dubitaret
426 2733 523 2771 haec
563 2731 757 2771 Laconico
801 2734 942 2782 poetae
985 2733 1197 2772 vindicare.
1257 2733 1392 2786 Egger
1433 2731 1586 2781 insigne
1629 2732 1705 2771 hoc

179 2799 374 2848 poematis
404 2798 686 2848 fragmentum,
718 2796 824 2847 quod
847 2797 1030 2837 versibus
1063 2797 1115 2837 CI
1145 2798 1311 2848 constat,
1341 2797 1488 2847 hymno
1519 2796 1561 2834 in
1591 2796 1702 2836 Dios-

181 2875 295 2902 curos
327 2863 550 2913 adscripsit,
583 2875 700 2913 quem
732 2864 850 2901 antea
881 2865 1041 2902 secutus
1074 2876 1179 2902 sum:
1212 2861 1358 2902 etenim
1388 2874 1425 2911 p.
1456 2860 1477 2899 I
1507 2873 1543 2900 v.
1578 2863 1601 2899 6
