1864 3126
199 131 286 173 242
523 182 525 185 ι
760 131 951 167 POETAE
978 132 1157 170 MELnn.

859 242 1061 294 12.[19]

296 318 363 364 Οὐ
393 320 480 378 γὰρ
514 297 673 364 αὔοιον
704 329 806 372 παῖς
843 322 1029 373 Τυδέως.

907 452 1008 495 *13.

288 613 443 660 Ἑλένα
478 617 707 667 Μενελαΐς.

843 730 1080 789 214.[24]

293 897 477 942 Ἀλθαία
513 902 772 957 Μελεαγρίς.

930 1019 994 1062 15.

293 1112 742 1134 υυΔυυ-υυί.-

295 1183 573 1239 Παρελέξατο
605 1185 804 1239 Καδμίδι
834 1182 989 1242 κούρᾳ.

860 1303 924 1346 16.
958 1303 1064 1356 [27]

294 1396 602 1417 Lo--Lu-

300 1738 414 1789 Τούς
443 1754 489 1781 τε
520 1741 787 1789 λευκίππους
817 1736 981 1795 κόρους

294 1806 425 1851 τέκνα
457 1805 690 1859 Μολιόνας
720 1806 906 1864 κτάνον,

295 1876 449 1929 ἅλικας
480 1876 740 1933 ἰσοπάλους,
774 1877 1019 1935 ἑνιγυίους,

295 2031 351 2066 Fr.
381 2034 436 2066 12.
485 2029 543 2066 Et.
568 2029 617 2065 M.
651 2034 736 2075 171,
768 2034 804 2065 7:
843 2027 996 2065 Αυσιον’
1029 2030 1094 2066 καὶ
1124 2028 1143 2066 6
1205 2030 1246 2066 ὲν
1276 2029 1421 2091 Ἴβυκος
1452 2030 1584 2068 αὔσιον
1609 2031 1722 2078 λέγει,

201 2074 370 2169 Ξὲζὲῃξῦ
390 2090 461 2123 γαρ
488 2073 620 2112 αὔσιον
638 2081 728 2117 παῖς
755 2076 916 2118 Τυδέως.
943 2077 1026 2114 fort.
1053 2082 1143 2118 παῖς
1167 2092 1187 2113 ο
1217 2080 1360 2119 Τυδεος
1386 2077 1544 2124 (Τυδέος
1569 2080 1722 2115 Schnei-

297 2183 354 2219 Fr.
384 2187 427 2218 13
453 2184 491 2218 ef,
517 2186 573 2218 14.
623 2181 790 2219 Diomed
818 2183 834 2217 Ι
860 2187 928 2219 323
955 2183 1012 2221 ed.
1040 2184 1139 2220 Keil.
1166 2186 1266 2229 „Aut
1290 2196 1313 2220 a
1337 2185 1491 2230 mariffis,
1516 2187 1558 2220 ub
1583 2185 1725 2222 Helena

202 2230 395 2275 Menelais,
421 2231 487 2265 aut
512 2241 534 2265 a
558 2229 656 2275 filiis,
687 2233 729 2266 ut
754 2230 890 2267 Althea
914 2230 1123 2276 Meleagris,
1157 2232 1255 2267 sicut
1278 2233 1412 2278 Ibyeus
1438 2232 1600 2268 Graecus
1624 2234 1722 2268 retu-

203 2279 284 2314 liizf‘
339 2278 542 2322 Utrumque
569 2277 778 2323 exemplum
803 2278 906 2323 Ibyci
930 2278 1077 2314 videtur
1102 2290 1190 2317 esse.

295 2336 353 2371 Fr.
381 2339 435 2372 15.
486 2335 604 2372 Cram.
631 2337 698 2371 An.
727 2336 792 2373 Ox.
818 2336 835 2370 Ι
859 2340 939 2380 255,
968 2341 1005 2373 7·
1038 2337 1270 2383 Καδμηΐδι
1302 2339 1418 2384 γαίῃ.
1454 2334 1593 2393 Ὥσπερ
1618 2336 1721 2383 παρὰ

200 2381 242 2419 τὸ
271 2381 471 2428 Δάρδανος
496 2381 668 2419 ἐκπίπτει
686 2381 975 2430 πατρωνυμικόν
1002 2384 1056 2425 εἰς
1075 2398 1108 2425 ις
1128 2385 1319 2429 Δαρδανὶς
1342 2386 1404 2420 καὶ
1419 2383 1527 2443 παρὰ
1546 2386 1588 2420 τὸ
1608 2386 1723 2430 Πρία-

201 2444 269 2490 μος
294 2431 477 2487 Hel-aed&
494 2426 613 2470 οὕτως
639 2429 719 2466 ἔδει
743 2431 808 2466 καὶ
832 2431 947 2489 παρὰ
959 2429 1001 2467 τὸ
1030 2429 1184 2477 Κάδμος
1202 2433 1364 2478 Καδμίς·
1389 2429 1431 2467 τὸ
1457 2429 1544 2488 ἄρα
1552 2432 1724 2490 Καδμηῒς

202 2475 405 2513 ἐπλεόνασε
440 2475 481 2512 τὸ
515 2482 557 2522 ῆ·
591 2474 651 2513 ὅτε
686 2472 754 2513 οὖν
787 2478 902 2523 φησὶν
933 2476 953 2514 ὁ
971 2475 1163 2525 ”·Ιβυκος
1197 2481 1355 2524 Παρελ.
1383 2481 1469 2523 ml„
1506 2476 1548 2514 τὸ
1575 2475 1722 2524 ὀφειλόυ

200 2537 316 2570 μενον
341 2521 550 2560 ἀπέδωκεν.

295 2583 354 2618 Fr.
384 2587 439 2619 16.
490 2583 623 2619 Athen.
649 2583 683 2619 II
708 2587 773 2619 57:
792 2581 969 2632 Ἴβυκος
989 2583 1031 2620 δ’
1060 2582 1107 2620 ἐν
1131 2584 1315 2633 πέμπτῳ
1351 2584 1494 2630 μελῶν
1524 2583 1611 2628 περὶ
1641 2586 1722 2619 Μο-

200 2630 374 2666 λιονιδῶν
408 2632 517 2675 φησί·
553 2628 672 2671 Τούς
702 2643 741 2666 τε
775 2634 847 2667 κτλ.
893 2631 945 2666 Cf.
973 2632 1143 2667 Eustath.
1178 2635 1280 2676 1686,
1305 2635 1360 2668 47.
1411 2631 1619 2667 Stesichoro
1645 2630 1722 2666 vin-

201 2678 303 2713 dicat
326 2678 419 2713 haec
445 2678 629 2723 Hmtung,
665 2678 839 2722 quoniam
872 2678 1102 2714 Stesichorus
1133 2690 1280 2724 quoque
1311 2678 1495 2714 adiectivo
1519 2675 1723 2718 λεύκιππος

202 2724 251 2759 sit
275 2736 362 2760 usus
383 2724 443 2770 (fr.
464 2727 537 2769 86),
558 2735 678 2777 peque
698 2725 778 2761 fieri
797 2725 974 2770 potuisse,
1000 2727 1043 2761 ut.
1062 2726 1223 2782 Ibyeus
1213 2738 1334 2772 1psum
1356 2725 1548 2760 Herculem
1570 2725 1722 2770 loquen-

201 2772 276 2806 tem
301 2771 511 2807 induceret:
539 2771 572 2806 si
598 2772 701 2817 Ibyci
726 2773 801 2807 sint
821 2784 958 2818 versus,
984 2774 1085 2808 certe
1110 2770 1276 2808 κτάνεν
1303 2772 1546 2808 scribendum.
1567 2792 1611 2797 —
1632 2772 1674 2807 V.
1691 2776 1721 2807 1.

200 2816 335 2874 κόρους
360 2819 532 2863 Dindorf‚
558 2818 670 2863 vulgo
696 2817 866 2875 κούρους.
901 2840 943 2845 -
970 2819 1013 2855 V.
1040 2824 1072 2855 2.
1099 2833 1238 2855 κτανον
1264 2818 1374 2864 BCD,
1405 2819 1432 2854 L
1460 2816 1662 2864 κτανόντα,
1691 2819 1721 2855 V

125 2867 131 2874 “
201 2862 425 2901 κτάνονταν.
448 2887 491 2892 -
511 2847 554 2902 V.
576 2870 608 2901 3.
630 2863 830 2907 ἰσοπάλους
852 2866 1030 2911 Meineke,
1051 2867 1135 2902 libri
1156 2847 1414 2912 ἰσοκεφάλους,
1440 2877 1510 2912 ego
1529 2865 1618 2902 olim
1639 2877 1721 2912 pro-
