1864 3126
706 150 1085 190 ANACREONTEA.
1164 160 1167 164 ’
1578 153 1666 197 329

197 292 637 306 .......
985 265 1122 318 γλυκι
1153 258 1195 307 δ’
1224 255 1283 306 αὖ
1307 260 1505 319 λαβόντα
1530 260 1636 306 θάλε

196 330 283 377 σὺν
303 329 366 388 δ’,
390 328 526 390 ἕταιρ’
549 330 649 386 ἄεξε
668 332 856 390 μέλπων.
1342 349 1443 379 πειν

231 402 346 450 Τόδε
376 402 473 463 γὰρ
492 405 616 449 θεῶν
648 402 784 461 ἄημα,
983 409 1224 462 μαλακαῖσι
1255 405 1380 464 χερσὶ
1411 404 1603 463 κούφαις

150 488 171 521 5
195 474 301 522 τόδε
318 475 396 540 καὶ.
417 477 595 534 βροτῶν
611 473 663 520 τὸ
684 474 845 533 χάρμα,
916 488 957 521 15
983 475 1228 535 προσάγειν
1259 474 1298 521 τ’
1334 475 1528 535 ’Ἑρωτος
1558 475 1636 522 ἄν·

196 546 389 606 Χάρισίν
402 545 441 592 τ’
459 544 620 605 ἄγαλμ’
637 548 687 592 ἐν
701 545 852 606 ὥραις,
1342 555 1440 601 θος.

195 617 496 664 πολυανθέων
526 616 568 663 τ’
599 617 805 676 Ἐρώτων
1021 622 1076 665 Τι’
1106 619 1155 665 δὲ
1193 622 1288 677 φῶ;
1326 624 1373 664 τί
1407 619 1448 665 δ’
1490 617 1547 664 ἄν
1584 618 1635 665 τὸ

197 689 471 749 άφροδίσιόν
501 688 543 736 τ’
578 688 775 749 ἄθυρμα.
1342 691 1537 750 τερπνόν

197 761 301 808 τόδε
331 762 406 807 καὶ
437 761 611 820 μέλημα
642 762 823 821 μύθοις,
984 767 1167 816 θαλίαις
1197 781 1243 809 τε
1273 761 1623 822 κάντραπὲζαις

128 846 172 879 10
197 837 350 892 χαρίεν
382 833 528 892 φυτόν
552 852 599 879 τε
624 836 847 880 Μουσῶν·
987 839 1255 888 Διονυσίαις
1285 834 1335 880 θ’
1370 835 1545 893 ἑορταῖς

197 906 339 963 γλυκὺ
354 905 428 951 καὶ
448 908 665 952 ποιοῦντα
686 914 847 965 πεῖραν
986 910 1089 965 δίχα
1103 909 1187 952 τοῦ
1206 906 1348 966 ῥόδου
1365 905 1533 964 γένοιτ’
1556 906 1636 959 ἄν;

198 979 248 1023 ἐν
278 975 548 1031 άκανθίναις
577 976 810 1037 άταρποῖς·
914 991 960 1023 20
1009 977 1361 1032 Ῥοδοδάκτυλος
1392 978 1474 1036 μὲν
1502 976 1630 1035 Ἠώς,

199 1084 638 1095 .......
986 1050 1257 1110 ροδοπήχεες
1289 1050 1338 1096 δὲ
1369 1049 1577 1109 Νύμφαι,

130 1225 328 1275 δυναστής,
357 1224 423 1264 ὅδε
450 1227 515 1264 καὶ
543 1224 702 1277 βροτούς
727 1226 900 1275 δαμάζει,
926 1228 991 1265 ubi
1010 1228 1125 1265 etium
1146 1228 1334 1276 μέλπομαι
1354 1226 1496 1266 ἀείδων
1516 1230 1575 1266 est
1592 1231 1668 1267 tra-

130 1277 262 1314 ditum.
290 1297 333 1303 —
361 1274 531 1322 τὲρεινον
559 1276 782 1323 Salmasius,
809 1288 922 1334 quam
947 1276 1107 1314 formam
1133 1277 1387 1324 τερεινότερος
1413 1278 1504 1314 satis
1531 1279 1669 1322 tuetur,

128 1325 208 1362 cod.
235 1320 396 1370 τερινόν,
429 1334 551 1369 neque
582 1335 672 1360 vero
696 1337 868 1371 τερεινον
894 1325 1141 1371 scribendum,
1174 1337 1261 1362 nam
1294 1326 1387 1363 haee
1412 1325 1589 1372 prosodia
1614 1328 1670 1362 est

128 1383 437 1420 paronymomm,
475 1375 519 1408 ut
545 1369 706 1417 ἐλεινὸς,
731 1370 933 1414 σκοτεινάς.
985 1372 1195 1420 Stephanus
1226 1371 1399 1420 θερινόν,
1434 1374 1575 1410 Barnes
1600 1372 1667 1409 θέ-

132 1433 246 1467 ρειον.
298 1420 388 1456 Post
418 1419 455 1455 h.
488 1431 523 1455 v.
558 1419 655 1455 alius
687 1418 898 1465 intercidit,
935 1420 1001 1465 qui
1030 1421 1132 1457 haud
1164 1420 1276 1458 dubie
1309 1421 1494 1458 vocabulo
1520 1418 1667 1457 ἀείδειν

126 1467 416 1513 terminabatur,
447 1468 491 1504 ut
521 1469 579 1503 est
608 1467 647 1503 in
679 1468 812 1504 Anacr.
843 1467 887 1504 fr.
916 1471 978 1511 653
1019 1480 1108 1505 nam
1139 1468 1173 1504 ἦ.
1206 1473 1246 1512 3,
1278 1481 1391 1515 quem
1424 1469 1550 1505 solent
1579 1468 1667 1505 huic

128 1516 344 1562 adiungere,
371 1513 521 1551 omnino
547 1515 606 1551 est
629 1515 869 1561 separandus.
903 1536 947 1542 —
979 1515 1023 1552 V.
1051 1520 1083 1552 3.
1110 1513 1182 1553 σὺν
1208 1515 1259 1562 δ’,
1294 1513 1428 1563 ἔταιρ’,
1460 1514 1549 1560 ἄεξε
1577 1517 1662 1563 μέλ-

126 1577 208 1600 πων
247 1562 390 1609 scripsi,
428 1562 508 1599 sive
545 1563 667 1611 μολπῇ
701 1561 829 1608 malis,
867 1563 950 1599 vult
986 1566 1099 1610 poeta
1135 1564 1303 1600 sodalem
1337 1566 1470 1600 cantus
1507 1564 1663 1611 partici-

127 1622 214 1658 pem
242 1621 329 1651 ‚esse
368 1611 407 1646 et
435 1610 626 1655 hortatur,
656 1611 700 1646 ut
730 1621 855 1647 secum
887 1621 993 1647 rosae
1023 1611 1155 1648 laudes
1187 1613 1355 1648 versibus
1387 1612 1562 1656 celebret,
1594 1613 1667 1649 hoc

128 1658 228 1695 enirn
267 1659 323 1694 est
359 1653 504 1703 ἀέξειν,
547 1657 644 1716 quod
682 1669 758 1694 non
792 1659 880 1694 sunt
916 1659 1077 1695 assecuti
1114 1659 1252 1704 critici,
1292 1660 1358 1706 qui
1395 1660 1467 1696 hoc
1511 1660 1668 1696 verbum

128 1707 216 1743 tuiti
254 1707 355 1750 sunt3
401 1706 482 1742 cod.
528 1705 598 1741 συν
638 1710 786 1750 εταιρεῖ
822 1703 931 1750 αὔξει
975 1705 1130 1753 μέλπειν
1174 1707 1236 1744 vel
1279 1706 1435 1754 με’λπην.
1498 1706 1667 1754 Scaliger

111 1750 339 1799 -συνέταιρ’,
371 1749 458 1797 ἄεξε
493 1752 649 1800 μέλπειν
681 1754 873 1798 (Heinsius
903 1752 1083 1801 μολπήν),
1114 1754 1255 1791 Barnes
1287 1754 1375 1798 σύν,
1410 1752 1544 1802 ἕταιρ’,
1576 1753 1664 1799 ἄεξε

130 1799 288 1848 μολπήν,
313 1801 499 1837 Arnaldus
524 1798 569 1837 σὺ
597 1797 634 1836 δ’
671 1800 720 1838 ἔτ.
746 1797 785 1837 ἄ.
818 1800 992 1849 μέλπειν,
1024 1803 1173 1839 tuentes
1204 1803 1261 1838 illi
1294 1803 1446 1849 quidem
1472 1816 1506 1839 v.
1534 1807 1555 1839 2
1582 1802 1665 1850 με’λ·

129 1862 259 1896 πομαι,
286 1851 418 1884 contra
441 1849 632 1885 Hermann
657 1847 818 1895 μέλομαι
843 1878 851 1886 .
874 1878 881 1886 .
903 1880 910 1888 .
937 1848 1160 1896 συνέταιρον
1187 1847 1255 1894 ὀξὺ
1282 1850 1448 1897 μέλπειν,
1484 1851 1585 1896 quod
1610 1863 1666 1887 se-

129 1896 205 1933 cuti
238 1899 326 1932 sunt
359 1895 558 1933 Mehlhorn
583 1897 623 1934 et
646 1896 762 1941 ane,
794 1897 867 1933 nisi
893 1898 993 1943 quod
1019 1897 1157 1935 vitioso
1183 1909 1338 1935 numero
1365 1897 1582 1944 συνέταιροι
1605 1899 1667 1935 vel

130 1941 198 1981 σὺν
225 1941 353 1991 ἓταίρῃ
379 1942 616 1991 scripserunt.
647 1964 687 1971 —-
715 1945 760 1981 V.
786 1949 809 1981 4
828 1945 915 1983 ¹cod.
941 1943 982 1981 τὸ
1008 1944 1065 1984 δὲ.
1093 1966 1136 1972 -
1162 1945 1207 1982 V.
1229 1950 1261 1984 5.
1288 1944 1329 1982 τὸ
1356 1944 1482 1994 χάρμα
1509 1946 1667 1994 Stepha-

128 2039 215 2074 nus,
241 2027 322 2082 cod.
355 2006 498 2074 χῖιρμα,
531 2028 598 2064 sed
628 2028 808 2065 eorrectio
839 2028 877 2065 in
910 2041 959 2065 m.
991 2040 1066 2065 non
1103 2031 1216 2066 extat.
1274 2028 1394 2066 Valde
1430 2031 1671 2076 frequentant

129 2076 170 2112 hi
190 2076 460 2112 versificatores
480 2075 692 2122 articulum,
717 2076 846 2123 itaque
867 2076 1042 2113 Salmasii
1063 2078 1244 2114 correctio
1270 2075 1421 2124 χάρημα
1447 2079 1667 2125 spernenda.

130 2123 251 2159 Bothe
276 2123 388 2169 longe
418 2123 553 2160 melius
578 2124 742 2170 βροτοῖσι
768 2121 904 2171 χάρμα.
937 2145 984 2151 -
1014 2125 1059 2161 V..
1087 2129 1120 2161 6.
1147 2122 1188 2161 ἐν
1205 2121 1343 2172 ὥραις,
1376 2126 1475 2162 Rose
1501 2123 1667 2171 ἐνώροις.

130 2191 176 2197 -—
201 2170 245 2206 V.
273 2174 305 2206 ¹1.
336 2167 371 2205 τ’
405 2170 554 2215 addidi,
591 2171 704 2217 vulgo
737 2171 853 2208 deest.
886 2193 930 2198 —
965 2172 1007 2208 V.
1037 2176 1091 2209 10.
1124 2170 1246 2218 φυτόν
1277 2186 1338 2219 τε,
1370 2174 1514 2210 conieci
1539 2187 1590 2210 τι.
1624 2195 1668 2200 -—

132 2219 175 2255 V.
204 2222 259 2254 11.
283 2218 485 2263 ποιοῦντα,
512 2219 592 2255 cod.
620 2231 733 2265 supra
765 2232 812 2264 κ,
844 2219 946 2256 haud
970 2219 1083 2256 dubie
1119 2220 1232 2256 etiam
1258 2221 1431 2257 ποιοῦντι
1458 2223 1514 2266 (ut
1539 2221 1669 2267 vulgo)

132 2266 339 2311 legebatur.
371 2286 416 2292 —-
448 2266 537 2303 Post
561 2277 595 2303 v.
625 2270 667 2302 12
701 2266 832 2303 deesse
863 2276 1010 2304 versum
1036 2268 1176 2314 notavi,
1210 2269 1331 2314 possis
1358 2269 1481 2305 locum
1507 2268 1668 2304 redinte-

131 2323 241 2359 grare
267 2312 481 2349 adscribens
499 2325 532 2351 v.
555 2316 598 2349 15
623 2311 829 2359 προσάγειν
856 2313 992 2361 ἔρωτος
1017 2313 1149 2357 ἄνθος.
1173 2337 1214 2342 -
1237 2315 1281 2351 V.
1306 2320 1360 2352 13.
1395 2314 1559 2364 λαβόντα
1586 2316 1668 2353 cod.

131 2361 210 2408 (qui
242 2362 438 2406 praeterea
466 2358 656 2419 θάλπην),
690 2362 802 2420 vulgo
834 2359 998 2410 λαβόντι.
1034 2384 1077 2389 -
1110 2363 1154 2400 V.
1185 2367 1239 2401 14.
1266 2361 1442 2408 κούφαις,
1469 2364 1668 2400 Mehlhorn

131 2409 271 2454 κοῦφα.
293 2427 337 2433 -
357 2406 402 2443 V.
426 2412 480 2444 15.
506 2420 712 2454 προσαγειν
731 2422 751 2444 τ
788 2409 1033 2455 Medeubaeh,
1055 2411 1134 2447 cod.
1155 2407 1409 2457 προσάγωντ’,
1436 2411 1534 2446 uude
1555 2411 1668 2469 vulgo

132 2453 374 2502 προσάγοντ’.
425 2455 497 2491 Sed
529 2455 614 2492 vide
641 2467 754 2502 supra
777 2457 827 2494 ad
852 2469 886 2493 v.
914 2461 969 2493 12.
1003 2478 1046 2484 —
1081 2458 1125 2496 V.
1154 2463 1207 2494 16.
1234 2459 1274 2494 τί
1295 2457 1337 2494 δὲ
1365 2459 1444 2503 φῶς
1476 2460 1515 2494 τί
1543 2455 1583 2494 δ’
1617 2472 1669 2494 αν

133 2536 174 2575 τὸ
196 2536 363 2596 ,τερπνόν
389 2538 524 2592 refinxi
552 2539 596 2574 ut
624 2538 731 2584 potui
762 2539 842 2576 cod.
875 2540 1098 2587 scripturam
1133 2519 1294 2587 ὧσσόφῶ
1321 2539 1362 2577 τὸ
1390 2538 1431 2575 δ’
1459 2537 1562 2577 αὐτῶ
1587 2554 1669 2586 τερ·

133 2600 231 2623 πνον
256 2589 310 2632 (in
336 2598 384 2622 m.
418 2588 471 2629 ζκ
514 2598 537 2621 1.
570 2597 601 2622 e.
635 2584 761 2632 ζήτει).
810 2586 887 2624 Alii
921 2589 1033 2625 aliter
1057 2589 1301 2626 difficultates
1335 2588 1510 2634 expedire
1543 2589 1670 2626 conati

134 2637 231 2678 sunt,
261 2634 392 2670 Aemi—1.
427 2634 561 2670 Portus
594 2633 644 2681 τῷ
682 2634 788 2682 σοφῷ
820 2634 975 2678 (Barnes
1007 2633 1057 2677 ὥς
1089 2637 1212 2682 σοφῶ,
1246 2637 1365 2673 Bothe
1397 2632 1548 2684 ἄσόφῳ)
1581 2633 1666 2672 τόδ’

133 2678 229 2738 ατξτὸ
254 2695 299 2727 n,
329 2681 530 2717 Mehlhorn
560 2681 626 2717 καὶ
650 2682 700 2730 τῷ
732 2682 839 2730 σοφῷ
870 2683 910 2718 τί
935 2681 1116 2728 τερπνόν,
1149 2674 1339 2720 Hermann
1364 2682 1498 2732 σκύφῳ
1525 2683 1604 2720 ἔστι
1629 2681 1668 2720 δ’

134 2741 225 2765 avve
252 2742 282 2764 τ.
304 2748 349 2755 -—
376 2727 420 2765 V.
443 2733 498 2765 17.
525 2725 598 2764 κάν
625 2729 769 2775 scripsi,
795 2729 991 2775 legebatur
1009 2732 1087 2776 καί,
1107 2732 1204 2768 Rose
1224 2742 1363 2767 novum
1382 2742 1534 2767 exorsus
1554 2744 1669 2768 enun-

132 2776 268 2813 tiatum
295 2777 334 2811 τί
354 2772 428 2813 κάν
453 2776 614 2823 scripsit.
643 2797 684 2803 —-
722 2777 764 2812 V.
794 2779 847 2813 18.
873 2773 934 2823 θ’,
966 2778 1045 2813 cod.
1079 2780 1121 2814 ut
1147 2778 1244 2815 solet
1269 2774 1315 2815 τ’.
1345 2798 1388 2805 -
1415 2777 1460 2815 V.
1491 2782 1542 2816 19.
1578 2780 1667 2825 δίχα
1703 2786 1705 2788 ’

134 2823 200 2860 τοῦ
227 2820 342 2869 ὅόδου
370 2823 578 2867 Mehlhorn,
605 2824 683 2860 cod.
711 2825 751 2860 τί
771 2823 813 2860 δὲ
841 2825 928 2870 δίχα
954 2825 1021 2861 τοῦ
1041 2823 1086 2871 6.,
1112 2825 1324 2872 Stephanus
1351 2826 1529 2863 audacter
1554 2838 1666 2863 nova-

134 2870 190 2906 vit
225 2872 265 2906 τί
294 2867 331 2907 δ’
370 2868 465 2908 ἄνευ
504 2869 631 2918 ὀόδου.
682 2871 776 2908 Mihi
811 2871 960 2908 videtur
996 2883 1123 2909 versus
1156 2873 1383 2919 interceptus
1419 2885 1516 2910 esse:
1555 2876 1596 2910 τί
1625 2873 1667 2911 δὲ

133 2934 351 2965 -υ-υ..-,
376 2919 464 2965 δίχα
489 2933 519 2957 τ.
546 2933 578 2966 ρ.
607 2940 650 2945 -—-
677 2919 722 2957 V.
748 2923 900 2957 20—23.
927 2919 1026 2957 Rose
1051 2932 1125 2957 non
1150 2923 1250 2958 recte
1277 2921 1422 2959 censuit
1445 2923 1535 2968 post
1559 2935 1592 2959 v.
1623 2926 1667 2959 15
