1864 3126
843 437 959 481 11157.
1599 446 1668 479 972

543 542 1259 596 ECHEMBROTUS.

194 684 482 743 Ἐχέμβροτος
508 682 664 741 Ἀρκὰς
694 686 857 740 ἔθηκεν

198 759 258 818 τῷ
283 754 511 814 Ἡρακλεῖ,

198 827 382 885 νικήσας
414 824 510 871 τόδ’
545 824 721 890 ἄγαλμα

195 896 532 956 Ἀμφικτυόνων
565 898 613 942 ἐν
644 894 850 953 ἀέθλοις,

185 968 372 1026 ’Ἕλλησι
404 966 446 1013 δ’
482 966 648 1013 ἀείδων

199 1041 332 1099 μέλεα
363 1039 436 1085 καὶ
469 1039 658 1097 ἐλέγους.

785 1326 787 1328 ·
859 1313 954 1359 XV.
1196 1364 1199 1366 ,

678 1420 1139 1473 SAOADAS.

606 1565 837 1611 ΙΑΙΟΥ
890 1565 1216 1612 ΠΕΡΣΙΣ.

263 1671 408 1710 Athen.
439 1669 540 1709 XIII
567 1672 653 1710 610
667 1669 715 1710 C:
747 1667 827 1709 Καὶ
859 1665 930 1709 ἐὰν
961 1667 1032 1721 μέν
1055 1669 1112 1718 τίς
1136 1682 1209 1710 σου
1234 1665 1424 1722 πύθηται,
1448 1669 1549 1717 τίνες
1573 1661 1678 1720 ἦσαν

144 1735 186 1776 οἱ
213 1735 269 1783 εἰς
298 1731 368 1776 τὸν
400 1731 564 1788 δούριον
595 1735 719 1775 ἵππον
744 1732 1141 1789 ἐγκατακλεισθέντες,
1167 1731 1255 1783 ἑνὸς
1279 1733 1346 1774 καὶ
1372 1732 1558 1786 δευτέρου
1583 1734 1677 1782 ἴσως

143 1799 242 1853 ἐρεῖς
272 1796 417 1852 ὄνομα·
448 1798 515 1840 καὶ
548 1796 641 1840 οὐδὲ
672 1795 778 1840 ταῦτ’
819 1798 862 1839 ἐκ
892 1801 970 1839 τῶν
1001 1797 1265 1853 Στησιχόρου,
1304 1801 1422 1854 σχολῇ
1458 1795 1552 1852 γάρ,
1590 1795 1674 1839 ἀλλ’

143 1866 187 1908 ἐκ
217 1869 285 1919 τῆς
315 1862 483 1906 Σακάδα
513 1867 583 1906 τοῦ
609 1861 786 1918 Ἀργείου
807 1861 925 1906 Ἰλίου
950 1863 1150 1918 πέρσιδος·
1182 1858 1296 1914 οὗτος
1320 1861 1396 1918 γὰρ
1420 1861 1678 1918 παμπόλλους

143 1928 252 1981 τινὰς
293 1929 502 1980 κατέλεξεν.
571 1932 634 1971 uti
677 1930 938 1972 Casaubonus
978 1931 1170 1981 correxit,
1214 1931 1251 1970 A
1289 1926 1460 1971 σακοὶτου
1506 1927 1678 1983 ἆργείου,

144 1997 250 2038 PVL
275 1992 424 2038 ἀκάτου
448 1992 621 2050 ἄργείου.
671 1996 821 2037 Contra
846 1996 888 2037 C.
915 1997 980 2037 F'r.
1006 1997 1213 2036 Hermann
1239 1992 1369 2049 Ἀγία
1398 1998 1470 2037 τοῦ
1498 1990 1677 2050 Ἀργείου

145 2063 291 2114 suasit,
327 2063 425 2102 haec
455 2063 507 2102 ad
538 2062 774 2102 historicum
803 2062 952 2114 Agiam
984 2062 1178 2112 referens,
1211 2075 1330 2113 quem
1362 2061 1553 2112 Argolica
1585 2062 1678 2101 scri-

145 2129 274 2179 psisse
316 2130 491 2179 constat,
528 2140 632 2179 quae
668 2140 810 2178 parum
847 2128 1076 2168 verisimilis
1113 2129 1177 2168 est
1213 2128 1456 2178 coniectura,
1495 2127 1677 2178 quamvis

146 2193 378 2244 probaverit
415 2193 544 2233 Hiller
581 2193 683 2233 Mus.
720 2193 794 2233 Rh.
832 2193 962 2232 XXXI
994 2194 1069 2243 88,
1106 2193 1171 2232 ΙΙίἰ
1206 2193 1401 2233 excidium
1439 2193 1677 2243 particulam

145 2258 274 2309 operis
303 2258 536 2308 inscriptam
567 2258 691 2297 fuisse
722 2258 939 2308 suspicans.

242 2381 586 2419 Echembrotus.
635 2381 792 2419 Pausan'.
812 2381 846 2417 X
867 2387 899 2427 7,
920 2386 958 2419 6:
984 2385 1188 2429 Μαρτυρεῖ
1206 2381 1250 2419 δέ
1276 2395 1339 2428 μοι
1365 2382 1430 2418 καὶ
1454 2383 1522 2418 τοῦ
1546 2378 1675 2428 Ἐχεμ-

148 2427 284 2479 βρότου
316 2427 358 2466 τό
391 2425 594 2475 ἀνάθημα,
631 2430 785 2474 τρίπους
821 2430 982 2475 χαλκοῦς
1017 2426 1225 2471 ἀνατεθεὶς
1261 2430 1311 2478 τῷ
1340 2427 1523 2475 Ἶ-Ιρακλεῖ
1553 2430 1603 2477 τῷ
1636 2427 1678 2466 ἐν

149 2476 309 2524 Θήβαις·
342 2474 558 2523 ἐπίγραμμα
590 2474 632 2513 δὲ
667 2473 688 2511 ὁ
720 2477 874 2521 τρίπους
911 2475 1030 2523 εἶχεν·
1058 2474 1101 2513 'E
1140 2476 1359 2525 ε’μβροτος
1390 2480 1464 2513 κτλ.
1504 2488 1600 2522 quae
1638 2477 1676 2512 in

148 2525 315 2561 ordinem
347 2523 485 2571 digessi
516 2535 549 2559 v.
583 2528 604 2560 ³
636 2520 787 2570 ἄγαλμα
822 2524 985 2561 scribens
1015 2537 1060 2561 ex
1125 2524 1264 2571 aAng
1298 2536 1365 2570 pro
1399 2520 1554 2571 ἄγαλμ’,
1588 2523 1622 2561 v‘.
1656 2528 1678 2560 4

150 2569 307 2613 ἀέθλοις
332 2583 416 2608 cum
442 2572 595 2618 Ignari-a
621 2572 659 2607 et
683 2570 738 2607 La
762 2582 785 2606 a
809 2583 856 2607 m.
877 2583 931 2618 pr.
957 2583 1026 2618 pro
1051 2569 1187 2613 ἄθλοις
1213 2574 1252 2608 et
1275 2584 1310 2608 v.
1336 2575 1357 2608 ὅ
1374 2567 1527 2618 Ἕλλησι
1551 2583 1594 2607 ex
1622 2572 1678 2607 Ax

0 2616 5 2624 '
65 2619 74 2624 “
148 2619 436 2655 KPCPadLbLa
492 2630 533 2655 ro
558 2615 743 2664 Ἕλλησιν.
799 2618 1002 2655 Praeterea.
1032 2632 1066 2655 v.
1100 2623 1116 2655 1
1151 2619 1258 2655 codd.
1295 2619 1394 2664 θῆκε
1428 2620 1488 2655 vel
1519 2615 1563 2654 θ’
1596 2612 1679 2664 ἧκε,

150 2678 184 2703 v.
210 2670 232 2702 2
256 2667 307 2702 τῶ
333 2666 417 2703 add.
445 2666 469 2702 S
506 2664 888 2712 vabMAgPachab‚
918 2666 1032 2712 vulgo
1058 2677 1129 2704 om.
1163 2686 1206 2693 —
1239 2666 1283 2702 V.
1310 2670 1332 2702 ὅ
1363 2666 1510 2703 Hecker
1534 2662 1681 2702 αὐλοῖσι

151 2704 351 2764 προσᾴὸων
382 2712 549 2760 requirit.
598 2714 754 2749 Frustra
784 2713 878 2749 haec
902 2713 941 2749 in
972 2714 1209 2750 hexametros
1234 2713 1406 2760 redigere
1431 2713 1558 2750 conati
1582 2716 1679 2750 sunt.
