1864 3126
183 148 272 190 314
511 157 513 160 “
745 146 937 183 ΡΟΕΤΑΕ
963 146 1139 183 MELICI.

207 268 228 298 5
255 252 278 298 ὁ
310 253 389 298 τὸν
421 253 620 310 ἄργυρον
652 253 854 310 φιλήσας.
1032 252 1232 309 πόλεμοι,
1263 251 1398 309 φόνοι
1431 253 1488 295 δι’
1524 249 1675 296 αὐτόν.

255 323 329 367 διὰ
362 320 524 368 τοῦτον
556 322 639 368 οὐκ
670 323 879 381 ἀδελφός,
1034 321 1085 367 τὸ
1118 322 1167 367 δὲ
1197 331 1362 380 χεῖρον,
1389 321 1652 380 νὀλλύμεσθα

256 394 329 439 διὰ
360 398 521 440 τοῦτον
553 394 610 440 οὐ
639 398 808 453 τοκῆες·
968 407 1010 439 10
1036 392 1111 440 διὰ
1142 395 1307 439 τοῦτον
1338 395 1386 438 οἱ
1413 395 1658 451 φιλοῦντες.

840 551 909 595 28.
942 551 1046 604 [44]

720 646 822 681 TOT
844 646 1014 680 ΑΥΤΟΥ
1038 646 1180 681 ΟΝΑΡ.

252 727 467 773 Ἐδόκουν
499 726 611 782 ὄναρ
643 727 869 785 τροχάζειν
1036 730 1082 770 τί
1098 725 1138 770 δ’
1163 725 1274 782 ὄναρ
1289 727 1410 770 θέλει
1423 723 1518 770 τόδ’
1542 723 1676 778 εἷναι;

256 799 474 856 πτέρυγας
493 799 644 855 φέρων
664 797 729 843 ἐπ’
753 797 904 855 ὤμων·
1037 798 1176 842 δοκέω
1210 796 1265 853 δὴ
1299 796 1438 853 ”γωγε
1469 799 1649 847 πολλοῖς

257 868 280 913 ὅ
311 868 352 914 δ’
376 868 519 928 ’Έρως
545 873 656 927 ἔχων
682 869 900 926 μόλιβδον
1038 870 1086 913 ἐν
1106 867 1278 926 ’Έρωσί
1305 886 1356 925 με
1388 867 1607 911 πλακέντα

255 941 354 998 περὶ
380 950 472 993 τοῖς
497 946 648 993 καλοῖς
672 944 901 994 ποδίσκοις
1040 939 1348 984 διολισθάνειν
1379 937 1460 996 μὲν
1490 936 1667 992 ἄλλους,

208 1025 228 1055 5
257 1014 411 1056 ἐδίωκε
443 1012 515 1055 καὶ
547 1015 739 1069 κίχανεν.
970 1025 1012 1056 10
1038 1011 1106 1056 ἑνὶ
1138 1013 1250 1071 τῷδε
1283 1011 1573 1065 συνδεθῆναι.

853 1155 921 1197 29.
957 1153 1030 1210 [7.]

735 1249 865 1283 ΑΛΛΟ
891 1248 1166 1282 ΕΡΩΤΙΚΟΝ.
1451 1291 1453 1293 ,

247 1331 509 1390 Ὗακινθίνῃ
542 1349 593 1388 με
626 1330 779 1390 ῥάβδῳ
1036 1332 1197 1386 κραδίη
1230 1328 1278 1372 δὲ
1311 1327 1436 1384 ῥινὸς
1467 1326 1592 1384 ἄχρις

255 1406 451 1461 χαλεπῶς
472 1402 615 1459 ’Έρως
646 1403 840 1458 ῥαπίζων
1039 1398 1261 1456 ἀνέβαινε,
1292 1396 1377 1443 κᾶν
1409 1397 1618 1454 ἀπέσβην.

256 1475 424 1519 ἐκέλευε
457 1472 782 1530 συντροχάζειν.
1041 1469 1064 1515 ὁ
1098 1469 1141 1514 δ’
1165 1469 1308 1527 ’Έρως
1339 1470 1516 1527 μέτωπα
1547 1472 1679 1513 σείων

257 1544 331 1589 διὰ
365 1543 409 1590 δ’
446 1543 583 1598 ὀξέων
609 1542 653 1601 μ’
690 1541 901 1600 ἀναύρων
972 1556 1014 1586 10
1039 1539 1225 1593 ἁπαλοῖς
1254 1550 1481 1598 πτεροῖσιν
1511 1538 1650 1584 εἶπεν·

208 1629 228 1660 5
257 1616 455 1673 ξυλόχων
482 1633 526 1660 τε
551 1615 624 1659 καὶ
655 1614 902 1671 φαράγγων
1041 1611 1097 1657 σὺ
1128 1611 1212 1669 γὰρ
1245 1611 1300 1656 οὐ
1333 1611 1446 1670 δύνῃ
1479 1613 1676 1668 φιλῆσαι.

255 1687 502 1745 τροχάοντα
532 1695 676 1744 τεϊρεν
710 1684 861 1743 ἱδρώς·

187 1854 397 1899 exemplum
432 1850 495 1888 διὰ
522 1853 655 1888 τοῦτον
698 1848 742 1887 οὐ
769 1851 902 1895 τοκῆες
936 1848 1204 1895 (φρονέουσι
1229 1844 1366 1884 πίστ’·
1392 1846 1484 1893 ἔρις
1509 1845 1572 1891 δὲ)
1604 1844 1714 1883 πόλει

187 1915 261 1947 μοι,
288 1898 402 1946 φόνοι
427 1897 480 1935 δι’
507 1898 624 1935 αὐτόν
650 1898 769 1945 possis
794 1898 1059 1942 redintegrare.

282 2000 337 2031 28.
389 1994 586 2039 Inscriptio
611 1993 650 2028 in
675 2005 723 2028 m.
754 1993 902 2037 legitur.
954 1991 1109 2026 Carmen
1134 1989 1173 2025 in
1199 1991 1291 2025 duas
1316 1989 1487 2035 strophas
1511 1987 1715 2033 dispescuit

188 2043 398 2078 Mchlhorn.
432 2064 473 2068 —
508 2042 550 2076 V.
579 2046 610 2076 6.
646 2041 684 2075 τί
713 2037 750 2075 δ’
784 2038 878 2083 ὄναρ
912 2037 1019 2074 θέλει
1051 2034 1132 2073 τόδ’
1169 2037 1331 2082 Brunck,
1362 2036 1433 2072 nisi
1463 2047 1547 2071 eum
1575 2035 1713 2070 Zeunio

189 2090 349 2126 scribere
376 2090 485 2129 malis
510 2090 549 2123 τί
570 2086 679 2124 θέλει
704 2084 744 2122 δ’
773 2084 867 2131 ὄναρ
892 2082 991 2129 τόδ’,
1017 2085 1098 2121 cod.
1124 2086 1163 2120 τί
1182 2083 1291 2120 θέλει
1315 2081 1396 2119 τόδ’
1425 2080 1530 2128 ὄναρ.
1550 2103 1592 2108 -
1622 2082 1664 2117 V.
1681 2086 1712 2118 7.

187 2136 306 2173 δοκέω
342 2134 388 2182 δὴ
413 2134 528 2182 ”γωγε
563 2134 716 2180 scripsi,
753 2135 948 2180 legebatur
978 2131 1099 2168 δοκέω
1134 2129 1170 2167 δ’
1207 2130 1333 2177 ἔγωγε.
1390 2131 1559 2166 Eundem
1588 2140 1715 2165 versus

188 2197 382 2220 numerum
414 2184 581 2220 ostentat
613 2194 642 2218 c.
670 2186 734 2226 31,
763 2187 795 2217 9.
829 2202 874 2207 ——
905 2180 949 2217 V.
977 2185 1010 2216 8.
1043 2177 1084 2215 ἐν
1108 2176 1249 2224 Ἔρωσί
1278 2191 1321 2224 με
1354 2176 1555 2221 πλακέντα,
1586 2176 1714 2212 malim

188 2230 268 2268 σὺν
286 2230 364 2277 Ἕρ.
388 2253 430 2257 —-
457 2230 501 2267 V.
522 2235 555 2266 9.
582 2226 840 2266 διολισθάνειν
867 2227 1074 2270 Mehlhorn,
1101 2226 1181 2264 cod.
1202 2225 1467 2270 διολισθένειν,
1492 2225 1617 2269 Steph.
1638 2225 1713 2259 διο-

189 2283 396 2315 λισθανεῐν.
435 2300 475 2304 ——
514 2276 661 2321 ἄλλους,
693 2276 844 2312 Fischer
874 2275 1034 2311 correxit
1063 2274 1243 2310 traditum
1274 2270 1398 2314 ἄλλοις
1429 2272 1546 2308 multo
1571 2271 1716 2314 melius,

189 2339 301 2372 quam
327 2325 394 2362 alii
420 2324 489 2371 μὲν
515 2326 703 2362 tentantes
730 2321 770 2360 ἐν
797 2321 930 2363 ἄλλοις.
965 2343 1008 2348 ——
1040 2322 1083 2357 V.
1113 2325 1167 2356 10.
1201 2317 1258 2356 ἐνὶ
1282 2321 1394 2368 τῷδε,
1427 2319 1506 2355 cod.
1540 2330 1631 2354 corr.
1659 2316 1716 2354 ἑνὶ

190 2375 298 2419 τῶδε,
324 2372 398 2409 fuit
423 2371 463 2408 τὸ
495 2371 548 2409 δέ.
595 2373 708 2408 Pauw
735 2371 894 2407 coniecit
919 2367 980 2406 ἔνι’
1001 2383 1050 2417 τῳ
1078 2367 1120 2404 δέ
1145 2369 1327 2414 probante
1351 2365 1597 2411 Mehlhornio‚
1621 2365 1715 2401 mihi

191 2423 303 2467 poeta
328 2421 476 2456 videtur
504 2419 695 2466 scripsisse
721 2415 779 2454 ἕνὶ
803 2418 896 2466 τῷδε
924 2413 962 2452 δ’
991 2414 1256 2462 ἐνδεθῆναι.

287 2520 343 2552 29.
397 2514 596 2560 Ιῃεοτίρὺὶο
635 2514 672 2548 in
706 2525 754 2548 m.
788 2512 927 2548 addita.
961 2532 1002 2538 —
1036 2511 1079 2546 V.
1112 2515 1145 2546 2.
1177 2509 1344 2555 χαλεπῶς
1376 2508 1604 2553 Stephanus,
1635 2506 1714 2542 cod.

193 2562 367 2609 χαλεπός.
395 2584 438 2589 -
466 2560 631 2607 ῥαπίζων
658 2560 827 2605 Brunck,
853 2559 933 2595 cod.
962 2559 1135 2607 βαδίζων.
1162 2578 1206 2583 -
1237 2556 1281 2592 V.
1308 2560 1340 2591 3.
1368 2552 1535 2596 ἐκέλευε,
1560 2553 1716 2599 Stepha-

192 2623 260 2659 pus
292 2607 475 2646 ἐκέλευσε.
504 2630 547 2635 ——
575 2609 617 2644 V.
645 2613 678 2644 6.
703 2612 825 2653 τεῖρεν
858 2603 969 2651 ἱδρώς
995 2604 1214 2648 Salmasius,
1247 2604 1326 2639 cod.
1359 2607 1488 2647 πεῖρεν
1519 2598 1622 2646 ἰδρὸς
1654 2601 1714 2636 vel

190 2655 316 2703 ϊδρώς.
350 2678 393 2683 -
422 2657 464 2692 V.
492 2661 524 2692 9.
555 2660 598 2691 10
623 2655 762 2691 frustra
793 2654 1014 2699 interpretes
1047 2652 1219 2698 expedire
1244 2653 1435 2693 conantur,
1463 2647 1610 2684 Brunck
1636 2649 1714 2683 σαί-

194 2718 269 2739 νων
307 2703 597 2748 commendavit,
635 2703 701 2738 sed
733 2713 817 2738 cum
845 2701 906 2736 hic
940 2711 1087 2745 quoque
1119 2698 1311 2745 paradosis
1334 2696 1508 2732 mutilata
1532 2695 1599 2740 sit,
1629 2706 1716 2730 nam

195 2752 331 2787 amoris
360 2763 576 2797 responsum
601 2762 675 2786 non
701 2749 889 2795 integrum
916 2759 996 2784 esse
1021 2748 1207 2783 servatum
1234 2745 1407 2791 appareb,
1437 2742 1538 2778 haud
1569 2741 1645 2778 scio
1669 2754 1718 2777 an

195 2799 288 2834 haec
311 2799 459 2834 medela
478 2798 527 2833 sit
540 2797 750 2833 adhibenda
770 2793 912 2842 μέτωπ’
936 2792 1191 2840 (ἀνασπῶν),
1211 2790 1369 2832 ἁπαλοῖς
1382 2795 1546 2835 πτεροῖσι
1567 2801 1610 2825 σε
1621 2790 1732 2834 tane„

194 2863 410 2881 ccccc
434 2862 460 2880 υ
484 2843 607 2881 εἶπεν·
635 2842 679 2880 σὺ
700 2843 772 2889 γὰρ
798 2840 843 2878 οὗ
864 2839 958 2889 δύνῃ
985 2842 1148 2887 φιλῆσαι.
1192 2838 1338 2875 Amoris
1357 2837 1482 2883 verba,
1501 2848 1595 2882 quae
1622 2835 1717 2872 desi-

194 2893 379 2938 derantur,
406 2893 507 2929 varie
536 2890 782 2937 redintegrari
807 2891 906 2927 licet.
