1864 3126
235 92 322 132 422
519 129 521 133 ,
795 93 988 129 ΡΟΕΤΑΕ
1013 94 1192 131 MELICI.

810 205 1180 250 ΕΛΕΓΕΙΑ.

965 318 1031 359 81.

608 411 688 442 ΕΙΣ
714 411 812 443 ΤΗΝ
837 412 901 444 EN
926 410 1176 444 ΜΑΡΑΘΩΝΙ
1200 411 1382 444 ΜΑΧΗΝ.

333 492 390 532 Εἰ
420 488 461 533 δ’
497 489 583 547 ἄρα
615 494 810 547 τιμῆσαι,
842 491 1037 549 θύγατερ
1073 491 1197 545 Διός,
1230 490 1349 544 ὅστις
1379 491 1574 550 ἄριστος,

392 564 531 617 δῆμος
557 560 810 618 Ἀθηναίων
842 562 1090 615 ἐξετέλεσσα
1121 562 1267 619 μόνος.

962 683 1030 724 82.

332 761 492 817 Μηδὲν
524 760 735 819 ἁμαρτεῖν
768 764 857 806 ἐστι
889 764 1002 806 θεοῦ
1034 762 1106 806 καὶ
1138 761 1282 806 πάντα
1311 765 1578 820 κατορθοῦν.

236 913 395 959 ρόφων’,
421 916 520 960 quod
546 915 703 951 correxit
729 916 996 951 Schneidewin.
1041 916 1184 951 Ahrens
1212 912 1392 962 ἰερόφων’
1419 916 1444 951 i.
1470 929 1500 954 e.
1525 916 1753 964 λιγυρόφων’

235 961 401 1007 requirit.

330 1009 388 1044 Fr.
416 1013 472 1045 81.
522 1010 710 1067 Aristoph.
737 1012 822 1047 Pac.
851 1015 935 1046 736·
965 1009 1014 1045 Εἰ
1036 1006 1078 1045 δ’
1105 1003 1174 1045 οὖν
1200 1008 1301 1050 εἰκός
1326 1023 1409 1046 τινα
1434 1012 1603 1057 τιμῆσαι,
1635 1010 1756 1068 θύγα-

235 1070 296 1101 τερ
325 1054 426 1101 Διός,
460 1070 559 1097 οστις
584 1070 732 1102 αριστος
763 1054 1158 1115 Κωμῳδοδιὸάσκαλος
1190 1055 1407 1114 ἀνθρώπων
1432 1058 1496 1094 καὶ
1521 1057 1757 1102 κλεινότατος

235 1102 446 1149 γεγένηται,
469 1101 584 1146 ”Αξιος
609 1106 713 1140 εἷναί
734 1102 826 1150 φησ’
860 1095 1031 1164 εὐλογίας
1056 1103 1218 1162 μεγάλης
1249 1101 1269 1139 ὁ
1295 1102 1519 1146 διδάσκαλος
1543 1103 1661 1152 ἡμῶν,
1693 1108 1755 1143 ubi

236 1149 497 1196 801101.Παρο“ι
524 1165 569 1186 τα
596 1153 862 1197 Σιμωνίδου
891 1149 938 1187 ἐκ
963 1152 1048 1186 τῶν
1071 1149 1323 1209 Ἐλεγείων·
1351 1151 1408 1187 Εἰ
1431 1149 1468 1186 δ’
1496 1149 1584 1197 ἄρα
1609 1157 1682 1189 κτλ.
1710 1176 1754 1181 ——

235 1199 278 1234 V.
307 1202 337 1234 1.
363 1166 532 1255 θύγατερ
559 1199 826 1243 Schneidewin,
853 1199 931 1234 cod.
952 1197 1157 1252 θυγατέρα.
1184 1199 1292 1233 —V.
1312 1203 1344 1234 2.
1371 1199 1418 1244 ὃῆ
1421 1212 1499 1244 μ,ος
1527 1200 1677 1237 Dubner
1694 1203 1755 1238 vel

236 1245 396 1280 Dindorf
418 1243 523 1293 δήμῳ
554 1246 677 1281 nescio
708 1257 783 1290 qua
814 1247 859 1281 de
891 1258 1002 1282 causa
1033 1246 1128 1282 coni.
1162 1267 1204 1270 —
1238 1212 1454 1288 ἐξετέλεσσα
1487 1228 1757 1294 Schneidewin,

236 1293 315 1327 cod.
351 1282 561 1337 ἐξετέλεσα,
593 1294 765 1338 Hartung
799 1291 1007 1350 ἐξετέλεσσε
1039 1292 1207 1352 requirit.
1258 1293 1366 1339 Resp.
1405 1293 1477 1328 huc
1514 1294 1654 1330 Auctor
1689 1296 1756 1331 vit.

236 1340 407 1396 Aeschyl.
435 1340 572 1385 (Biogr.
598 1353 634 1385 p.
664 1342 763 1397 119):
790 1337 897 1375 Κατα
923 1336 960 1375 δ’
990 1337 1157 1380 ἐνίους’
1139 1353 1180 1375 εν
1206 1340 1256 1388 τῷ
1283 1339 1336 1380 εἰς
1360 1337 1447 1380 τοὺς
1474 1337 1514 1376 ἐν
1539 1343 1758 1386 Μαραθῶνι

235 1384 470 1442 τεθνηκότας
490 1384 640 1435 ἐλεγείῳ
661 1384 840 1432 ἡσσηθεὶς
858 1388 1052 1434 Σιμωνίδῃ
1074 1376 1295 1432 (Αἰσχύλος)
1322 1383 1362 1422 τὸ
1382 1385 1454 1432 γὰρ
1475 1385 1640 1445 ἐλεγεῖον
1659 1388 1753 1425 πολι)

235 1434 300 1478 τῆς
325 1433 411 1479 περὶ
435 1431 476 1468 τὸ
503 1433 703 1491 συμπαθές
727 1433 949 1480 λεπτότητος
980 1433 1149 1479 μετέχειν
1180 1434 1303 1476 θέλει,
1331 1429 1352 1469 ὃ
1385 1434 1451 1469 τοῦ
1483 1433 1683 1482 Αἰσχύλου,
1709 1451 1759 1478 ως

237 1479 396 1527 ἔφαμεν,
428 1478 528 1516 ἐστὶν
561 1478 764 1538 ἀλλότριον.
799 1503 841 1508 —-
875 1481 1068 1527 Goettling
1099 1482 1170 1517 hoc
1202 1480 1388 1516 distichon
1416 1482 1647 1527 epigramma
1678 1496 1758 1520 esse

237 1530 374 1573 censet,
399 1529 501 1573 quod
525 1529 573 1564 ad
595 1525 682 1574 Ἀθη
686 1529 758 1564 νᾶν
783 1526 988 1583 Πρόμαχον
1014 1529 1127 1564 refert
1150 1528 1204 1573 (in
1229 1539 1361 1565 comm.
1383 1529 1486 1564 acad.
1507 1530 1618 1566 Ienae
1639 1533 1755 1576 1859).

331 1556 389 1611 Fi.
417 1579 473 1611 82.
524 1576 699 1612 Scholion
725 1576 773 1610 ad
799 1576 968 1622 Gregorii
991 1576 1079 1611 Naz.
1107 1587 1157 1611 or.
1183 1575 1216 1610 11
1241 1575 1281 1610 in
1305 1575 1490 1611 Iulianum
1514 1589 1549 1622 p.
1579 1578 1685 1613 169D
1711 1589 1757 1635 οξ

239 1623 318 1659 cod.
346 1622 640 1677 Laurentiano*)
667 1622 786 1658 edidit
809 1589 1051 1659 Piccolomini
1075 1623 1136 1658 vel
1161 1621 1357 1658 Kirchhoff
1377 1623 1500 1658 Herm.
1528 1624 1578 1659 VI
1602 1628 1688 1660 489·
1715 1625 1758 1661 τὸ

235 1667 515 1729 ἀναμάρτητον,
541 1672 675 1716 φησίν,
699 1684 796 1716 υπερ
828 1667 917 1711 τοὺς
953 1667 1197 1727 ανθρωπους·
1228 1668 1270 1704 τὸ
1297 1668 1339 1705 δε
1366 1668 1498 1715 μικρόν
1522 1683 1558 1706 τι
1580 1673 1759 1707 πταίσαν-

235 1730 301 1757 τας
328 1714 596 1762 έπαναγεσθαί
623 1730 661 1753 τε
695 1717 758 1752 καὶ
790 1718 1046 1763 διορθοῦσθαι
1077 1714 1292 1773 ανθρώπων
1325 1715 1402 1752 ἐστὶ
1426 1717 1549 1752 καλῶν
1575 1731 1613 1754 τε
1640 1732 1758 1764 παγα-

234 1765 329 1799 θῶν.
379 1763 484 1823 λέγει
512 1763 554 1800 δε
586 1765 651 1799 καὶ
684 1766 899 1824 Σιμωνίδης
928 1763 998 1809 (εἷς
1030 1761 1067 1799 δ’
1096 1758 1204 1804 οὗτος
1227 1764 1302 1799 τῶν
1326 1762 1371 1799 θ’
1405 1765 1580 1810 λυρικῶν)
1612 1763 1653 1801 έν
1679 1763 1759 1802 ἔπι-

236 1809 424 1857 γράμματι
462 1809 618 1856 ῥηθέντι
649 1808 751 1859 αυτῷ
784 1809 847 1848 ἐπὶ
878 1816 954 1852 τοῖς
992 1811 1207 1855 Μαραθῶνι
1244 1811 1422 1846 πεσοῦσιν
1457 1811 1662 1871 Ἀθηναίων
1691 1810 1759 1849 τὸν

238 1860 362 1903 στίχον
387 1858 537 1893 τοῦτον·
570 1857 713 1904 μηδεν
740 1886 747 1893 .
776 1887 784 1894 .
812 1888 820 1895 .
846 1859 1119 1903 κατορθοῦν.
1171 1858 1278 1901 Quod
1308 1858 1489 1903 interpres
1513 1859 1584 1895 iste
1612 1856 1654 1895 έν
1679 1857 1758 1896 ἔπι-

236 1904 428 1950 γράμματι
460 1905 626 1950 scripsit,
651 1905 716 1940 ubi
749 1903 790 1940 ἐν
824 1904 1002 1950 ἐλεγείοις
1028 1905 1223 1940 dicendum
1250 1907 1348 1949 erat,
1374 1917 1448 1940 non
1474 1906 1647 1952 offendit,
1670 1919 1758 1943 nam

237 1951 331 1987 alias
358 1962 507 1997 quoque
531 1952 626 1987 haec
650 1952 833 1987 vocabula
858 1953 1065 1997 promiscue
1090 1954 1324 2005 usurpantur.
1373 1953 1503 1997 Neque
1527 1953 1618 1989 fides
1647 1954 1757 1990 dene-

235 1999 360 2044 ganda
389 1999 569 2034 tribuenti
606 1999 704 2034 hunc
736 2010 880 2035 versum
914 1998 1112 2042 Simonidi,
1153 1998 1217 2042 qui
1250 1999 1389 2043 legitur
1419 1999 1458 2034 in
1490 2000 1756 2046 epigrammate

236 2047 335 2082 facto
360 2046 399 2081 in
423 2046 639 2082 memoriam
665 2057 803 2091 eorum,
830 2046 895 2091 qui
919 2046 958 2081 in
983 2045 1124 2091 proelio
1153 2044 1402 2081 Chaeronensi
1426 2047 1640 2082 ceciderunt
1657 2049 1757 2093 apud

236 2093 428 2128 Demosth.
461 2105 511 2128 or.
543 2094 588 2128 de
621 2104 693 2129 cor.
727 2097 795 2128 289
830 2106 864 2128 v.
891 2097 911 2128 9
948 2092 1027 2128 sive
1058 2092 1306 2138 paenultimo:
1338 2103 1457 2138 neque
1488 2093 1587 2128 enim
1617 2095 1758 2131 temere

235 2140 416 2186 proelium
449 2140 724 2176 Marathoniam
758 2152 842 2176 cum
872 2151 999 2186 pugna¹
1023 2139 1272 2175 Chaeronensi
1296 2139 1502 2185 confusum,
1535 2152 1654 2186 neque
1681 2142 1757 2178 elo-

236 2188 339 2233 gium
363 2187 458 2222 illud
484 2187 666 2223 Simonidi
692 2186 1191 2233 epigrammatographorum
1216 2185 1378 2232 principi
1402 2168 1647 2232 adsciiptum:
1672 2200 1758 2224 nam

236 2235 418 2280 interpres
443 2234 513 2270 iste
539 2234 672 2270 deinde
697 2235 865 2270 recenset
889 2236 981 2278 quot
998 2235 1132 2269 Persae
1151 2235 1315 2278 quotque
1335 2233 1580 2270 Athenienses
1598 2237 1757 2272 mortem

236 2282 337 2327 apud
372 2281 632 2317 Marathonem
670 2281 846 2326 obierint,
886 2281 1000 2317 etiam
1031 2281 1163 2316 ducem
1195 2280 1404 2316 Atticorum
1435 2281 1514 2316 vita.
1544 2282 1757 2318 defunctum

236 2328 457 2364 nominatim
484 2329 662 2374 appellat,
687 2330 729 2364 ut
754 2330 925 2374 apertum
951 2328 1000 2364 sit
1025 2328 1210 2373 locuplete
1235 2329 1385 2363 auctore
1417 2340 1524 2363 usum
1555 2329 1653 2365 hunc
1677 2341 1759 2365 ver·

237 2388 317 2411 sum
344 2376 391 2410 ad
416 2387 474 2411 res
494 2376 638 2411 Medico
664 2376 764 2411 bello
790 2377 915 2421 gestas
934 2375 1132 2411 rettulisse.
1171 2375 1302 2419 Itaque
1323 2375 1547 2410 censendum
1566 2378 1635 2422 est,
1659 2376 1758 2412 hunc

237 2434 382 2458 versum
417 2422 635 2468 scriptorem
666 2423 946 2468 epigrammatis
978 2433 1023 2457 ex
1055 2422 1255 2457 Simonidis
1286 2421 1408 2467 elegia
1442 2422 1489 2458 ad
1521 2433 1626 2458 suum
1651 2434 1757 2467 prae·

238 2470 387 2506 conium
411 2469 663 2514 transtulisse·
689 2481 809 2514 neque
834 2481 922 2506 vero
947 2470 1048 2505 mala
1070 2468 1202 2504 fraude
1227 2469 1351 2504 aliena
1376 2468 1447 2504 sibi
1466 2469 1666 2514 arrogavit,
1692 2470 1757 2505 sed

237 2517 351 2552 verba
377 2517 590 2553 Simoniden.
614 2519 703 2552 tunc
729 2516 898 2552 omnibus
930 2518 1020 2552 nota
1043 2515 1248 2551 testimonii
1278 2515 1361 2551 loco
1386 2515 1567 2559 adhibuit,
1591 2515 1631 2551 id
1656 2516 1757 2575 [111οᾶ

238 2564 328 2599 satis
359 2575 541 2620 superque
573 2565 734 2610 arguunt
764 2575 823 2608 00,
857 2575 952 2609 quae
982 2565 1039 2598 his
1072 2562 1287 2615 praemissa
1308 2564 1394 2597 sunt
1426 2559 1509 2598 ἐπεὶ
1533 2565 1690 2607 θνητοῖς
1715 2561 1757 2598 ἐκ

241 2609 333 2651 Διὸς
357 2607 427 2656 ἥδε
453 2613 579 2656 κρίσις.
619 2612 748 2656 Neque
773 2622 860 2646 vero
880 2610 1165 2646 existimandum
1184 2611 1252 2655 est,
1277 2608 1462 2655 integrum
1482 2609 1552 2644 1100
1571 2609 1757 2645 distichon

240 2669 283 2692 ex
310 2657 508 2694 Simonidis
529 2659 651 2704 elegia
665 2669 745 2694 esse
759 2658 974 2702 delibatum,
988 2668 1074 2692 nam
1089 2656 1521 2702 epigrammatographus
1532 2655 1675 2691 inflexit
1694 2656 1757 2692 Cei

332 2789 365 2832 *)
390 2788 531 2824 Horum
551 2787 774 2824 scholiorum
788 2788 954 2823 codicem
967 2786 1175 2823 Parisinum
1189 2786 1277 2822 olim
1290 2783 1515 2821 examinavit
1533 2784 1634 2829 Bast,
1653 2785 1757 2820 cuius

240 2835 420 2880 excerptis
446 2847 533 2871 usus
559 2837 616 2871 est
641 2835 814 2871 Gaisford
837 2835 877 2870 in
902 2835 958 2870 ed.
985 2834 1132 2875 Suidae,
1158 2833 1262 2870 velut
1286 2844 1318 2868 v.
1344 2831 1453 2877 λῆμα.
