1864 3126
209 136 294 179 134
524 190 526 194 ι
768 137 960 174 ΡΟΕΤΑΕ
987 137 1165 175 MELIOI.

203 244 326 289 πολλὰ
358 251 427 289 τοῦ
459 245 646 300 Χαράξου
684 247 991 301 νοσφισαμένην.
1045 244 1261 302 Ἡρόδοτος
1299 247 1335 290 δ’
1377 247 1502 302 αὐτὴν
1531 246 1726 292 Ῥοδῶπιν
1739 265 1808 299 919

203 316 324 364 καλεῖ,
354 309 512 366 ἀγνοῶν
542 309 599 352 ὅτι
632 308 742 365 ἑτέρα
771 316 840 366 τῆς
872 314 1051 367 Δωρίχης
1082 312 1184 354 ἐστὶν
1215 311 1326 367 αῦτη,
1350 311 1375 367 ἡ
1401 314 1467 355 καὶ
1497 311 1588 364 τοὺς
1616 330 1726 368 περι-

203 375 373 431 βοήτους
416 371 644 430 ὀβελίσκους
686 375 881 418 ἀναθεῖσα
924 378 968 419 ἐν
1011 381 1192 430 Δελφοῖς.
1213 396 1216 399 ·
1235 381 1315 421 vid.
1354 381 1499 421 Herod.
1541 382 1582 420 II
1622 383 1725 423 135:

209 443 387 491 Ροδῶπις
419 440 461 482 δὲ
493 441 531 490 ἐς
562 443 765 497 Αἴγυπτον
795 438 975 494 ἀπίκετο,
1005 439 1172 486 Ξάνθεω
1210 447 1279 484 τοῦ
1311 445 1466 496 Σαμίου
1497 443 1728 497 κομίσαντός

204 518 289 559 μιν·
329 504 545 559 ἀπικομένη
589 506 631 548 δὲ
670 505 753 548 κατ’
797 507 980 562 ἐργασίην
1020 505 1144 560 ἐλύθη
1186 507 1393 563 χρημάτων
1434 506 1613 564 μεγάλων
1648 507 1727 553 ὑπὸ

204 569 350 625 ἀνδρὸς
380 573 659 624 Μυτιληναίου
692 570 893 625 Χαράξου,
924 576 993 614 τοῦ
1024 571 1403 628 Σκαμανδρωνύμου
1433 573 1587 627 παιδός,
1618 570 1727 617 ἀδελ·
1757 607 1762 611 -

204 640 304 689 φεοῦ
337 636 379 677 δὲ
410 640 608 689 Σαπφοῦς
638 640 705 690 τῆς
736 641 990 690 μουσοποιοῦ.
1022 670 1031 679 .
1052 670 1061 678 .
1081 671 1090 680 .
1123 636 1304 692 Χάραξος
1344 638 1386 680 δὲ
1424 636 1476 688 ὡς
1512 637 1728 693 λυσάμενος

198 699 394 744 Ῥοδῶπιν
432 699 670 755 ἀπενόστησε
708 703 747 751 ἐς
778 701 1036 757 Μυτιλήνην,
1075 703 1118 744 ἐν
1151 703 1257 756 μέλεϊ
1289 702 1448 757 Σαπφὼ
1484 702 1607 746 πολλὰ
1643 721 1728 746 κατ-

204 765 432 821 εκερτόμησέ
463 784 541 820 μιν.
604 769 748 808 Strabo
774 770 889 808 XVII
916 771 1018 810 808:
1050 769 1220 823 Λέγεται
1252 768 1294 810 δὲ
1323 773 1391 823 τῆς
1422 770 1574 823 ἑταίρας
1604 768 1729 824 τάφος

204 830 375 887 γεγονὼς
405 829 482 873 ὑπὸ
512 835 591 873 τῶν
622 833 815 886 ἐραστῶν,
845 829 898 886 ἣν
929 831 1087 886 Σαπφὼ
1124 833 1195 887 μὲν
1224 831 1249 888 ἡ
1282 838 1359 876 τῶν
1390 839 1515 888 μελῶν
1545 832 1729 890 ποιήτρια

204 901 317 938 καλεῖ
342 898 543 950 Δωρίχαν,
575 896 775 951 ἐρωμένην
813 901 881 939 τοῦ
918 895 1095 951 ἀδελφοῦ
1131 897 1251 953 αὐτῆς
1282 898 1469 953 Χαράξου
1505 906 1728 956 γεγονυῖαν,

205 958 316 1004 οἶνον
346 960 582 1016 κατάγοντος
613 964 667 1011 εἰς
700 960 931 1014 Ναύκρατιν
961 964 1136 1018 Λέσβιον
1176 962 1261 1006 κατ’
1303 965 1510 1018 ἐμπορίαν,
1547 965 1656 1008 ἄλλοι
1688 965 1724 1008 δ’

205 1025 443 1081 ὀνομάζουσι
473 1025 676 1069 Ῥοδῶπιν.
737 1029 851 1069 Adde
890 1029 1001 1072 Ovid.
1038 1032 1200 1071 Heroid.
1237 1032 1311 1070 XV
1343 1034 1396 1072 63
1430 1035 1471 1072 et
1511 1036 1606 1074 117.
1669 1034 1727 1075 Cf.

206 1096 328 1133 etiam
365 1095 478 1134 Phot.
518 1097 559 1134 et
597 1094 703 1133 Suid.
742 1108 778 1134 v.
809 1092 1049 1144 Ῥοδώπιδος
1088 1091 1292 1149 ἀνάθημα.
1358 1098 1568 1148 Appendix
1610 1099 1726 1139 Prov.

205 1159 264 1197 IV
297 1161 370 1199 51:
403 1155 540 1198 Πάνθ’
575 1156 691 1211 όμοια
727 1175 792 1199 και
818 1156 1006 1209 Ροδῶπις
1043 1157 1068 1213 ἡ
1100 1158 1214 1213 καλή
1249 1157 1271 1213 ἡ
1297 1157 1487 1209 Ῥοδῶπις
1517 1161 1646 1215 ἑταίρα
1675 1156 1728 1215 ἦν

208 1223 296 1276 περὶ
337 1221 567 1276 Ναύκρατιν
606 1227 674 1276 τῆς
720 1220 944 1278 Λίγυπτου,
987 1219 1035 1277 ἧς
1077 1225 1142 1265 καὶ
1182 1219 1341 1277 Σαπφὼ
1388 1224 1624 1278 μνημονεύει
1661 1226 1728 1267 καὶ

200 1284 424 1341 Ἷτῖρόδοτος.
455 1290 506 1329 ib.
539 1290 705 1340 internpl

926 1411 1023 1483 139.

325 1538 470 1577 Athen.
503 1539 538 1577 X
571 1540 656 1577 424
671 1532 911 1589 Ρ;’Σαπφῶ
940 1554 979 1578 τε
1017 1535 1042 1591 ἡ
1080 1536 1177 1591 καλὴ
1216 1543 1412 1593 πολλαχοῦ
1448 1537 1627 1593 Λάριχον
1662 1538 1731 1581 τὸν

207 1599 383 1654 ἀδελφὸν
423 1602 580 1643 ἐπαινεῖ
615 1599 667 1651 ὦς
708 1603 962 1656 οἰνοχοοῦντα
1001 1602 1045 1643 ἐν
1084 1606 1136 1659 τῷ
1175 1606 1394 1660 πρυτανείῳ
1434 1609 1514 1653 τοῖς
1553 1607 1729 1657 Μυτιλη-

208 1667 345 1715 ναίοις.
408 1668 466 1707 Cf.
506 1670 755 1709 Eudoe.96.
810 1669 1166 1733 Eust.11.12Q5‚
1207 1673 1272 1710 19.
1329 1671 1456 1710 Schol
1488 1671 1535 1711 11.
1566 1685 1591 1709 υ
1624 1672 1727 1710 234:

207 1730 301 1779 ἔθος
343 1728 417 1785 γὰρ
458 1725 528 1784 ἧν,
572 1728 624 1780 ὦς
667 1732 733 1772 καὶ
776 1730 935 1785 Σαπφώ
983 1746 1097 1787 φησι,
1147 1733 1262 1782 νέους
1310 1731 1478 1788 εὐγενεῖς
1525 1731 1728 1787 εὐπρεπεῖς

206 1798 410 1848 οἰνοχοεῖν.

926 1926 1020 1968 140.

324 2021 556 2071 Palaephat.
601 2023 650 2061 de
693 2022 887 2062 Incredib.
931 2036 961 2062 o.
1005 2026 1081 2063 49.
1132 2027 1194 2080 Τῷ
1239 2022 1377 2064 Φάωνι
1420 2026 1507 2077 βίος
1548 2019 1599 2077 ἧν
1640 2024 1728 2077 περὶ

205 2087 345 2125 πλοῖον
389 2081 488 2125 εἶναι
531 2085 596 2126 καὶ
640 2083 861 2126 θάλασσαν
911 2085 1093 2140 πορθμὸς
1135 2082 1187 2141 ἦν
1229 2087 1427 2130 θάλασσα·
1470 2089 1641 2144 εγκλημα
1684 2089 1727 2130 δὲ

206 2143 326 2189 οὐδὲν
356 2147 450 2203 παρ’
486 2148 648 2200 ουδενὸς
680 2151 892 2203 ἐνομίζετο,
929 2150 1012 2192 ἐπει
1049 2153 1113 2193 καὶ
1151 2153 1300 2207 μέτριος
1337 2149 1388 2208 ἦν
1419 2171 1482 2195 και
1513 2152 1619 2208 παρὰ
1650 2158 1727 2195 τῶν

205 2210 374 2268 ἐχόντων
406 2213 530 2269 μόνον
561 2215 726 2269 ἐδέχετο·
756 2219 895 2268 θαῦμα
925 2209 978 2268 ἦν
1006 2221 1076 2258 τοῦ
1105 2216 1251 2272 τρόπου
1282 2217 1387 2273 παρα
1417 2222 1498 2269 τοῖς
1523 2221 1726 2272 Λεσβίοις·

205 2279 362 2320 ἐπαινεῖ
386 2277 455 2321 τὸν
486 2277 710 2335 άνθρωπον
740 2298 765 2334 η
797 2278 892 2330 θεὸς
923 2277 1181 2336 (Ἀφροδίτην
1221 2282 1376 2337 λέγουσι
1411 2281 1483 2337 τὴν
1513 2281 1630 2339 θεὸν)
1661 2301 1726 2325 και

204 2341 386 2385 ὑποδῦσα
429 2345 531 2387 θέαν
573 2343 792 2399 ἀνθρώπου
835 2343 1022 2400 γυναικὸς
1064 2344 1142 2399 ἤδη
1183 2349 1444 2427 γεγηρακυίας
1491 2352 1543 2404 τῷ
1588 2345 1726 2389 Φάωνι

172 2464 175 2467 η
207 2410 419 2464 διαλέγεται
449 2411 538 2464 περὶ
567 2414 684 2453 πλοῦ·
722 2408 839 2464 ταχὺς
869 2411 921 2463 ἠν
952 2411 1098 2461 ἐκεῖνος
1129 2412 1195 2452 καὶ
1223 2416 1465 2466 θεραπεῦσαι
1501 2413 1566 2453 καὶ
1597 2414 1724 2453 διακο-

204 2476 312 2527 μίσαι
348 2475 412 2516 καὶ
451 2475 575 2529 μηδὲν
611 2474 836 2528 ἀπαιτησαι.
879 2477 916 2516 τί
949 2476 1023 2517 οὐν
1059 2476 1122 2517 ἐπὶ
1158 2475 1307 2527 τούτοις
1343 2474 1368 2531 ἡ
1405 2475 1517 2526 θεός;
1558 2475 1728 2530 ἀμεῖψαί

204 2553 303 2592 φασι
332 2538 400 2582 τὸν
431 2539 650 2593 ἄνθρωπον
680 2541 746 2582 καὶ
776 2539 973 2594 ἀμείβεται
1004 2537 1154 2595 νεότητι
1184 2559 1246 2583 και
1289 2540 1418 2583 κάλλει
1452 2540 1522 2584 τὸν
1551 2542 1723 2597 γέροντα.

205 2597 317 2653 οὗτος
350 2602 370 2646 ὁ
405 2603 527 2645 Φάων
559 2605 672 2656 ἐστίν,
705 2603 768 2657 ἐφ’
811 2606 841 2662 ᾡ
872 2603 941 2647 τὸν
970 2607 1092 2660 ε’ρωτα
1123 2602 1245 2660 αὐτῆς
1282 2604 1307 2660 ἡ
1345 2605 1502 2659 Σαπφὼ
1539 2605 1724 2657 πολλάκις

204 2668 307 2723 ᾆσμα
351 2663 472 2726 (ἆσμα
515 2685 552 2722 ο,
593 2667 688 2723 αἷμα
736 2670 898 2724 reliqui)
947 2671 1139 2725 ἐποίησεν.
1206 2675 1308 2713 Hinc
1353 2677 1539 2724 repetunt
1585 2675 1723 2713 eadem

205 2735 351 2775 Eudoc.
385 2737 483 2775 414.
528 2737 708 2787 Apostol.
740 2738 813 2776 XX
846 2740 912 2778 15.
958 2738 1098 2779 Arsen.
1132 2741 1231 2780 461.
1271 2739 1384 2777 Adde
1416 2738 1530 2778 ovid.
1561 2739 1721 2778 Heroid.

203 2799 289 2838 XV.
334 2799 392 2839 Cf.
430 2794 612 2851 inprimis
650 2802 835 2842 Welcker
874 2803 1015 2854 opusc.
1052 2803 1094 2843 II
1135 2806 1218 2843 110
1245 2817 1351 2854 seqq.
1389 2805 1430 2842 et
1465 2804 1565 2843 Mus.
1597 2806 1720 2844 Rhen.

203 2864 338 2903 XVIII
372 2867 452 2904 241
488 2878 592 2916 seqq.
644 2867 832 2907 Fortasse
862 2869 939 2908 huc
968 2869 1143 2919 pertinet
1174 2869 1221 2908 fr.
1255 2870 1321 2908 29.
