1864 3126
212 148 298 191 208
532 180 533 185 ,
778 148 968 184 ΡΟΕΤΑΕ
994 148 1171 185 MELICI.

216 258 476 312 Ταρτησσοῦ
499 257 702 312 ποταμοῦ
727 253 888 312 σχεδὸν
913 253 1148 312 ἀντιπέρας
1171 257 1348 306 κλεινᾶς
1371 253 1604 311 Ἐρυθείας
1663 267 1733 300 976

212 326 260 369 ἐν
292 328 520 382 κευθμῶνι
552 326 711 383 πέτρας
741 324 860 383 παρὰ
891 324 1032 382 παγὰς
1065 323 1302 382 ἄπείρονας
1334 318 1662 383 ἆργυρορίζους.

902 458 939 499 6.
975 457 1051 511 [6.]

334 543 463 582 Schol.
490 542 652 581 Hesiod.
678 543 826 593 Theog.
855 544 957 582 287:
978 539 1088 582 Ἔστι
1120 540 1163 581 δὲ
1193 538 1214 582 ὁ
1247 539 1474 594 Γηρυονεὺς
1503 541 1546 582 ἐκ
1570 525 1738 596 Καλλιρ-

160 626 167 630 >
213 604 308 659 ρόης
338 609 406 658 τῆς
433 603 622 646 Ὠκεανοῦ
652 605 718 645 καὶ
749 603 992 659 Χρυσάορος.
1053 607 1292 659 Στησίχορος
1324 605 1365 646 δὲ
1391 608 1436 655 ἓξ
1467 610 1596 660 χεῖρας
1637 607 1739 660 ἔχειν

214 671 312 724 φησὶ
342 671 408 711 καὶ
434 672 478 719 ιἐξ
508 668 635 719 πόδας
665 670 730 711 καὶ
760 668 981 725 ὑπόπτερον
1012 667 1123 711 εἶναι.
1185 672 1243 712 Cf.
1276 673 1421 712 Eudoe.
1455 675 1550 713 214.

903 789 939 830 7.
975 788 1050 841 [7.]
1668 799 1737 831 977

275 942 1150 962 Luxu-U‘U-UU-uu-uu-uu..

276 1009 540 1066 Σκύπφειον
573 1010 622 1054 δὲ
653 1009 804 1067 λαβὼν
836 1012 971 1063 δέπας
1002 1014 1217 1067 ἔμμετρον
1250 1007 1309 1061 ὡς
1339 1009 1609 1067 τριλάγυνον

277 1090 406 1125 πῖνεν
438 1080 741 1139 ἐπισχόμενος,
772 1080 823 1126 τό
855 1081 911 1138 ῥά
945 1083 992 1125 οἱ
1019 1082 1243 1139 παρέθηκε
1279 1079 1424 1132 Φόλος
1453 1080 1652 1137 κεράσας.

222 1235 338 1271 sentit
363 1246 446 1270 cum
473 1235 701 1279 Stesichom,
733 1246 805 1270 non
830 1235 918 1270 inde
943 1234 1203 1280 repetendum,
1236 1234 1334 1279 quod
1366 1245 1410 1270 ex
1434 1234 1506 1270 hoc
1537 1235 1650 1279 poeta
1674 1246 1742 1270 sua

220 1281 385 1328 repetiit,
411 1284 454 1317 1113
478 1282 682 1318 O.M1‘iller
708 1282 752 1317 de
778 1282 945 1318 Doriens.
972 1283 987 1317 1
1013 1286 1083 1318 426
1108 1283 1245 1326 censet,
1276 1282 1340 1317 sed
1364 1282 1520 1326 uterque
1545 1281 1743 1327 diligenter

219 1329 375 1365 Hesiodi
400 1329 560 1375 vestigia
584 1330 725 1376 legunt
775 1329 954 1375 Panyasis
986 1340 1132 1374 quoque
1165 1329 1289 1364 Solem
1318 1328 1365 1364 ab
1390 1329 1547 1364 Hercule
1572 1329 1741 1364 vulnera-

219 1379 300 1412 tum
326 1376 517 1434 prodidit
520 1377 731 1419 memoriae,
757 1377 830 1413 vid
859 1376 972 1412 Clem.
1000 1377 1102 1412 Alex.
1130 1376 1212 1411 adv.
1237 1378 1336 1434 gent.
1363 1377 1465 1411 23A:
1491 1376 1555 1411 καὶ
1580 1374 1652 1422 μὴν
1678 1375 1743 1411 καὶ

219 1422 286 1460 τὸν
308 1420 474 1460 Ἀϊὸονὲα
500 1421 573 1459 ῦπό
596 1422 819 1468 Ηρακλὲους
843 1424 1074 1468 τοξευθῆναι
1091 1420 1250 1469 Ὅμηρος
1274 1421 1392 1468 λέγει,
1423 1423 1486 1458 καὶ
1511 1422 1577 1458 τὸν
1604 1425 1742 1459 Ηλεῖον

219 1469 369 1528 Αὐγέαν
407 1469 604 1512 Πανύασις
634 1470 782 1515 ἷστορεῖ.
838 1471 902 1506 ubi
934 1471 1167 1506 scribendum
1199 1470 1347 1506 videtur
1382 1470 1446 1506 καὶ
1487 1468 1565 1505 τὸν
1591 1467 1742 1506 Ηλιον

219 1516 307 1554 υπὸ
333 1519 411 1553 τοῦ
438 1515 581 1554 αυτοῦ
607 1516 802 1559 Πανύασις
827 1517 977 1576 ἴστορεῖ.
1152 1531 1155 1534 ’

316 1565 372 1601 Fr.
400 1569 432 1600 5.
485 1566 618 1601 Strabo
649 1566 702 1601 III
736 1569 820 1601 148:
849 1563 1015 1626 Ἐοίκασι
1047 1560 1084 1599 δ’
1119 1562 1164 1621 of,
1184 1564 1337 1600 παλαιοὶ
1368 1567 1497 1600 καλεῖν
1521 1563 1588 1600 τὸν
1615 1568 1744 1599 Βαῖτιν

224 1610 525 1671 Ταρτησσόν,τᾶ
552 1611 594 1648 δε
622 1610 788 1670 Γάδειρα
814 1613 878 1648 καὶ
903 1611 970 1653 τὰς
993 1612 1087 1658 πρὸς
1117 1609 1236 1657 αὐτὴν
1261 1609 1398 1657 νήσους
1419 1609 1640 1656 Ἐρύθειαν·
1666 1609 1744 1647 διό-

220 1673 290 1705 περ
318 1658 436 1700 οῦτως
461 1659 583 1695 εἰπεῖν
615 1657 923 1707 ὑπολαμβάνουσι
954 1660 1236 1705 Στησίχορον
1267 1659 1372 1704 περὶ
1403 1661 1480 1694 τοῦ
1514 1656 1745 1716 Γηρυόνος

222 1706 446 1754 βουκόλον
467 1707 536 1752 (ita
554 1707 719 1753 Kramer,
739 1708 778 1743 id
793 1709 850 1743 est
862 1708 1118 1753 Euoythionis,
1138 1706 1243 1743 codd.
1261 1707 1484 1754 βονκολίου),
1504 1704 1624 1742 διότι
1641 1719 1743 1752 γεν-
1759 1725 1762 1727 -

220 1756 387 1800 νηθείη
415 1754 631 1800 (γεννηθεὶς
655 1755 683 1801 l)

434 1822 571 1871 σχεδὸν
596 1823 800 1869 ἀντιπέρας
825 1825 975 1865 κλεινᾶς
996 1822 1197 1883 Ἐρυθείας

367 1874 584 1918 Ταρτησσοῦ
610 1874 783 1932 ποταμοῦ
809 1886 913 1917 παρα
939 1870 1064 1918 παγάς
1089 1870 1295 1918 απείρονας
1319 1868 1587 1917 ἄργυρορίζους

367 1917 408 1954 ἐν
432 1921 627 1966 κευθμῶνι
651 1919 798 1966 πέτρας.

223 1991 329 2027 Haec
355 1991 469 2026 verba
492 1990 732 2026 manifestum
751 1990 884 2026 vibium
905 1992 1182 2026 contraxerunt·
1207 2001 1294 2025 nam
1313 1989 1542 2034 incredibile,
1562 1989 1747 2026 Stesicho-

223 2050 305 2074 rum
338 2038 431 2073 adeo
470 2038 562 2073 situs
594 2038 760 2073 locorum
791 2037 1006 2083 imperitum
1037 2037 1162 2080 fuisse,
1193 2039 1236 2072 ut
1259 2037 1400 2072 fontem
1425 2036 1530 2072 fluvii
1553 2036 1607 2072 ibi
1631 2036 1747 2072 collo—

225 2086 339 2130 caret,
364 2085 429 2120 ubi
454 2085 492 2120 in
518 2096 620 2120 mare
642 2085 859 2121 effunditur:
885 2085 980 2120 hanc
999 2065 1257 2120 difficultatem
1283 2084 1385 2120 facili
1404 2083 1555 2128 negotio
1575 2083 1747 2141 expedivi

223 2131 471 2169 hemistichiis
495 2132 662 2168 traiectis
691 2132 955 2189 Ταρτησσοῦ
981 2132 1188 2177 ποταμοῦ
1215 2143 1257 2177 σχ
1260 2128 1377 2166 εδόν.
1400 2158 1408 2166 .
1430 2129 1656 2175 ,Ἐρυθείας
1676 2127 1746 2166 Ἐν

223 2180 462 2226 κευθμῶνι
491 2178 660 2225 πέτρας
684 2177 785 2224 παροὶ
811 2176 935 2224 παγάς
959 2179 1294 2215 κτλ.11.0.1111.13110
1319 2180 1376 2214 est
1399 2177 1607 2224 Eurythion
1630 2189 1747 2224 prope

223 2224 442 2263 Tartessum
466 2227 618 2263 fluvium
650 2227 700 2272 (h.
727 2239 757 2263 e
784 2227 882 2262 haud
907 2226 1038 2271 procul
1063 2226 1110 2260 ab
1142 2225 1252 2270 ostio)
1282 2226 1390 2261 antro
1419 2226 1573 2271 propter
1602 2225 1747 2271 argenti

225 2275 391 2311 metalla.
441 2274 520 2310 Iam
551 2274 670 2320 παγαὶ
702 2286 776 2310 non
805 2275 891 2310 sunt
919 2273 1038 2316 fluvii,
1069 2273 1134 2308 sed
1146 2273 1322 2329 argenti,
1354 2273 1666 2329 quemadmodum
1691 2274 1749 2308 est

226 2334 288 2368 a.p
315 2322 447 2358 Aesch.
473 2322 572 2358 Pers.
600 2326 685 2357 234.
711 2318 876 2367 ἀργύρου
902 2318 1002 2366 πηγή
1028 2333 1082 2360 τις
1107 2316 1236 2361 αὐτοῖς
1262 2302 1350 2365 ἐστί,
1374 2316 1570 2366 θησαυρός
1594 2317 1746 2377 χθονός.

226 2370 324 2406 Sane
349 2369 495 2415 argenti
520 2369 676 2405 metalla
700 2371 808 2405 erant
830 2367 953 2404 vicina
970 2367 1136 2403 fontibus
1161 2367 1276 2404 fluvii.
1301 2367 1377 2403 vid.
1404 2367 1555 2403 Strabo:
1582 2363 1627 2402 οὗ
1651 2363 1747 2402 πολὺ

224 2413 264 2452 δ’
292 2414 443 2452 αποθεν
469 2417 520 2465 τῷ
546 2413 768 2457 Καστλῶνός
793 2414 870 2451 ἐστι
895 2418 959 2450 καὶ
984 2412 1024 2450 τὸ
1051 2412 1150 2471 ὅρος,
1177 2411 1215 2457 ἐξ
1237 2409 1281 2450 οὗ
1307 2412 1387 2459 ρειν
1407 2414 1502 2460 φασὶ
1519 2411 1585 2449 τὸν
1605 2417 1748 2459 Βαῖτιν,

226 2478 246 2499 0
274 2464 454 2500 καλοῦσιν
476 2453 674 2509 Ἀργυροῦν
699 2461 763 2499 δια
788 2461 834 2498 τὰ
860 2460 1042 2508 αργυρεῖα
1067 2459 1113 2497 τὰ
1140 2459 1182 2498 ἐν
1207 2459 1319 2507 αὐτῷ.
1370 2462 1442 2498 Sed
1466 2461 1564 2496 hunc
1588 2471 1747 2496 errorem

224 2513 360 2569 poetae
383 2511 494 2547 facile
519 2511 820 2547 condonabimus.
862 2510 999 2545 Versus
1025 2511 1111 2545 sunt
1128 2508 1354 2566 heptametri
1373 2508 1558 2554 dactylici.
1578 2527 1622 2533 -
1649 2507 1692 2543 V.
1715 2512 1746 2542 1.

226 2571 430 2641 “⁹¹‘x⁷r‘⁸⁹2“⁹
454 2558 596 2641 ¹¹¹⁰ss
565 2560 608 2594 ¹¹ss
633 2558 884 2648 ἚῗἭΠΞῨ
902 2554 1119 2640 ῗῖτὲἶξῖἕῖ
1131 2553 1424 2639 .ᾙ,ἑΕΞ;ἶῖ,ε.ῗ“ς’
1448 2551 1747 2646 1121.ῗὲὠὲῗῆ

225 2627 269 2633 ·—
398 2635 405 2642 .
441 2619 509 2642 κεν
570 2619 638 2641 ωνι
726 2618 778 2640 rm
806 2618 828 2640 11
1409 2623 1452 2628 -

225 2652 391 2699 πέτραις.
430 2619 689 2689 Schneidewin
720 2650 763 2689 ἐν
794 2616 990 2697 κευθμῶξι
1011 2652 1195 2706 πετραίῳ.
1230 2617 1273 2676 μ-
1313 2615 1747 2707 παγὰς,8011(1101ᾶοπ111

226 2701 581 2746 πᾶγας.Κ1·01130101·
605 2699 763 2736 coniecit
792 2703 832 2736 T.
858 2698 1030 2752 ποταμοῦ
1049 2711 1150 2742 παρα
1162 2687 1297 2754 έ-ἀγας
1320 2694 1564 2745 αργνρορίζου
1590 2696 1614 2731 1.
1641 2707 1672 2731 0.
1698 2696 1748 2732 ad

225 2748 330 2792 ripas
363 2748 534 2784 Tartessi.
569 2768 611 2773 --
645 2747 744 2783 Olim
768 2747 807 2782 in
839 2744 1031 2782 Strabonis
1056 2745 1178 2781 verbis
1210 2741 1308 2780 διότι
1332 2741 1542 2789 γεννηθείη
1575 2742 1748 2779 carminis

227 2794 405 2839 reliquias
437 2795 655 2831 delitescere
686 2796 792 2833 ratus
817 2791 863 2839 δὴ
897 2790 980 2828 τότε
1006 2789 1177 2838 γεννήθη
1210 2789 1346 2837 σχεδὸν
1371 2793 1445 2827 κτλ.
1477 2790 1619 2836 scripsi,
1650 2790 1748 2826 simi·

228 2841 315 2877 liter
342 2841 600 2878 Schneidewin
624 2838 759 2887 τηλοθι
783 2838 965 2887 γεννήθη

322 2889 381 2924 Fr.
410 2894 442 2925 7.
491 2889 626 2925 Athen.
652 2889 705 2926 XI
729 2890 857 2925 499A:
882 2887 1165 2934 Στησίχορος
1190 2884 1232 2922 δὲ
1259 2883 1300 2922 τὸ
1327 2898 1428 2931 παρα
1450 2882 1555 2934 Φόλῳ
1581 2885 1630 2934 τῷ
1655 2887 1748 2921 Kav-
