1864 3126
215 160 302 203 266
534 182 535 186 =
783 161 972 198 POETAE
998 162 1177 199 MELICI.

879 270 947 314 37.
980 271 1084 325 [35]

310 385 319 394 .
351 385 361 395 .
396 349 591 407 Χήλινον
622 349 759 407 ἄγγος
791 387 798 394 .
831 385 842 397 .
873 386 883 396 .
915 389 923 397 .

311 425 414 478 ἕχον
445 422 676 479 πυθμένας
706 420 876 481 ἀγρίων
908 427 1109 470 σελίνων.

872 543 941 587 38.
974 545 1082 598 [365]

306 621 507 681 Ἀσήμων
539 621 650 682 ὑπὲρ
682 623 888 682 ἑρμάτων
921 627 1154 684 φορεῦμαι.

873 746 942 789 39.
976 746 1081 800 [37.]
1648 756 1738 788 1022

309 824 509 878 Πλεκτὰς
540 824 582 870 δ’
617 824 906 884 ὑποθυμίδας

309 896 409 954 περὶ
441 899 627 954 στήθεσι
659 901 846 951 λωτίνας
877 901 1047 943 ἔθεντο.

867 1019 937 1063 40.
971 1019 1076 1073 [38.]

356 1157 359 1160 ,
779 1099 845 1145 Σὲ
875 1099 960 1159 γάρ
993 1118 1055 1158 φη

310 1169 558 1227 Ταργήλιος
588 1171 806 1228 ἐμμελέως

307 1243 487 1286 δισκεῖν.

1657 1284 1676 1301 ἦ

211 1396 337 1431 mento
363 1407 421 1441 ap.
449 1396 631 1432 Zonaram
657 1399 726 1431 948
752 1393 950 1442 (Ἡσίοδος
977 1392 1105 1432 αἰετὸν
1131 1393 1180 1441 μὴ
1206 1395 1350 1441 πετῆνα
1369 1394 1565 1442 γενέσθαι)
1584 1395 1623 1431 in
1642 1395 1741 1432 hunc

210 1444 382 1479 medum·
591 1488 723 1526 Αἰετόν
749 1504 793 1537 με
820 1491 963 1537 πετῆνα
989 1489 1183 1536 γενέσθαι,

570 1537 791 1591 ,Λίνοπαθῆ
817 1540 880 1574 ἵνα
905 1535 1058 1584 πατρίδ’
1085 1534 1289 1583 ἐπόψομαι.

298 1609 355 1644 Fr.
383 1614 438 1646 37.
489 1610 624 1645 Pollux
649 1611 718 1645 VII
747 1614 831 1646 172:
870 1607 1035 1669 Χήλινον
1068 1607 1110 1645 δὲ
1137 1605 1252 1654 ἄγγος
1278 1607 1365 1654 ἕχον
1390 1607 1591 1654 πυθμένας
1623 1605 1739 1644 ἕλειο-

212 1658 366 1692 σελίνων
393 1652 487 1692 ὅταν
513 1658 599 1704 εἴπῃ
623 1655 828 1703 Ἀνακρέων
847 1654 889 1692 τὸ
912 1670 954 1693 εκ
974 1657 1146 1702 σχοινίων
1167 1655 1312 1702 πλέγμα
1332 1657 1447 1702 δηλοῖ.
1488 1652 1741 1691 ἕλειοσελίνων

210 1705 490 1750 Hemsherhuys,
517 1705 629 1750 vulgo
656 1701 961 1750 ἀγγελοσελίνων,
988 1705 1026 1740 ei:
1051 1704 1103 1739 sic
1128 1704 1186 1739 vel
1207 1700 1479 1749 ἀγγεοσελίνων
1500 1703 1604 1739 codd.
1626 1703 1740 1748 (solus

213 1751 239 1786 C
273 1748 428 1797 ἑλείων).
482 1752 620 1798 Scripsi
650 1749 793 1798 ἀγρίων
824 1753 995 1796 σελίνων,
1026 1763 1114 1787 nam
1139 1747 1291 1796 ἀγλαῶν
1321 1750 1443 1786 minus
1476 1750 1619 1796 placet:
1650 1751 1741 1786 olim

210 1796 498 1844 ἀγγειοσελίνων
530 1799 682 1835 conieci.
732 1800 842 1845 Resp.
875 1799 1100 1845 Hesychius:
1133 1795 1357 1844 Κεχήλωμαι
1384 1826 1391 1833 .
1420 1826 1428 1834 .
1456 1824 1464 1832 .
1497 1797 1562 1833 καὶ
1587 1795 1738 1844 χήλινον

211 1844 252 1881 τὸ
279 1844 441 1882 πλεκτὸν
467 1843 486 1882 ὁ
515 1847 553 1893 (l.
581 1843 644 1892 ὡς)
666 1843 882 1893 Ἀνακρέων.

306 1917 364 1952 Fr.
391 1922 448 1953 38.
498 1918 655 1974 Hesych.
682 1930 715 1953 v.
733 1914 871 1964 ’Ἐρμω
900 1916 1051 1964 ἔρεισμα
1070 1913 1093 1963 ἢ
1115 1915 1233 1962 ἕργμα
1252 1912 1275 1962 ἢ
1297 1913 1362 1951 τὸν
1383 1913 1558 1961 πετρώδη
1579 1915 1644 1951 καὶ
1664 1912 1742 1952 ε’πι-

212 1962 519 2010 κυματιζὸμενον,
552 1977 643 2000 ωστε
677 1962 726 2011 μὴ
763 1964 933 2012 βλέπειν,
966 1964 1084 2000 τόπον
1116 1965 1182 2009 τῆς
1205 1961 1408 2008 θαλάσσης.
1434 1962 1499 1998 καὶ
1521 1959 1741 2008 Ἀνακρέων·

211 2009 366 2057 ἀσήμων
391 2015 465 2047 κτλ.
505 2012 616 2058 Resp.
646 2012 720 2048 huo
739 2013 960 2058 Harpocrab.
981 2015 1027 2048 86
1048 2011 1104 2047 ed.
1124 2010 1240 2046 Bekk.
1261 2010 1327 2045 ubi
1345 2010 1431 2045 libri
1451 2006 1582 2056 ἕρμάν,
1609 2007 1740 2059 ἕρμᾷν,

214 2055 357 2103 ἕρμίαν.
403 2060 510 2095 Phot.
549 2063 604 2103 15,
640 2063 657 2094 1
695 2059 774 2104 (ubi
805 2059 884 2095 cod.
919 2056 1070 2104 ἕρμᾶν),
1103 2058 1236 2093 Suidas
1271 2070 1303 2093 v.
1338 2054 1475 2103 ἕρμάν,
1508 2057 1636 2093 Zonar.
1671 2061 1740 2094 860

211 2103 372 2152 (ἕρμᾶν).
423 2106 517 2142 Item
550 2108 623 2142 huc
657 2107 775 2143 refero
807 2106 984 2152 Hesychii
1015 2106 1178 2152 glossam
1209 2101 1379 2150 ἀσήμων·
1417 2101 1595 2150 ἀφανῶν,
1620 2102 1740 2150 ἀγνώ-

212 2166 318 2190 στων.
363 2154 562 2200 Perperam
588 2154 692 2190 Blass
717 2154 779 2190 hic
804 2153 916 2190 ionici
941 2153 1086 2189 numeri
1110 2151 1270 2198 vestigia
1295 2151 1550 2198 deprehendit.

306 2225 364 2262 Fr.
383 2230 447 2274 ‚39.
498 2224 633 2262 Athen.
664 2224 732 2260 XV
768 2225 902 2261 674D:
930 2221 1116 2260 Ἐκᾶλονν
1147 2221 1190 2258 δὲ
1222 2222 1287 2259 καὶ
1318 2222 1374 2264 οἷς
1403 2220 1644 2267 περιεδέοντο
1675 2220 1741 2258 τὸν

211 2270 395 2318 τράχηλον
422 2270 634 2318 στεφάνους
658 2269 932 2318 ὑποθυμιάδας
959 2299 966 2307 .
994 2300 1001 2307 .
1030 2300 1037 2307 .
1064 2271 1128 2307 καὶ
1150 2267 1371 2315 Ἀνακρέων·
1402 2269 1563 2310 πλεκτὰς
1586 2272 1663 2306 κτλ.
1694 2289 1740 2296 -

212 2320 255 2356 V.
285 2324 313 2355 1.
341 2316 584 2366 ὑποθυμίδας
609 2320 783 2365 Dindorf‚
818 2332 853 2356 v.
881 2316 1162 2364 ὑποθυμιάδας.
1195 2338 1239 2343 -·
1272 2318 1315 2353 V.
1342 2322 1374 2353 2.
1401 2315 1568 2363 στήθεσι,
1599 2318 1631 2352 Α
1656 2314 1739 2362 στή-

210 2370 356 2404 θεσσιν.
407 2367 516 2413 Resp.
543 2368 616 2403 huo
640 2367 775 2403 Athen.
802 2367 870 2403 XV
895 2379 931 2412 p.
959 2371 1027 2403 678
1039 2367 1081 2402 D.
1120 2365 1226 2402 Unde
1252 2365 1358 2401 Blass
1385 2365 1478 2401 haec
1504 2364 1551 2400 ad
1576 2363 1739 2400 ionicum

210 2426 405 2450 numerum
429 2416 593 2451 revocat.

305 2484 363 2521 Fr.
391 2489 446 2521 40.
498 2485 670 2531 Apollon.
709 2485 754 2521 de
789 2484 890 2531 Syniz.
924 2489 1009 2521 238:
1041 2483 1118 2520 Καὶ
1149 2481 1195 2529 δὴ
1227 2483 1431 2529 παρείπετο
1462 2483 1522 2531 τῷ
1542 2482 1618 2540 gerii
1650 2495 1742 2526 παρ-

212 2530 341 2578 αγωγὴ
368 2533 435 2568 τοῦ
461 2534 586 2579 χρῆμι,
612 2529 661 2574 ὡς
687 2533 796 2578 φημί,
816 2528 893 2577 ἀφ’
923 2526 968 2568 οὗ
1001 2533 1125 2577 τρίτον
1149 2528 1350 2577 πρόσωπον
1373 2530 1510 2588 ,χρῆσιν
1541 2543 1590 2570 ως
1615 2530 1742 2575 φησίν,

213 2577 253 2623 ἐξ
279 2573 324 2615 οὗ
350 2577 392 2615 τὸ
419 2578 488 2625 χρὴ
516 2577 557 2616 ἐν
583 2575 756 2627 ἀποκοπῇ
783 2576 1017 2625 ἀπετελεῖτο,
1043 2575 1181 2625 ὁμοίως
1211 2579 1261 2614 τῶ
1293 2591 1368 2623 παρ
1419 2575 1664 2623 Ανακρέοντι·
1697 2575 1737 2613 σε

212 2625 283 2673 γάρ
309 2627 414 2671 (haec
439 2627 522 2663 add.
550 2627 588 2662 in
615 2628 647 2662 A
672 2630 779 2673 corr.)
812 2640 865 2672 φη
897 2627 982 2673 (hoc
1019 2638 1089 2663 om.
1116 2614 1291 2671 BCDMS)
1329 2622 1523 2670 ταργήλιος
1554 2621 1741 2670 ἐμμελέως

213 2675 283 2717 (it-‚a
306 2674 464 2718 Bekker‚
489 2676 522 2710 A
548 2671 758 2721 ἕμμελ.ως,
789 2674 902 2720 vulgo
935 2671 1114 2720 ἐμμελῶς)
1147 2675 1303 2708 δισκεῐν.
1355 2671 1479 2707 Verba.
1509 2669 1549 2707 σὲ
1581 2668 1653 2716 γάρ
1685 2684 1739 2717 φη

216 2719 416 2802 Ιτίκργήλῖιος
443 2722 558 2758 etiam
578 2721 737 2757 afferunt
756 2722 928 2767 Apollon.
949 2721 994 2756 de
1013 2721 1107 2756 Adv.
1127 2718 1300 2802 inOBelltg.
1312 2719 1386 2801 4Aln.
1407 2719 1440 2753 II
1460 2722 1541 2800 διὲξ,
1561 2722 1592 2754 7.
1607 2717 1742 2801 385:th

218 2781 327 2861 φῖηῗῗ·
341 2768 1163 2862 γέᾡεῖαἷὸξὶήξᾗῗῗσὲπῖἒῖῗίῗὰοῗῇὶιῗέἦν
1188 2779 1263 2859 ξ’ῆς
1288 2841 1296 2851 .
1318 2841 1325 2848 .
1347 2770 1475 2858 ἦιξὲ]
1493 2778 1580 2858 (ρξ’-0
1591 2778 1649 2858 ⁶5
1670 2778 1743 2858 {32}

214 2864 267 2907 φῆ
307 2860 513 2908 Ταργήλιος
544 2861 631 2899 ἀντὶ
664 2863 731 2899 τοῦ
763 2864 871 2908 φησί·
904 2860 945 2898 τὸ
977 2861 1019 2898 δὲ
1061 2859 1269 2907 Ταργήλιον
1300 2856 1422 2906 ὄνομα
1448 2861 1627 2914 δαίμονος
1653 2856 1758 2913 ἐστίν

214 2913 252 2945 et
279 2909 457 2947 Choerob.
484 2911 518 2946 II
543 2915 623 2949 495.
675 2911 892 2947 Acuendum
918 2921 997 2946 esse
1029 2907 1083 2955 φὴ
1109 2910 1260 2955 praeter
1289 2907 1527 2954 Apollonium
1551 2909 1744 2953 praecepit
