<?xml version="1.0" encoding="UTF-8"?>
<!DOCTYPE html PUBLIC "-//W3C//DTD XHTML 1.0 Transitional//EN"
    "http://www.w3.org/TR/xhtml1/DTD/xhtml1-transitional.dtd">
<html xmlns="http://www.w3.org/1999/xhtml" xml:lang="en" lang="en">
 <head>
  <title>
</title>
<meta http-equiv="Content-Type" content="text/html;charset=utf-8" />
  <meta name='ocr-system' content='tesseract 3.04.00' />
  <meta name='ocr-capabilities' content='ocr_page ocr_carea ocr_par ocr_line ocrx_word'/>
</head>
<body>
  <div class='ocr_page' id='page_1' title='image "./poetaelyricigrae03berguoft_0208.png"; bbox 0 0 1864 3126; ppageno 0'>
   <div class='ocr_carea' id='block_1_1' title="bbox 731 704 1731 860">
    <p class='ocr_par' dir='ltr' id='par_1_1' title="bbox 731 704 1731 860">
     <span class='ocr_line' id='line_1_1' title="bbox 938 704 1731 760; baseline 0.003 -14"><span class='ocrx_word' id='word_1_1' title='bbox 938 704 1011 747; x_wconf 87' lang='lat' dir='ltr'>IX.</span> <span class='ocrx_word' id='word_1_2' title='bbox 1104 749 1111 760; x_wconf 28' lang='grc' dir='ltr'>ε</span> <span class='ocrx_word' id='word_1_3' title='bbox 1415 740 1424 748; x_wconf 89' lang='grc'><strong><em>.</em></strong></span> <span class='ocrx_word' id='word_1_4' title='bbox 1663 717 1731 748; x_wconf 81' lang='lat'>968</span> 
     </span>
     <span class='ocr_line' id='line_1_2' title="bbox 731 810 1212 860; baseline 0.002 -1"><span class='ocrx_word' id='word_1_5' title='bbox 731 810 1212 860; x_wconf 82' lang='lat' dir='ltr'><strong>PITTACUS.</strong></span> 
     </span>
    </p>
   </div>
   <div class='ocr_carea' id='block_1_2' title="bbox 259 1138 1367 1466">
    <p class='ocr_par' dir='ltr' id='par_1_2' title="bbox 271 1138 961 1160">
     <span class='ocr_line' id='line_1_3' title="bbox 271 1138 961 1160; baseline 0.001 -1"><span class='ocrx_word' id='word_1_6' title='bbox 271 1138 961 1160; x_wconf 58' lang='lat' dir='ltr'>uLuu-uu..u-JU-u..k.1</span> 
     </span>
    </p>

    <p class='ocr_par' dir='ltr' id='par_1_3' title="bbox 259 1182 1367 1312">
     <span class='ocr_line' id='line_1_4' title="bbox 259 1182 1367 1242; baseline 0.001 -15"><span class='ocrx_word' id='word_1_7' title='bbox 259 1182 451 1240; x_wconf 73' lang='grc' dir='ltr'><strong><em>’Ἑχοντα</em></strong></span> <span class='ocrx_word' id='word_1_8' title='bbox 482 1186 555 1228; x_wconf 81' lang='grc' dir='ltr'>δεῖ</span> <span class='ocrx_word' id='word_1_9' title='bbox 581 1183 712 1237; x_wconf 80' lang='grc' dir='ltr'><strong><em>τόξον</em></strong></span> <span class='ocrx_word' id='word_1_10' title='bbox 743 1202 789 1228; x_wconf 88' lang='grc' dir='ltr'><strong><em>τε</em></strong></span> <span class='ocrx_word' id='word_1_11' title='bbox 819 1184 893 1228; x_wconf 84' lang='grc' dir='ltr'>καὶ</span> <span class='ocrx_word' id='word_1_12' title='bbox 925 1184 1109 1229; x_wconf 81' lang='grc' dir='ltr'><em>ἰοδόκον</em></span> <span class='ocrx_word' id='word_1_13' title='bbox 1141 1186 1367 1242; x_wconf 79' lang='grc' dir='ltr'><strong><em>φαρέτραν</em></strong></span> 
     </span>
     <span class='ocr_line' id='line_1_5' title="bbox 272 1254 935 1312; baseline 0.002 -13"><span class='ocrx_word' id='word_1_14' title='bbox 272 1258 458 1312; x_wconf 80' lang='grc' dir='ltr'><strong><em>στείχειν</em></strong></span> <span class='ocrx_word' id='word_1_15' title='bbox 489 1254 590 1299; x_wconf 86' lang='grc' dir='ltr'><strong><em>ποτὶ</em></strong></span> <span class='ocrx_word' id='word_1_16' title='bbox 621 1258 747 1312; x_wconf 77' lang='grc' dir='ltr'><strong><em>φῶτα</em></strong></span> <span class='ocrx_word' id='word_1_17' title='bbox 778 1255 935 1307; x_wconf 85' lang='grc' dir='ltr'><strong><em>κακόν·</em></strong></span> 
     </span>
    </p>

    <p class='ocr_par' dir='ltr' id='par_1_4' title="bbox 271 1324 1280 1456">
     <span class='ocr_line' id='line_1_6' title="bbox 271 1324 1280 1384; baseline 0.002 -15"><span class='ocrx_word' id='word_1_18' title='bbox 271 1324 430 1370; x_wconf 83' lang='grc' dir='ltr'><strong><em>πιστὸν</em></strong></span> <span class='ocrx_word' id='word_1_19' title='bbox 461 1325 547 1383; x_wconf 77' lang='grc' dir='ltr'><strong><em>γὰρ</em></strong></span> <span class='ocrx_word' id='word_1_20' title='bbox 580 1324 715 1370; x_wconf 75' lang='grc' dir='ltr'><strong><em>οὐδὲν</em></strong></span> <span class='ocrx_word' id='word_1_21' title='bbox 747 1329 926 1383; x_wconf 76' lang='grc' dir='ltr'><strong><em>γλῶσσα</em></strong></span> <span class='ocrx_word' id='word_1_22' title='bbox 958 1326 1032 1371; x_wconf 84' lang='grc' dir='ltr'>διὰ</span> <span class='ocrx_word' id='word_1_23' title='bbox 1065 1326 1280 1384; x_wconf 83' lang='grc' dir='ltr'><strong><em>στόματος</em></strong></span> 
     </span>
     <span class='ocr_line' id='line_1_7' title="bbox 271 1396 1240 1466; baseline 0.002 -26"><span class='ocrx_word' id='word_1_24' title='bbox 271 1401 398 1441; x_wconf 82' lang='grc' dir='ltr'><strong><em>λαλεῖ</em></strong></span> <span class='ocrx_word' id='word_1_25' title='bbox 426 1396 678 1454; x_wconf 80' lang='grc' dir='ltr'><strong><em>διχόμυθον</em></strong></span> <span class='ocrx_word' id='word_1_26' title='bbox 710 1400 860 1466; x_wconf 79' lang='grc' dir='ltr'><strong><em>ἔχουσι</em></strong></span> <span class='ocrx_word' id='word_1_27' title='bbox 891 1401 1051 1458; x_wconf 78' lang='grc' dir='ltr'><em>καρδίᾳ</em></span> <span class='ocrx_word' id='word_1_28' title='bbox 1083 1397 1240 1455; x_wconf 84' lang='grc' dir='ltr'><strong><em>νόημα.</em></strong></span> 
     </span>
    </p>
   </div>
   <div class='ocr_carea' id='block_1_3' title="bbox 305 1525 1732 1585">
    <p class='ocr_par' dir='ltr' id='par_1_5' title="bbox 305 1525 1732 1585">
     <span class='ocr_line' id='line_1_8' title="bbox 305 1525 1732 1585; baseline 0.001 -23"><span class='ocrx_word' id='word_1_29' title='bbox 305 1527 522 1563; x_wconf 78' lang='lat' dir='ltr'>Pittacus.</span> <span class='ocrx_word' id='word_1_30' title='bbox 572 1527 680 1573; x_wconf 87' lang='lat' dir='ltr'><strong>Diog.</strong></span> <span class='ocrx_word' id='word_1_31' title='bbox 701 1528 823 1564; x_wconf 83' lang='lat' dir='ltr'>Laert.</span> <span class='ocrx_word' id='word_1_32' title='bbox 844 1528 940 1564; x_wconf 84' lang='grc'><strong><em>178.</em></strong></span> <span class='ocrx_word' id='word_1_33' title='bbox 970 1529 1054 1563; x_wconf 76' lang='grc' dir='ltr'>Τῶν</span> <span class='ocrx_word' id='word_1_34' title='bbox 1081 1527 1123 1564; x_wconf 88' lang='grc' dir='ltr'>δε</span> <span class='ocrx_word' id='word_1_35' title='bbox 1149 1525 1347 1577; x_wconf 76' lang='grc' dir='ltr'><em>ᾀδομένων</em></span> <span class='ocrx_word' id='word_1_36' title='bbox 1367 1525 1485 1564; x_wconf 80' lang='grc' dir='ltr'><strong><em>αὐτοῦ</em></strong></span> <span class='ocrx_word' id='word_1_37' title='bbox 1508 1529 1732 1585; x_wconf 79' lang='grc' dir='ltr'>(Πιττακοῦ)</span> 
     </span>
    </p>
   </div>
   <div class='ocr_carea' id='block_1_4' title="bbox 211 1570 1804 1626">
    <p class='ocr_par' dir='ltr' id='par_1_6' title="bbox 211 1570 1804 1626">
     <span class='ocr_line' id='line_1_9' title="bbox 211 1570 1804 1626; baseline 0.002 -17"><span class='ocrx_word' id='word_1_38' title='bbox 211 1571 369 1620; x_wconf 78' lang='grc' dir='ltr'><strong><em>μάλιστα</em></strong></span> <span class='ocrx_word' id='word_1_39' title='bbox 404 1570 627 1620; x_wconf 77' lang='grc' dir='ltr'><em>εὐδοκίμησε</em></span> <span class='ocrx_word' id='word_1_40' title='bbox 659 1571 768 1610; x_wconf 78' lang='grc' dir='ltr'><strong><em>τάδε·</em></strong></span> <span class='ocrx_word' id='word_1_41' title='bbox 793 1572 985 1620; x_wconf 85' lang='grc' dir='ltr'><strong><em>Ἔχοντα</em></strong></span> <span class='ocrx_word' id='word_1_42' title='bbox 1015 1578 1089 1612; x_wconf 77' lang='grc' dir='ltr'><strong><em>κτλ.</em></strong></span> <span class='ocrx_word' id='word_1_43' title='bbox 1123 1596 1167 1601; x_wconf 95' lang='lat'>—-</span> <span class='ocrx_word' id='word_1_44' title='bbox 1198 1576 1241 1611; x_wconf 91' lang='lat' dir='ltr'>V.</span> <span class='ocrx_word' id='word_1_45' title='bbox 1270 1580 1301 1612; x_wconf 91' lang='lat'>1.</span> <span class='ocrx_word' id='word_1_46' title='bbox 1334 1577 1410 1622; x_wconf 79' lang='grc' dir='ltr'><strong><em>δεῖ,</em></strong></span> <span class='ocrx_word' id='word_1_47' title='bbox 1444 1575 1562 1612; x_wconf 90' lang='lat' dir='ltr'>Cobet</span> <span class='ocrx_word' id='word_1_48' title='bbox 1591 1573 1660 1621; x_wconf 83' lang='grc' dir='ltr'><strong><em>χρὴ</em></strong></span> <span class='ocrx_word' id='word_1_49' title='bbox 1693 1578 1736 1612; x_wconf 89' lang='lat' dir='ltr'>ut</span> <span class='ocrx_word' id='word_1_50' title='bbox 1791 1620 1804 1626; x_wconf 32' lang='grc' dir='ltr'>α</span> 
     </span>
    </p>
   </div>
   <div class='ocr_carea' id='block_1_5' title="bbox 210 1621 1758 2046">
    <p class='ocr_par' dir='ltr' id='par_1_7' title="bbox 210 1621 1758 2046">
     <span class='ocr_line' id='line_1_10' title="bbox 210 1621 1732 1669; baseline 0.001 -13"><span class='ocrx_word' id='word_1_51' title='bbox 210 1621 358 1657; x_wconf 88' lang='lat' dir='ltr'>videtur</span> <span class='ocrx_word' id='word_1_52' title='bbox 384 1633 427 1657; x_wconf 85' lang='lat' dir='ltr'>ex</span> <span class='ocrx_word' id='word_1_53' title='bbox 452 1622 681 1667; x_wconf 87' lang='lat' dir='ltr'>coniectura,</span> <span class='ocrx_word' id='word_1_54' title='bbox 708 1632 777 1667; x_wconf 90' lang='lat' dir='ltr'>ego</span> <span class='ocrx_word' id='word_1_55' title='bbox 803 1624 878 1667; x_wconf 75' lang='grc' dir='ltr'><strong><em>δεῖ,</em></strong></span> <span class='ocrx_word' id='word_1_56' title='bbox 910 1622 1010 1667; x_wconf 86' lang='lat' dir='ltr'>quod</span> <span class='ocrx_word' id='word_1_57' title='bbox 1034 1634 1155 1668; x_wconf 88' lang='lat' dir='ltr'>neque</span> <span class='ocrx_word' id='word_1_58' title='bbox 1180 1633 1307 1658; x_wconf 80' lang='lat' dir='ltr'>versus</span> <span class='ocrx_word' id='word_1_59' title='bbox 1332 1634 1506 1659; x_wconf 86' lang='lat' dir='ltr'>numerus</span> <span class='ocrx_word' id='word_1_60' title='bbox 1531 1634 1652 1669; x_wconf 87' lang='lat' dir='ltr'>neque</span> <span class='ocrx_word' id='word_1_61' title='bbox 1676 1623 1732 1658; x_wconf 92' lang='lat' dir='ltr'>in·</span> 
     </span>
     <span class='ocr_line' id='line_1_11' title="bbox 212 1668 1733 1723; baseline 0.001 -19"><span class='ocrx_word' id='word_1_62' title='bbox 212 1669 344 1723; x_wconf 78' lang='lat' dir='ltr'><strong>stituta</strong></span> <span class='ocrx_word' id='word_1_63' title='bbox 369 1668 555 1704; x_wconf 81' lang='lat' dir='ltr'>sententia</span> <span class='ocrx_word' id='word_1_64' title='bbox 579 1669 776 1713; x_wconf 72' lang='lat' dir='ltr'><strong>desiderat,</strong></span> <span class='ocrx_word' id='word_1_65' title='bbox 802 1670 847 1704; x_wconf 86' lang='lat' dir='ltr'>de</span> <span class='ocrx_word' id='word_1_66' title='bbox 872 1670 994 1705; x_wconf 77' lang='lat' dir='ltr'>medio</span> <span class='ocrx_word' id='word_1_67' title='bbox 1019 1669 1226 1706; x_wconf 85' lang='lat' dir='ltr'>tollendum</span> <span class='ocrx_word' id='word_1_68' title='bbox 1246 1681 1388 1706; x_wconf 81' lang='lat' dir='ltr'>censeo.</span> <span class='ocrx_word' id='word_1_69' title='bbox 1408 1691 1454 1696; x_wconf 91' lang='lat'>-</span> <span class='ocrx_word' id='word_1_70' title='bbox 1479 1668 1588 1714; x_wconf 78' lang='grc' dir='ltr'><strong><em>τόξον</em></strong></span> <span class='ocrx_word' id='word_1_71' title='bbox 1607 1683 1646 1706; x_wconf 84' lang='grc' dir='ltr'><strong><em>τε</em></strong></span> <span class='ocrx_word' id='word_1_72' title='bbox 1667 1670 1733 1706; x_wconf 86' lang='grc' dir='ltr'>καὶ</span> 
     </span>
     <span class='ocr_line' id='line_1_12' title="bbox 211 1713 1732 1770; baseline 0.001 -19"><span class='ocrx_word' id='word_1_73' title='bbox 211 1716 352 1770; x_wconf 82' lang='lat' dir='ltr'>scripsi,</span> <span class='ocrx_word' id='word_1_74' title='bbox 376 1716 490 1761; x_wconf 84' lang='lat' dir='ltr'>vulgo</span> <span class='ocrx_word' id='word_1_75' title='bbox 514 1713 624 1759; x_wconf 76' lang='grc' dir='ltr'><strong><em>τόξον</em></strong></span> <span class='ocrx_word' id='word_1_76' title='bbox 649 1716 726 1761; x_wconf 83' lang='grc' dir='ltr'><strong><em>καὶ,</em></strong></span> <span class='ocrx_word' id='word_1_77' title='bbox 750 1717 939 1752; x_wconf 81' lang='lat' dir='ltr'>Hermann</span> <span class='ocrx_word' id='word_1_78' title='bbox 962 1714 1064 1760; x_wconf 81' lang='grc' dir='ltr'><strong><em>τόξα.</em></strong></span> <span class='ocrx_word' id='word_1_79' title='bbox 1091 1738 1135 1743; x_wconf 93' lang='grc'>-</span> <span class='ocrx_word' id='word_1_80' title='bbox 1162 1715 1367 1763; x_wconf 82' lang='grc' dir='ltr'><strong><em>φαρέτραν,</em></strong></span> <span class='ocrx_word' id='word_1_81' title='bbox 1393 1717 1510 1754; x_wconf 85' lang='lat' dir='ltr'>Cobet</span> <span class='ocrx_word' id='word_1_82' title='bbox 1528 1715 1732 1763; x_wconf 81' lang='grc' dir='ltr'><strong><em>φαρέτρην,</em></strong></span> 
     </span>
     <span class='ocr_line' id='line_1_13' title="bbox 210 1762 1732 1822; baseline 0.001 -23"><span class='ocrx_word' id='word_1_83' title='bbox 210 1763 242 1799; x_wconf 84' lang='lat' dir='ltr'>si</span> <span class='ocrx_word' id='word_1_84' title='bbox 266 1765 379 1820; x_wconf 86' lang='lat' dir='ltr'>poeta</span> <span class='ocrx_word' id='word_1_85' title='bbox 401 1762 672 1808; x_wconf 82' lang='lat' dir='ltr'>paenultimam</span> <span class='ocrx_word' id='word_1_86' title='bbox 696 1764 879 1809; x_wconf 80' lang='lat' dir='ltr'>produxit,</span> <span class='ocrx_word' id='word_1_87' title='bbox 903 1776 1078 1800; x_wconf 81' lang='lat' dir='ltr'>numerus</span> <span class='ocrx_word' id='word_1_88' title='bbox 1102 1765 1339 1810; x_wconf 80' lang='lat' dir='ltr'>logaoedicus</span> <span class='ocrx_word' id='word_1_89' title='bbox 1365 1766 1452 1809; x_wconf 85' lang='lat' dir='ltr'>erit,</span> <span class='ocrx_word' id='word_1_90' title='bbox 1484 1765 1549 1800; x_wconf 85' lang='lat' dir='ltr'>sed</span> <span class='ocrx_word' id='word_1_91' title='bbox 1574 1765 1732 1822; x_wconf 63' lang='lat' dir='ltr'>fortasse</span> 
     </span>
     <span class='ocr_line' id='line_1_14' title="bbox 212 1808 1758 1868; baseline 0.002 -23"><span class='ocrx_word' id='word_1_92' title='bbox 212 1808 448 1867; x_wconf 83' lang='grc' dir='ltr'><strong><em>φαρέτερραν</em></strong></span> <span class='ocrx_word' id='word_1_93' title='bbox 474 1810 718 1854; x_wconf 80' lang='lat' dir='ltr'>scribendum,</span> <span class='ocrx_word' id='word_1_94' title='bbox 745 1823 855 1868; x_wconf 82' lang='lat' dir='ltr'><strong>quam</strong></span> <span class='ocrx_word' id='word_1_95' title='bbox 880 1811 1037 1847; x_wconf 85' lang='lat' dir='ltr'><strong>formam</strong></span> <span class='ocrx_word' id='word_1_96' title='bbox 1062 1811 1232 1857; x_wconf 76' lang='lat' dir='ltr'>agnoscit</span> <span class='ocrx_word' id='word_1_97' title='bbox 1256 1812 1312 1849; x_wconf 85' lang='lat' dir='ltr'>Et.</span> <span class='ocrx_word' id='word_1_98' title='bbox 1338 1812 1386 1847; x_wconf 88' lang='grc' dir='ltr'>Μ.</span> <span class='ocrx_word' id='word_1_99' title='bbox 1414 1815 1494 1856; x_wconf 90' lang='grc'><strong><em>787,</em></strong></span> <span class='ocrx_word' id='word_1_100' title='bbox 1519 1816 1582 1848; x_wconf 90' lang='grc'>38.</span> <span class='ocrx_word' id='word_1_101' title='bbox 1615 1810 1731 1857; x_wconf 84' lang='grc' dir='ltr'><strong><em>φαρέ-</em></strong></span> <span class='ocrx_word' id='word_1_102' title='bbox 1740 1815 1758 1859; x_wconf 61' lang='grc' dir='ltr'><strong><em>ζ</em></strong></span> 
     </span>
     <span class='ocr_line' id='line_1_15' title="bbox 211 1854 1732 1916; baseline 0.001 -24"><span class='ocrx_word' id='word_1_103' title='bbox 211 1871 279 1901; x_wconf 89' lang='grc' dir='ltr'>τρα</span> <span class='ocrx_word' id='word_1_104' title='bbox 304 1854 327 1902; x_wconf 86' lang='grc' dir='ltr'><em>ἡ</em></span> <span class='ocrx_word' id='word_1_105' title='bbox 355 1854 578 1915; x_wconf 80' lang='grc' dir='ltr'><strong><em>βελοθήκη.</em></strong></span> <span class='ocrx_word' id='word_1_106' title='bbox 668 1855 692 1903; x_wconf 83' lang='grc' dir='ltr'>ἡ</span> <span class='ocrx_word' id='word_1_107' title='bbox 717 1855 846 1916; x_wconf 73' lang='grc' dir='ltr'><strong><em>γενικὴ</em></strong></span> <span class='ocrx_word' id='word_1_108' title='bbox 872 1859 946 1894; x_wconf 82' lang='grc' dir='ltr'><strong><em>τῶν</em></strong></span> <span class='ocrx_word' id='word_1_109' title='bbox 971 1859 1235 1904; x_wconf 80' lang='grc' dir='ltr'><strong><em>πληθυντικῶν</em></strong></span> <span class='ocrx_word' id='word_1_110' title='bbox 1261 1859 1468 1904; x_wconf 76' lang='grc' dir='ltr'><strong><em>φαρετρῶν,</em></strong></span> <span class='ocrx_word' id='word_1_111' title='bbox 1494 1858 1626 1904; x_wconf 79' lang='grc' dir='ltr'><strong><em>ἰωνικῇ</em></strong></span> <span class='ocrx_word' id='word_1_112' title='bbox 1652 1860 1732 1894; x_wconf 89' lang='grc' dir='ltr'><strong><em>δια-</em></strong></span> 
     </span>
     <span class='ocr_line' id='line_1_16' title="bbox 210 1901 1734 1953; baseline 0.001 -13"><span class='ocrx_word' id='word_1_113' title='bbox 210 1904 327 1950; x_wconf 80' lang='grc' dir='ltr'><strong><em>λέκτῳ</em></strong></span> <span class='ocrx_word' id='word_1_114' title='bbox 348 1903 577 1949; x_wconf 84' lang='grc' dir='ltr'><strong><em>φαρετρέων.</em></strong></span> <span class='ocrx_word' id='word_1_115' title='bbox 610 1901 817 1950; x_wconf 76' lang='grc' dir='ltr'><strong><em>ὑπερθέσει</em></strong></span> <span class='ocrx_word' id='word_1_116' title='bbox 836 1906 900 1940; x_wconf 84' lang='grc' dir='ltr'>καὶ</span> <span class='ocrx_word' id='word_1_117' title='bbox 920 1907 1177 1953; x_wconf 79' lang='grc' dir='ltr'><strong><em>διπλασιασμῷ</em></strong></span> <span class='ocrx_word' id='word_1_118' title='bbox 1197 1907 1341 1951; x_wconf 83' lang='grc' dir='ltr'><strong><em>γίνεται</em></strong></span> <span class='ocrx_word' id='word_1_119' title='bbox 1361 1905 1610 1951; x_wconf 85' lang='grc' dir='ltr'><strong><em>φαρετέρρων.</em></strong></span> <span class='ocrx_word' id='word_1_120' title='bbox 1637 1917 1734 1951; x_wconf 82' lang='lat' dir='ltr'>quae</span> 
     </span>
     <span class='ocr_line' id='line_1_17' title="bbox 212 1940 1734 1998; baseline 0 -10"><span class='ocrx_word' id='word_1_121' title='bbox 212 1964 256 1988; x_wconf 86' lang='lat' dir='ltr'>ex</span> <span class='ocrx_word' id='word_1_122' title='bbox 281 1940 484 1987; x_wconf 84' lang='lat' dir='ltr'>H‘erodiani</span> <span class='ocrx_word' id='word_1_123' title='bbox 508 1961 619 1996; x_wconf 83' lang='lat' dir='ltr'>opere</span> <span class='ocrx_word' id='word_1_124' title='bbox 644 1952 731 1996; x_wconf 84' lang='grc' dir='ltr'><strong><em>περὶ</em></strong></span> <span class='ocrx_word' id='word_1_125' title='bbox 755 1953 894 1987; x_wconf 77' lang='grc' dir='ltr'><strong><em>παθῶν</em></strong></span> <span class='ocrx_word' id='word_1_126' title='bbox 920 1952 1096 1998; x_wconf 83' lang='lat' dir='ltr'>decerpta</span> <span class='ocrx_word' id='word_1_127' title='bbox 1121 1955 1218 1997; x_wconf 82' lang='lat' dir='ltr'>eunt,</span> <span class='ocrx_word' id='word_1_128' title='bbox 1247 1965 1316 1989; x_wconf 88' lang='lat' dir='ltr'>nec</span> <span class='ocrx_word' id='word_1_129' title='bbox 1340 1956 1466 1989; x_wconf 84' lang='lat' dir='ltr'>tamen</span> <span class='ocrx_word' id='word_1_130' title='bbox 1491 1952 1734 1998; x_wconf 84' lang='grc' dir='ltr'><strong><em>φαρετέρρων</em></strong></span> 
     </span>
     <span class='ocr_line' id='line_1_18' title="bbox 211 1981 1732 2046; baseline 0 -11"><span class='ocrx_word' id='word_1_131' title='bbox 211 2000 470 2044; x_wconf 84' lang='lat' dir='ltr'>paroxytonon</span> <span class='ocrx_word' id='word_1_132' title='bbox 494 1998 582 2043; x_wconf 84' lang='lat' dir='ltr'><strong>fuit,</strong></span> <span class='ocrx_word' id='word_1_133' title='bbox 609 1999 679 2034; x_wconf 84' lang='lat' dir='ltr'>nisi</span> <span class='ocrx_word' id='word_1_134' title='bbox 702 1999 799 2034; x_wconf 87' lang='lat' dir='ltr'>forte</span> <span class='ocrx_word' id='word_1_135' title='bbox 823 2000 894 2035; x_wconf 88' lang='lat' dir='ltr'>hoc</span> <span class='ocrx_word' id='word_1_136' title='bbox 919 1999 1143 2036; x_wconf 80' lang='lat' dir='ltr'>vocabulum</span> <span class='ocrx_word' id='word_1_137' title='bbox 1168 1981 1282 2035; x_wconf 82' lang='lat' dir='ltr'>ctiam</span> <span class='ocrx_word' id='word_1_138' title='bbox 1312 2002 1443 2035; x_wconf 85' lang='lat' dir='ltr'>neutro</span> <span class='ocrx_word' id='word_1_139' title='bbox 1474 2011 1608 2046; x_wconf 84' lang='lat' dir='ltr'>genere</span> <span class='ocrx_word' id='word_1_140' title='bbox 1635 2001 1732 2035; x_wconf 88' lang='lat' dir='ltr'>dice-</span> 
     </span>
    </p>
   </div>
   <div class='ocr_carea' id='block_1_6' title="bbox 211 2044 1732 2186">
    <p class='ocr_par' dir='ltr' id='par_1_8' title="bbox 211 2044 1731 2186">
     <span class='ocr_line' id='line_1_19' title="bbox 211 2044 1731 2102; baseline 0.001 -21"><span class='ocrx_word' id='word_1_141' title='bbox 211 2046 331 2082; x_wconf 84' lang='lat' dir='ltr'>batur.</span> <span class='ocrx_word' id='word_1_142' title='bbox 382 2046 554 2091; x_wconf 78' lang='lat' dir='ltr'><strong>Hartung</strong></span> <span class='ocrx_word' id='word_1_143' title='bbox 579 2045 727 2091; x_wconf 85' lang='lat' dir='ltr'>scripsit</span> <span class='ocrx_word' id='word_1_144' title='bbox 757 2044 892 2091; x_wconf 76' lang='grc' dir='ltr'><strong><em>ἔχοντα</em></strong></span> <span class='ocrx_word' id='word_1_145' title='bbox 915 2044 1026 2090; x_wconf 78' lang='grc' dir='ltr'><strong><em>τόξον</em></strong></span> <span class='ocrx_word' id='word_1_146' title='bbox 1051 2044 1227 2083; x_wconf 83' lang='grc' dir='ltr'><strong><em>κίοδόκον</em></strong></span> <span class='ocrx_word' id='word_1_147' title='bbox 1254 2046 1446 2102; x_wconf 83' lang='grc' dir='ltr'><strong><em>φαρέτραν</em></strong></span> <span class='ocrx_word' id='word_1_148' title='bbox 1472 2049 1540 2082; x_wconf 82' lang='grc' dir='ltr'><strong><em>δεῖ.</em></strong></span> <span class='ocrx_word' id='word_1_149' title='bbox 1563 2067 1605 2073; x_wconf 92' lang='lat'>—-</span> <span class='ocrx_word' id='word_1_150' title='bbox 1633 2047 1676 2083; x_wconf 92' lang='lat' dir='ltr'>V.</span> <span class='ocrx_word' id='word_1_151' title='bbox 1699 2052 1731 2082; x_wconf 80' lang='lat'>2.</span> 
     </span>
     <span class='ocr_line' id='line_1_20' title="bbox 212 2090 1731 2153; baseline 0.001 -25"><span class='ocrx_word' id='word_1_152' title='bbox 212 2093 309 2139; x_wconf 82' lang='grc' dir='ltr'><strong><em>ποτὶ,</em></strong></span> <span class='ocrx_word' id='word_1_153' title='bbox 335 2093 391 2128; x_wconf 86' lang='lat' dir='ltr'>ed.</span> <span class='ocrx_word' id='word_1_154' title='bbox 419 2093 525 2128; x_wconf 88' lang='lat' dir='ltr'>Frob.</span> <span class='ocrx_word' id='word_1_155' title='bbox 553 2090 625 2128; x_wconf 83' lang='grc' dir='ltr'><strong><em>ἐπὶ.</em></strong></span> <span class='ocrx_word' id='word_1_156' title='bbox 653 2114 696 2119; x_wconf 90' lang='lat'>-—</span> <span class='ocrx_word' id='word_1_157' title='bbox 723 2093 767 2128; x_wconf 94' lang='lat' dir='ltr'>V.</span> <span class='ocrx_word' id='word_1_158' title='bbox 787 2097 819 2128; x_wconf 90' lang='lat'>4.</span> <span class='ocrx_word' id='word_1_159' title='bbox 844 2091 1069 2152; x_wconf 79' lang='grc' dir='ltr'><strong><em>διχόμυθον,</em></strong></span> <span class='ocrx_word' id='word_1_160' title='bbox 1096 2092 1213 2130; x_wconf 87' lang='lat' dir='ltr'>Cobet</span> <span class='ocrx_word' id='word_1_161' title='bbox 1237 2091 1459 2139; x_wconf 80' lang='grc' dir='ltr'><strong><em>διχόθυμον,</em></strong></span> <span class='ocrx_word' id='word_1_162' title='bbox 1485 2094 1585 2139; x_wconf 89' lang='lat' dir='ltr'>quod</span> <span class='ocrx_word' id='word_1_163' title='bbox 1590 2106 1731 2153; x_wconf 80' lang='lat' dir='ltr'><strong>quam-</strong></span> 
     </span>
     <span class='ocr_line' id='line_1_21' title="bbox 213 2139 1732 2186; baseline 0 -10"><span class='ocrx_word' id='word_1_164' title='bbox 213 2140 269 2176; x_wconf 81' lang='lat' dir='ltr'>vis</span> <span class='ocrx_word' id='word_1_165' title='bbox 294 2140 500 2186; x_wconf 83' lang='lat' dir='ltr'>speciosum</span> <span class='ocrx_word' id='word_1_166' title='bbox 519 2151 592 2175; x_wconf 91' lang='lat' dir='ltr'>non</span> <span class='ocrx_word' id='word_1_167' title='bbox 611 2139 745 2186; x_wconf 82' lang='lat' dir='ltr'>recepi.</span> <span class='ocrx_word' id='word_1_168' title='bbox 767 2161 811 2166; x_wconf 90' lang='lat'>—-</span> <span class='ocrx_word' id='word_1_169' title='bbox 839 2139 963 2186; x_wconf 77' lang='grc' dir='ltr'><strong><em>ἔχουσι</em></strong></span> <span class='ocrx_word' id='word_1_170' title='bbox 983 2141 1125 2177; x_wconf 84' lang='lat' dir='ltr'>correxi</span> <span class='ocrx_word' id='word_1_171' title='bbox 1142 2140 1321 2176; x_wconf 87' lang='lat' dir='ltr'>librorum</span> <span class='ocrx_word' id='word_1_172' title='bbox 1342 2141 1564 2186; x_wconf 76' lang='lat' dir='ltr'><strong>scripturam</strong></span> <span class='ocrx_word' id='word_1_173' title='bbox 1584 2139 1732 2186; x_wconf 77' lang='grc' dir='ltr'><strong><em>ἔχουσα.</em></strong></span> 
     </span>
    </p>
   </div>
   <div class='ocr_carea' id='block_1_7' title="bbox 212 2187 1733 2563">
    <p class='ocr_par' dir='ltr' id='par_1_9' title="bbox 212 2187 1733 2563">
     <span class='ocr_line' id='line_1_22' title="bbox 213 2187 1733 2242; baseline 0.001 -19"><span class='ocrx_word' id='word_1_174' title='bbox 213 2208 257 2214; x_wconf 84' lang='grc'>-</span> <span class='ocrx_word' id='word_1_175' title='bbox 283 2188 432 2236; x_wconf 88' lang='grc' dir='ltr'><strong><em>καρδιά,</em></strong></span> <span class='ocrx_word' id='word_1_176' title='bbox 458 2187 592 2233; x_wconf 77' lang='grc' dir='ltr'><strong><em>καρδίῃ</em></strong></span> <span class='ocrx_word' id='word_1_177' title='bbox 618 2187 735 2232; x_wconf 91' lang='lat' dir='ltr'>Ilgen,</span> <span class='ocrx_word' id='word_1_178' title='bbox 760 2187 874 2233; x_wconf 86' lang='lat' dir='ltr'>vulgo</span> <span class='ocrx_word' id='word_1_179' title='bbox 899 2189 1045 2242; x_wconf 83' lang='grc' dir='ltr'><strong><em>κραδίῃ,</em></strong></span> <span class='ocrx_word' id='word_1_180' title='bbox 1072 2188 1128 2223; x_wconf 85' lang='lat' dir='ltr'>ed.</span> <span class='ocrx_word' id='word_1_181' title='bbox 1148 2187 1255 2224; x_wconf 87' lang='lat' dir='ltr'>Frob.</span> <span class='ocrx_word' id='word_1_182' title='bbox 1278 2189 1448 2234; x_wconf 89' lang='grc' dir='ltr'><strong><em>κραδίην.</em></strong></span> <span class='ocrx_word' id='word_1_183' title='bbox 1471 2210 1514 2214; x_wconf 94' lang='grc'><strong>-</strong></span> <span class='ocrx_word' id='word_1_184' title='bbox 1536 2188 1733 2224; x_wconf 85' lang='lat' dir='ltr'>Schneide-</span> 
     </span>
     <span class='ocr_line' id='line_1_23' title="bbox 213 2215 1733 2281; baseline 0.001 -12"><span class='ocrx_word' id='word_1_185' title='bbox 213 2235 286 2270; x_wconf 89' lang='lat' dir='ltr'>win</span> <span class='ocrx_word' id='word_1_186' title='bbox 311 2223 513 2280; x_wconf 82' lang='lat' dir='ltr'>praeeunte</span> <span class='ocrx_word' id='word_1_187' title='bbox 540 2215 756 2270; x_wconf 78' lang='lat' dir='ltr'>Casaubmio</span> <span class='ocrx_word' id='word_1_188' title='bbox 781 2235 852 2270; x_wconf 91' lang='lat' dir='ltr'>hoc</span> <span class='ocrx_word' id='word_1_189' title='bbox 877 2234 1105 2279; x_wconf 80' lang='lat' dir='ltr'>Pittaceum,</span> <span class='ocrx_word' id='word_1_190' title='bbox 1137 2235 1234 2271; x_wconf 85' lang='lat' dir='ltr'><strong>sicut</strong></span> <span class='ocrx_word' id='word_1_191' title='bbox 1258 2237 1382 2271; x_wconf 85' lang='lat' dir='ltr'>cetera</span> <span class='ocrx_word' id='word_1_192' title='bbox 1412 2237 1554 2281; x_wconf 79' lang='lat' dir='ltr'>septem</span> <span class='ocrx_word' id='word_1_193' title='bbox 1581 2235 1655 2280; x_wconf 81' lang='lat' dir='ltr'>Sap</span> <span class='ocrx_word' id='word_1_194' title='bbox 1657 2235 1733 2271; x_wconf 86' lang='lat' dir='ltr'>ien-</span> 
     </span>
     <span class='ocr_line' id='line_1_24' title="bbox 212 2278 1731 2328; baseline 0.001 -12"><span class='ocrx_word' id='word_1_195' title='bbox 212 2284 311 2327; x_wconf 81' lang='lat' dir='ltr'>tum,</span> <span class='ocrx_word' id='word_1_196' title='bbox 342 2291 437 2326; x_wconf 81' lang='lat' dir='ltr'>quac</span> <span class='ocrx_word' id='word_1_197' title='bbox 462 2281 680 2327; x_wconf 84' lang='lat' dir='ltr'>sequuntur,</span> <span class='ocrx_word' id='word_1_198' title='bbox 715 2278 913 2318; x_wconf 75' lang='lat' dir='ltr'>subditicia</span> <span class='ocrx_word' id='word_1_199' title='bbox 937 2284 1078 2326; x_wconf 83' lang='lat' dir='ltr'>censet3</span> <span class='ocrx_word' id='word_1_200' title='bbox 1109 2282 1300 2318; x_wconf 78' lang='lat' dir='ltr'><strong>Rossbach</strong></span> <span class='ocrx_word' id='word_1_201' title='bbox 1332 2284 1371 2318; x_wconf 89' lang='lat' dir='ltr'>et</span> <span class='ocrx_word' id='word_1_202' title='bbox 1395 2282 1591 2328; x_wconf 70' lang='lat' dir='ltr'>Westphal</span> <span class='ocrx_word' id='word_1_203' title='bbox 1616 2282 1731 2318; x_wconf 86' lang='lat' dir='ltr'>doctr.</span> 
     </span>
     <span class='ocr_line' id='line_1_25' title="bbox 212 2328 1731 2383; baseline 0 -19"><span class='ocrx_word' id='word_1_204' title='bbox 212 2328 397 2365; x_wconf 63' lang='lat' dir='ltr'>Men-‚111</span> <span class='ocrx_word' id='word_1_205' title='bbox 422 2331 502 2373; x_wconf 84' lang='lat'>415,</span> <span class='ocrx_word' id='word_1_206' title='bbox 529 2328 558 2363; x_wconf 85' lang='lat' dir='ltr'>si</span> <span class='ocrx_word' id='word_1_207' title='bbox 583 2340 818 2365; x_wconf 85' lang='lat' dir='ltr'>numerorum</span> <span class='ocrx_word' id='word_1_208' title='bbox 845 2329 941 2364; x_wconf 83' lang='lat' dir='ltr'><strong>ratio</strong></span> <span class='ocrx_word' id='word_1_209' title='bbox 966 2329 1163 2373; x_wconf 80' lang='lat' dir='ltr'>habeatur,</span> <span class='ocrx_word' id='word_1_210' title='bbox 1194 2330 1266 2365; x_wconf 89' lang='lat' dir='ltr'>hoc</span> <span class='ocrx_word' id='word_1_211' title='bbox 1290 2331 1389 2365; x_wconf 84' lang='lat' dir='ltr'>certe</span> <span class='ocrx_word' id='word_1_212' title='bbox 1415 2340 1562 2365; x_wconf 81' lang='lat' dir='ltr'>carmen</span> <span class='ocrx_word' id='word_1_213' title='bbox 1586 2340 1731 2383; x_wconf 60' lang='lat' dir='ltr'>germq-</span> 
     </span>
     <span class='ocr_line' id='line_1_26' title="bbox 213 2357 1732 2421; baseline 0.001 -10"><span class='ocrx_word' id='word_1_214' title='bbox 213 2388 301 2411; x_wconf 91' lang='lat' dir='ltr'>num</span> <span class='ocrx_word' id='word_1_215' title='bbox 327 2387 406 2412; x_wconf 78' lang='lat' dir='ltr'>esse</span> <span class='ocrx_word' id='word_1_216' title='bbox 431 2357 669 2411; x_wconf 80' lang='lat' dir='ltr'>arbitrantur.</span> <span class='ocrx_word' id='word_1_217' title='bbox 718 2376 813 2411; x_wconf 86' lang='lat' dir='ltr'>Mihi</span> <span class='ocrx_word' id='word_1_218' title='bbox 836 2376 989 2420; x_wconf 87' lang='lat' dir='ltr'>Pittaci,</span> <span class='ocrx_word' id='word_1_219' title='bbox 1021 2375 1182 2421; x_wconf 76' lang='lat' dir='ltr'>Biantis,</span> <span class='ocrx_word' id='word_1_220' title='bbox 1215 2376 1397 2421; x_wconf 78' lang='lat' dir='ltr'>Chilonis,</span> <span class='ocrx_word' id='word_1_221' title='bbox 1423 2376 1590 2412; x_wconf 72' lang='lat' dir='ltr'>Thaletis</span> <span class='ocrx_word' id='word_1_222' title='bbox 1616 2376 1732 2412; x_wconf 87' lang='lat' dir='ltr'>canti·</span> 
     </span>
     <span class='ocr_line' id='line_1_27' title="bbox 212 2422 1732 2469; baseline 0 -11"><span class='ocrx_word' id='word_1_223' title='bbox 212 2423 319 2459; x_wconf 80' lang='lat' dir='ltr'>lenae</span> <span class='ocrx_word' id='word_1_224' title='bbox 350 2422 588 2468; x_wconf 70' lang='lat' dir='ltr'><strong>antiquitatis</strong></span> <span class='ocrx_word' id='word_1_225' title='bbox 617 2423 727 2458; x_wconf 86' lang='lat' dir='ltr'>laude</span> <span class='ocrx_word' id='word_1_226' title='bbox 757 2435 831 2459; x_wconf 86' lang='lat' dir='ltr'>non</span> <span class='ocrx_word' id='word_1_227' title='bbox 861 2423 1090 2459; x_wconf 80' lang='lat' dir='ltr'>fraudandae</span> <span class='ocrx_word' id='word_1_228' title='bbox 1121 2434 1202 2459; x_wconf 82' lang='lat' dir='ltr'>esse</span> <span class='ocrx_word' id='word_1_229' title='bbox 1227 2423 1416 2469; x_wconf 86' lang='lat' dir='ltr'>videntur,</span> <span class='ocrx_word' id='word_1_230' title='bbox 1447 2423 1511 2458; x_wconf 84' lang='lat' dir='ltr'>sed</span> <span class='ocrx_word' id='word_1_231' title='bbox 1536 2424 1659 2458; x_wconf 87' lang='lat' dir='ltr'><strong>utrum</strong></span> <span class='ocrx_word' id='word_1_232' title='bbox 1684 2423 1732 2459; x_wconf 82' lang='lat' dir='ltr'>ab</span> 
     </span>
     <span class='ocr_line' id='line_1_28' title="bbox 212 2469 1731 2515; baseline 0 -10"><span class='ocrx_word' id='word_1_233' title='bbox 212 2470 270 2514; x_wconf 81' lang='lat' dir='ltr'>iis,</span> <span class='ocrx_word' id='word_1_234' title='bbox 295 2481 450 2515; x_wconf 90' lang='lat' dir='ltr'>quorum</span> <span class='ocrx_word' id='word_1_235' title='bbox 470 2469 618 2506; x_wconf 89' lang='lat' dir='ltr'>nomine</span> <span class='ocrx_word' id='word_1_236' title='bbox 638 2470 1000 2515; x_wconf 77' lang='lat' dir='ltr'>circumferebantur,</span> <span class='ocrx_word' id='word_1_237' title='bbox 1026 2482 1074 2506; x_wconf 86' lang='lat' dir='ltr'>an</span> <span class='ocrx_word' id='word_1_238' title='bbox 1093 2471 1141 2506; x_wconf 86' lang='lat' dir='ltr'>ab</span> <span class='ocrx_word' id='word_1_239' title='bbox 1160 2470 1244 2506; x_wconf 83' lang='lat' dir='ltr'>aliis</span> <span class='ocrx_word' id='word_1_240' title='bbox 1263 2471 1435 2506; x_wconf 84' lang='lat' dir='ltr'>conditae</span> <span class='ocrx_word' id='word_1_241' title='bbox 1455 2470 1540 2515; x_wconf 83' lang='lat' dir='ltr'>sint,</span> <span class='ocrx_word' id='word_1_242' title='bbox 1563 2469 1604 2505; x_wconf 90' lang='lat' dir='ltr'>id</span> <span class='ocrx_word' id='word_1_243' title='bbox 1622 2481 1731 2506; x_wconf 86' lang='lat' dir='ltr'>nemo</span> 
     </span>
     <span class='ocr_line' id='line_1_29' title="bbox 212 2517 588 2563; baseline -0.005 -9"><span class='ocrx_word' id='word_1_244' title='bbox 212 2517 351 2563; x_wconf 87' lang='lat' dir='ltr'><strong>poterit</strong></span> <span class='ocrx_word' id='word_1_245' title='bbox 374 2517 588 2553; x_wconf 84' lang='lat' dir='ltr'>diiudicare.</span> 
     </span>
    </p>
   </div>
  </div>
 </body>
</html>
