1864 3126
174 133 260 176 318
511 154 513 158 ¹
740 132 933 170 POETAE
958 132 1137 170 MELICI.

779 229 787 237 '
843 243 912 285 34.
945 243 1050 296 [23]
1584 255 1699 287 -1063

718 325 811 358 ΕΙΣ
834 325 1163 359 ΦῙΛΑΡΓΤΡΟΝ.

241 404 287 449 Ὁ
317 408 508 457 πλοῦτος
539 410 583 449 εἴ
609 422 659 461 γε
691 408 860 462 χρυσοῦ
1027 412 1189 450 θανεῖν
1218 405 1303 463 γὰρ
1337 409 1376 450 εἰ
1405 408 1641 466 πέπρωται,

247 476 296 520 τὸ
331 479 407 533 ζῆν
439 485 616 533 παρεῖχε
647 482 846 532 θνητοῖς,
961 489 1002 520 10
1028 480 1073 520 τί
1099 477 1173 520 καὶ
1206 476 1348 534 μάτην
1380 477 1588 532 στενάζω;

249 547 514 603 ἐκαρτέρουν
546 547 793 604 φυλάττων,
1027 551 1073 591 τί
1099 547 1172 591 καὶ
1204 547 1340 604 γόους
1371 549 1629 606 προπέμπω,

245 617 327 674 ἵν’,
360 615 416 662 ἂν
447 624 609 662 θανεῖν
642 619 822 676 ἐπέλθῃ,
1029 619 1126 675 ἐμοὶ
1156 619 1329 675 γένοιτο
1361 622 1522 675 πίνειν,

202 702 222 732 5
248 688 361 747 λάβῃ
393 706 434 732 τι
465 689 539 732 καὶ
571 690 785 747 παρέλθῃ.
1028 688 1175 733 πιόντι
1208 688 1249 733 δ’
1285 687 1412 734 οἶνον
1442 689 1559 747 ἡδύν

243 763 283 804 εἰ
314 758 355 803 δ’
392 754 476 804 οὖν
507 758 556 804 τὸ
584 759 642 816 μὴ
669 764 888 817 πρίασθαι
1030 761 1150 815 ἐμοῖς
1182 764 1329 816 φίλοις
1360 770 1576 817 συνεῖναι,

227 826 297 874 ’τὸ
331 833 407 887 ζῆν
440 834 581 874 ἔνεστι
612 837 812 887 θνητοῖς,
961 843 1003 874 15
1030 832 1078 875 ἐν
1111 829 1151 874 δ’
1187 829 1398 875 ἁπαλαῖσι
1429 837 1596 884 κοίταις

243 905 293 945 ’τί
320 901 483 959 χρυσὸς
515 901 678 958 ὠφελεῖ
706 919 778 958 με;
1028 907 1170 946 τελεῖν
1200 902 1284 946 τὰν
1311 901 1589 960 Ἀφροδίταν.

855 1022 923 1065 35.
957 1023 1032 1076 [8.]

714 1105 816 1139 ΤΟΤ
839 1105 1009 1139 ΑΤΤΟΤ
1033 1106 1175 1140 ΟΝΑΡ.

246 1187 336 1230 Διὰ
368 1185 528 1238 νυκτὸς
561 1186 851 1242 ἐγκαθεύδων
1030 1185 1304 1243 ἁπαλώτεροι
1337 1190 1526 1242 Λυαίου,

246 1255 572 1315 ἁλιπορφύροις
602 1257 808 1314 τάπησιν,
1031 1257 1263 1314 δακέθυμά
1296 1276 1371 1314 μοι
1403 1258 1607 1314 λέγοντες

243 1329 553 1385 γεγανωμένος
585 1332 739 1388 Λυαίῳ
960 1341 1004 1372 10
1031 1327 1104 1372 διὰ
1137 1327 1215 1381 τὰς
1244 1326 1380 1380 καλὰς
1411 1330 1590 1380 ἐκείνας.

247 1399 437 1443 ἐδόκουν
469 1398 645 1456 ἄκροισι
675 1400 852 1457 ταρσῶν
1029 1400 1265 1451 ἐθέλοντος
1296 1399 1346 1443 δὲ
1378 1402 1563 1456 φιλῆσαι

199 1483 219 1513 5
247 1469 418 1527 δρόμον
451 1469 572 1514 ὠκὺν
605 1470 873 1514 ἐκτανύσσαι
1031 1470 1179 1527 φύγον
1200 1471 1243 1523 ἐξ
1262 1468 1409 1514 ὕπνου
1422 1487 1474 1527 με
1493 1469 1675 1522 πάντες’

244 1541 351 1598 μετὰ
382 1542 622 1599 παρθένων
655 1540 853 1599 ἀθύρων.
1030 1542 1342 1598 μεμονωμένος
1368 1539 1408 1585 δ’
1445 1539 1468 1585 ὁ
1494 1539 1674 1597 τλήμων

247 1612 568 1670 ἐπεκερτόμουν
601 1612 650 1657 δὲ
681 1615 835 1665 παῖδες
1028 1611 1162 1656 πάλιν
1192 1611 1361 1669 ἤθελον
1391 1611 1646 1656 καθεύδειν.

270 1747 327 1778 34.
377 1742 574 1788 Inscriptio
599 1742 638 1777 in
663 1755 710 1777 m.
738 1743 877 1779 addita.
916 1742 1113 1778 Mehlhorn
1136 1742 1175 1777 in
1206 1743 1281 1778 tres
1310 1743 1483 1788 strophas
1508 1742 1705 1786 quinorum

175 1801 346 1826 versuum
374 1789 581 1835 discripsit,
612 1802 647 1826 v.
676 1795 717 1824 11
751 1790 886 1826 deleto.
921 1812 964 1816 —-
997 1790 1041 1825 V.
1077 1794 1107 1826 1.
1143 1791 1182 1825 εἴ
1209 1802 1268 1835 γε,
1303 1790 1493 1826 Hermann
1518 1788 1555 1824 εἰ
1577 1787 1638 1833 δέ,
1663 1790 1707 1824 ut

175 1837 350 1873 carminis
375 1837 524 1873 initium
549 1837 791 1872 interciderit.
838 1837 932 1872 Mihi
957 1839 1071 1882 poeta
1090 1836 1280 1882 scripsisse
1306 1836 1473 1872 videtur:
1506 1835 1526 1872 ὁ
1547 1837 1706 1876 πλοῦτος

177 1884 214 1920 εἰ
239 1887 446 1932 βροτοῖσι
470 1882 511 1919 τὸ
539 1884 604 1929 ζῆν
629 1889 841 1929 παρεῖχε,
866 1885 1067 1920 πλοῦτον
1094 1881 1142 1920 ἐκ
1169 1887 1255 1928 φυλ.
1276 1905 1319 1910 -
1346 1885 1506 1930 χρυσοῦ,
1533 1883 1705 1920 Sevinius

177 1933 352 1977 Κροίσσυ.
380 1953 423 1957 --
451 1932 496 1967 V.
523 1936 555 1966 2.
581 1936 748 1976 παρεῖχε,
775 1931 902 1977 Steph.
923 1932 1082 1977 παρῆγε.
1105 1952 1150 1957 ——
1174 1935 1332 1976 θνητοῖς
1357 1932 1436 1969 cod.
1458 1943 1582 1976 supra,
1609 1931 1707 1966 infra

178 1981 335 2027 βροτοῖς,
367 1979 464 2014 unde
497 1979 592 2013 Rose
625 1979 761 2014 maluit
793 1981 939 2026 βροτοῖς
963 1983 1143 2023 παρεῖχεν
1169 1978 1338 2014 scribere.
1366 1999 1411 2004 —
1444 1979 1486 2013 V.
1512 1982 1545 2012 4.
1577 1974 1628 2012 ’ἵν’
1656 1973 1705 2013 ἂν

175 2029 315 2061 θανεῖν
343 2023 485 2072 ἐπέλθῃ
513 2026 733 2082 Stephanus,
759 2026 839 2062 cod.
867 2023 919 2061 ἵν’
940 2023 1124 2061 ἀσθενεῖν
1152 2022 1279 2071 ἐπέλη.
1302 2047 1345 2051 -
1371 2025 1414 2062 V.
1437 2030 1469 2061 6.
1496 2019 1565 2060 οὖν
1589 2022 1632 2060 τὸ
1653 2022 1702 2071 μὴ

178 2073 321 2119 scripsi,
346 2074 426 2110 cod.
455 2067 524 2109 οὖν
551 2086 599 2118 μη
626 2071 680 2118 τὸ,
707 2072 917 2118 Stephanus
939 2071 1030 2108 οὐδὲ
1050 2070 1106 2115 τὸ,
1130 2072 1282 2108 Brunck
1308 2072 1467 2108 coniecit
1491 2068 1538 2107 οὔ
1564 2073 1603 2107 τί
1618 2083 1704 2108 που.

176 2122 273 2156 Rose
308 2119 343 2157 εἰ
373 2117 411 2156 δ’
446 2118 491 2156 οὔ
523 2119 569 2167 μέ
599 2133 666 2156 του
700 2121 887 2165 πρίασθαι
914 2148 921 2154 .
949 2147 957 2155 .
984 2118 1130 2165 θνητόν
1163 2122 1394 2156 commentus
1421 2121 1488 2155 est.
1522 2140 1566 2145 —-
1599 2119 1644 2154 V.
1670 2122 1703 2155 8.

177 2165 328 2213 ὠφελεῖ,
354 2168 434 2203 cod.
460 2165 601 2212 ὀφελεῖ.
630 2189 673 2194 —-
702 2167 745 2203 V.
774 2172 828 2203 11.
853 2167 1051 2203 Mehlhorn
1077 2166 1320 2203 subditicium
1346 2167 1482 2203 censet.
1509 2187 1554 2193 —
1581 2166 1624 2202 V.
1648 2170 1703 2203 13.

176 2214 312 2260 πιόντι,
339 2215 468 2251 malim
493 2217 652 2260 πίνοντι,
680 2215 780 2260 quod
807 2215 920 2252 etiam
945 2215 1096 2251 Pauwio
1122 2214 1273 2260 placuit.
1301 2235 1346 2240 —
1372 2215 1414 2250 V.
1437 2218 1491 2250 15.
1512 2211 1706 2258 ἁπαλαῖσι,

178 2263 345 2308 Scaliger
369 2259 555 2308 ἀγλααῖσι.
594 2283 635 2288 -
667 2263 711 2299 V.
740 2267 793 2298 16.
826 2260 908 2307 τὰν,
942 2262 1110 2307 Scaliger
1135 2259 1225 2308 τιν’,
1259 2261 1357 2298 Rose
1390 2259 1459 2307 τὴν
1486 2258 1705 2307 Ἀφροδίτην

176 2311 349 2355 requirit3
377 2321 446 2356 ego
471 2321 590 2355 neque
615 2310 677 2345 hic
701 2321 822 2355 neque
847 2309 931 2345 aliis
957 2310 1050 2345 locis
1070 2309 1216 2346 doricas
1241 2309 1379 2345 formas
1404 2320 1496 2354 quas
1524 2309 1605 2344 cod.
1624 2308 1703 2344 Pal.

176 2359 333 2402 praebet
359 2358 585 2394 oblitteravi.
614 2379 656 2383 —-
682 2356 773 2392 Mihi
801 2357 951 2403 quidem
977 2357 1024 2393 ab
1051 2357 1176 2392 aliena
1200 2369 1308 2392 manu
1335 2356 1509 2392 videntur
1534 2369 1568 2391 v.
1599 2359 1641 2390 15
1667 2357 1706 2391 et

179 2410 221 2441 16
248 2405 394 2440 adiecti.
433 2404 629 2440 Mehlhorn
654 2405 748 2440 dicit
770 2404 871 2440 idem
890 2404 1010 2440 videri
1030 2405 1244 2440 Hermanno
1270 2404 1326 2439 El.
1348 2404 1474 2439 Doctr.
1495 2402 1602 2439 Metr.
1622 2406 1704 2447 484,

177 2453 239 2487 scd
267 2453 361 2488 nihil
386 2452 439 2488 ibi
463 2453 509 2488 de
534 2452 592 2488 his
616 2451 784 2488 versibus
811 2452 963 2497 dictum,
989 2451 1079 2497 quin
1105 2464 1143 2498 p.
1170 2456 1239 2487 479
1266 2463 1330 2488 eos
1355 2453 1491 2487 tuetur.

272 2551 327 2582 35.
377 2547 576 2592 Inscriptio
606 2546 661 2582 ita
692 2524 776 2582 add.
809 2546 847 2582 in
879 2546 1057 2591 margine.
1111 2546 1329 2591 Mehlhorn,
1356 2545 1420 2590 qui
1445 2544 1483 2580 in
1507 2546 1584 2580 tres
1610 2545 1702 2580 stro-

177 2594 270 2639 phas
296 2605 445 2630 carmen
470 2594 685 2640 dispescuit,
711 2606 746 2629 v.
773 2598 793 2628 2
820 2595 858 2629 et
877 2597 898 2628 3
925 2593 1144 2629 subditicios
1165 2594 1289 2638 putat,
1314 2604 1388 2629 non
1408 2592 1519 2629 recte.
1541 2612 1585 2617 —
1604 2591 1646 2627 V.
1672 2596 1701 2627 1.

176 2641 312 2682 νυκτὸς
338 2641 560 2687 Stephanus,
585 2641 732 2677 νυκτῶν
758 2641 837 2677 cod.
866 2661 909 2666 -
935 2640 980 2676 V.
1006 2644 1039 2676 2.
1066 2637 1221 2686 τάπησι,
1255 2640 1336 2676 cod.
1363 2651 1386 2675 a
1410 2652 1458 2675 m.
1483 2651 1536 2685 pr.
1563 2635 1703 2675 τάπισι.

180 2710 220 2714 —
249 2689 291 2724 V.
318 2693 350 2725 3.
376 2688 639 2735 γεγανωμένος
664 2689 812 2733 Barnes,
839 2689 919 2724 cod.
945 2686 1211 2733 γεγανυμένος.
1232 2707 1277 2713 -
1303 2687 1346 2723 V.
1374 2691 1407 2723 4.
1432 2687 1578 2730 ταρσῶν
1604 2686 1704 2722 codi-

179 2736 231 2770 cis
257 2735 477 2781 scripturam
502 2737 688 2780 revocavi,
715 2736 924 2780 Stephanus
955 2739 1113 2781 ταρσοῖς.
1147 2756 1191 2760 ——
1224 2734 1268 2771 V.
1296 2738 1327 2770 ὅ.
1361 2731 1585 2770 ἐκτανύσσαι
1616 2733 1703 2768 scri-

179 2783 247 2827 psi,
274 2785 353 2818 cod.
382 2781 590 2819 ἐκτανύειν.
622 2804 667 2809 --
699 2783 741 2819 V.
772 2782 825 2818 11¹.
861 2780 1059 2823 ἐθέλοντος
1085 2781 1233 2827 scripsi,
1268 2779 1450 2817 ἐθέλοντα
1483 2781 1704 2826 Stephanus,

180 2831 259 2866 cod.
287 2828 469 2866 ἐθέλοντι.
497 2852 541 2856 -
567 2829 609 2866 δὲ
637 2831 730 2875 cod.,
758 2830 879 2865 Zeune
899 2827 956 2875 δή.
985 2851 1028 2855 -
1056 2830 1098 2866 V.
1122 2833 1175 2864 12.
1202 2842 1246 2875 με
1275 2828 1497 2874 Stephanus,
1522 2829 1602 2863 cod.
1629 2840 1704 2874 μοι.

181 2896 221 2900 -w
250 2877 293 2912 V.
326 2882 377 2914 13.
404 2876 684 2924 μεμονωμένος,
711 2878 789 2914 cod.
817 2875 1121 2923 (μ)εμονωμὲνος.
1154 2898 1197 2902 -
1232 2876 1276 2912 V.
1305 2881 1348 2911 14
1381 2876 1459 2912 cod.
1493 2873 1701 2920 καθεύδην.
