1864 3126
131 12 143 21 ,υ
173 0 178 6 ι
192 0 195 2 -

6 59 10 62 ’
41 62 56 74 *V

0 119 8 127 ,

3 156 8 163 ,

580 93 802 131 ΟΑΒΜΙΝΑ
827 93 1114 132 POPULARIA.
1521 93 1609 138 679

192 207 326 249 Antea
356 209 432 249 huo
464 207 602 249 retuli:

359 289 587 343 Μέλπωμεν

358 353 559 398 Διόνυσον
583 349 867 410 ἆγλαόμορφον

319 432 327 436 ·
358 418 606 476 Βακχεύτορα
637 418 955 475 ξανθοκᾶρηνον.

72 521 175 560 quae
206 508 399 561 leguntur
428 508 471 547 in
501 519 572 546 ara
597 506 780 555 rotunda,
807 497 908 556 quite
935 518 1121 557 pompam
1148 505 1380 545 Bacchicam
1408 506 1606 557 sculptam
1632 502 1724 535 ¹3¹⁶

69 574 248 624 exhibet,
281 574 429 614 litteris
461 572 513 612 ad
543 571 801 622 antiquitatis
834 573 1005 623 speciem
1039 572 1217 623 scriptis:
1256 572 1334 611 iam
1367 572 1530 611 Boeckh
1562 571 1604 612 C.

68 638 194 681 lusor.
223 640 244 680 1
275 653 315 681 n.
348 630 402 680 38
436 636 504 692 (of.
537 638 660 678 etiam
692 638 821 678 Franz
851 639 978 679 Elem.
1011 638 1229 690 Epigraph.
1261 650 1299 678 n.
1333 634 1408 691 35)
1440 638 1604 677 titulum

57 705 174 745 huno
205 705 465 746 subditieium
497 716 584 744 esse
617 704 789 756 censuit,
827 705 974 756 quippe
1005 705 1075 756 qui
1105 705 1213 744 mala
1242 704 1385 746 fraude
1418 705 1471 744 sit
1502 717 1604 744 oom-

66 771 223 823 positus
254 772 305 812 ad
337 771 565 822 exemplum
597 770 748 821 hymni,
781 771 850 821 qui
881 770 994 810 extat
1022 770 1147 810 Anth.
1178 770 1263 809 Pal.
1294 769 1347 808 IX
1380 771 1482 809 524:

246 869 301 906 Μ
305 865 324 907 έ
330 870 351 907 λ
357 881 388 907 π
395 881 426 907 ω
435 882 463 918 μ
470 881 488 906 ε
495 882 520 906 ν
551 866 722 919 βασιλῆα
752 860 946 916 φιλεύϊον,
978 861 1192 918 εἰραφιῶτη
1197 880 1232 915 v,

244 927 487 985 ἆβροκόμην,
519 927 721 985 ἀγροῖκον,
751 926 950 982 ἀοίδιμον,
982 926 1007 971 ἆ
1014 947 1038 984 γ
1045 933 1066 970 λ
1074 946 1099 970 α
1107 926 1129 970 ό
1137 946 1165 981 μ
1173 945 1194 971 ο
1203 945 1225 982 ρ
1233 945 1264 982 φ
1272 945 1293 970 ο
1302 946 1326 970 ν
1333 959 1344 980 ,

241 994 431 1046 Βοιωτόν,
463 993 643 1049 βρόμιον,
674 997 701 1047 β
709 1012 735 1036 α
743 1011 766 1036 κ
774 1012 795 1049 χ
804 1011 820 1036 ε
827 992 881 1036 ύτ
888 1011 909 1037 ο
917 1012 940 1049 ρ
947 1012 972 1036 α
980 1025 992 1046 ,
1023 996 1308 1049 βοτρυοχαίτην
1328 1028 1336 1037 .
1358 1028 1366 1036 .
1387 1027 1396 1036 .

241 1060 492 1116 ξυστοβόλον,
525 1058 662 1113 ξυνόν,
694 1058 930 1115 ξενοδτότην,
962 1063 981 1111 ξ
989 1078 1014 1101 α
1021 1078 1045 1101 ν
1052 1065 1112 1102 θο
1119 1077 1142 1101 κ
1149 1058 1176 1101 οἱ
1183 1077 1205 1114 ρ
1214 1077 1238 1114 η
1247 1077 1271 1102 ν
1279 1077 1300 1102 ο
1308 1078 1343 1102 ν.

63 1158 198 1211 Atque
241 1158 388 1210 Conze,
427 1159 495 1210 qui
532 1160 835 1205 monumentum
876 1158 918 1197 in
958 1171 1095 1198 museo
1136 1158 1429 1198 Pembrokiano
1470 1158 1601 1198 denuo

65 1225 320 1275 examinavit,
352 1224 543 1265 Boeckhii
575 1225 837 1276 suspicionem
870 1236 948 1264 non
980 1237 1125 1264 vanam
1156 1224 1281 1264 fuisse
1311 1226 1497 1265 testatur.

185 1290 278 1330 Non
309 1291 442 1341 recepi
474 1291 726 1340 cantilenam,
758 1303 879 1342 quam
910 1290 1092 1330 Meineke
1124 1290 1180 1329 sic
1211 1290 1437 1330 constituit:

243 1381 410 1438 Mq'nov'
446 1374 490 1426 εὖ
523 1384 651 1438 ἕρδειν
682 1384 857 1439 γέροντα,
889 1383 987 1438 μηδὲ
1018 1385 1143 1425 παῖδα
1174 1380 1395 1437 βάσκανον,

243 1449 343 1503 μηδὲ
376 1452 526 1503 δαψιλῆ
559 1454 749 1505 γυναῖκα,
780 1449 879 1503 μηδὲ
910 1451 1084 1505 γείτονος
1114 1447 1235 1501 κύνα,

242 1514 295 1570 μὴ
328 1513 576 1570 κυβερνήτην
607 1517 822 1569 φίλυπνον,
853 1513 906 1569 μὴ
938 1513 1058 1558 λάλον
1087 1512 1337 1569 κωπηλάτην.

59 1608 159 1667 (vid.
190 1612 427 1664 Diogenian.
460 1612 519 1652 VI
553 1615 589 1653 6.
622 1613 731 1654 Suid.
763 1627 799 1653 v.
831 1610 1003 1666 ἄχρηστα
1035 1616 1076 1653 et
1106 1627 1143 1653 v.
1175 1607 1364 1666 μηδέποτ’
1399 1605 1454 1653 εὖ.
1496 1612 1599 1653 adde

31 1677 199 1735 *Arsen
239 1679 323 1718 356
373 1682 414 1718 et
455 1678 730 1730 Paroemiogr.
768 1679 808 1718 II
849 1679 934 1718 528
981 1679 1040 1718 ed.
1080 1673 1298 1732 Gotting.)3
1341 1678 1599 1729 proverbium

62 1743 160 1783 dicit
191 1744 312 1783 etiam
345 1745 513 1784 Aristot.
539 1745 653 1784 Rhet.
683 1744 702 1783 I
732 1746 802 1785 15:
835 1741 922 1786 οἷον
947 1745 988 1785 εἴ
1010 1760 1068 1793 τις
1098 1740 1357 1797 συμβουλεύει
1389 1739 1442 1795 μὴ
1473 1748 1595 1785 ποιεῖ-

62 1812 159 1849 σθαι
201 1809 319 1860 φίλον
362 1807 544 1862 γέροντα,
581 1805 704 1864 τούτῳ
745 1812 937 1863 μαρτυρεῖ
965 1805 992 1862 ἡ
1029 1808 1278 1861 παροιμία,
1315 1804 1505 1861 Μήποτ’
1547 1803 1597 1851 εὖ

60 1872 221 1926 ἕρδειν
263 1872 473 1928 γέροντα.
519 1896 567 1901 -
617 1874 767 1915 Contra
811 1877 931 1926 quod*
960 1877 1193 1916 Athenaeus
1236 1875 1312 1914 VH
1350 1877 1434 1915 325
1474 1876 1510 1915 D
1549 1889 1597 1916 ex

58 1940 283 1981 Chariclide
310 1940 459 1981 comico
494 1943 541 1980 ut
570 1941 732 1980 videtur
757 1946 878 1992 poeta
902 1943 1075 1994 profert:
1096 1935 1291 1993 Ἀθήνησι
1318 1938 1362 1980 δὲ
1386 1940 1452 1981 καὶ
1477 1938 1597 1990 τόπος

60 2021 117 2055 τις
151 2006 295 2059 Τρίγλα
326 2008 510 2063 καλεῖται,
541 2005 607 2046 καὶ
637 2002 782 2047 αὐτόθι
814 2006 917 2048 ἐστὶν
947 2004 1141 2059 ἀνάθημα
1171 2008 1217 2061 τῇ
1235 2001 1380 2060 Ἑκάτῃ
1408 2009 1595 2062 Τριγλαν-

54 2072 153 2128 θίνῃ
178 2068 311 2126 (Eust.
343 2074 470 2121 1197,
498 2073 554 2112 30
579 2068 854 2127 τριγλαθῆνῃ).
894 2069 957 2114 διὸ
989 2071 1052 2113 καὶ
1082 2071 1342 2124 Χαρικλείδης
1374 2071 1418 2112 ἐν
1442 2068 1595 2114 Ἁλύσει

57 2138 160 2190 φησί
166 2148 174 2156 “
207 2132 395 2178 Δέσποιν’
423 2132 569 2188 Ἑκάτη
600 2137 774 2188 τριοδῖτι,
804 2130 1006 2191 τρίμορφε,
1037 2131 1297 2190 τριπρόσωπε,
1328 2138 1497 2191 τρίγλαις
1527 2155 1595 2192 κη-

54 2201 222 2254 λευμένα
255 2199 332 2255 (ita
363 2202 446 2252 BC,
477 2200 695 2254 κηλευμὲνη
727 2203 833 2242 PVL
859 2200 993 2257 Eust.)
1025 2217 1105 2243 non
1137 2204 1187 2243 ab
1218 2203 1307 2253 ipso
1338 2207 1458 2253 poeta
1488 2205 1594 2245 vide-

57 2271 124 2307 tur
154 2268 393 2320 profectum,
425 2269 494 2307 sed
526 2281 574 2307 ex
604 2269 791 2318 populari
822 2269 1022 2308 cantilena.
1052 2269 1270 2309 adscitum:

462 2344 651 2391 Δέσποιν’
680 2345 828 2403 Ἑκάτη
860 2351 1033 2403 τριοδῖτι,

461 2415 650 2467 τρίμορφε
679 2412 771 2466 θεά,
804 2413 1062 2470 τριπρόσωπε,

460 2480 629 2534 τρίγλαις
660 2479 879 2534 κηλευμένα
911 2514 919 2523 .
953 2514 960 2522 .
993 2511 1002 2522 .

57 2586 112 2592 -
147 2565 308 2604 Titulus
340 2565 530 2604 Dodonae
561 2567 759 2615 repertus,
790 2565 839 2605 de
871 2579 949 2617 quo
980 2579 1070 2606 cum
1102 2566 1182 2618 alii,
1208 2569 1295 2607 tum
1322 2568 1464 2609 Kaibel
1491 2570 1593 2612 Mus.

57 2631 184 2671 Rhen.
217 2630 387 2670 XXXIV
423 2633 503 2670 197
538 2630 864 2681 disputaverunt:

66 2718 70 2724 '
463 2712 584 2767 Θεός·
614 2714 720 2771 τύχα.

403 2785 483 2823 Ζεῦ
515 2779 718 2835 Δωδώνης
748 2782 910 2836 μεδέων,

317 2844 430 2896 ,τόδε
462 2846 524 2889 σοὶ
556 2848 687 2901 δῶρον
717 2847 856 2902 πέμπω
887 2847 980 2904 παρ’
1015 2850 1112 2904 ἐμοῦ
