1864 3126
750 148 1099 188 BAccnYLmEs.
1408 172 1409 175 =
1600 148 1688 193 587

888 260 958 304 58.

276 347 428 390 Himer.
452 346 519 388 Or.
543 347 690 387 XXIX:
723 345 805 387 Καὶ
834 346 1042 403 Σιμωνίδῃ
1072 345 1140 387 καὶ
1170 345 1395 401 Βακχυλίδῃ
1426 341 1690 388 ἕσποῦδασται

27 420 35 429 “
120 424 127 426 “
155 406 180 455 τ’
213 408 327 463 πόλις
357 442 367 454 .
399 444 409 454 .
441 443 452 455 .
482 407 675 468 (Ἰουλίς.)

887 493 958 538 59.

276 580 407 623 Schol.
438 580 486 621 Π.
517 594 549 622 ω
575 582 681 621 496:
712 575 903 620 Πνθανὸν
933 579 1027 632 μίαν
1055 582 1180 619 τεκεῖν
1210 577 1508 631 ἐννεακαίδεκα,
1539 575 1612 632 οὐχ
1638 574 1692 629 ὥς

157 646 405 700 Βακχυλίδης
434 641 673 699 πεντήκοντα
701 647 770 698 τῆς
803 646 982 694 Θεανοῦς
1012 639 1238 698 ὑπογράφει
1267 644 1426 694 παῖδας.

815 760 1025 816 60.[51J

276 849 367 890 Soh.
388 848 460 889 Od.
481 864 512 901 φ
534 851 637 891 295:
661 848 909 902 Βακχυλίδης
928 845 972 888 δὲ
991 844 1189 903 διάφορον
1208 849 1328 893 οἴεται
1347 845 1415 890 τὸν
1434 845 1690 903 Εὐρυτίωνα·

156 912 256 967 φησὶ
273 910 349 968 γὰρ
368 913 656 964 ἕπιξενωθέντα
675 915 886 971 Δεξαμενῷ
905 910 983 966 (ita
1000 914 1166 965 Barnes,
1185 928 1222 955 v.
1243 910 1472 969 δεξάμενος)
1493 913 1536 955 ἐν
1557 911 1693 955 ’Ἠλιδι

154 975 387 1034 ὑβριστικῶς
417 979 658 1035 ἐπιχειρῆσαι
689 982 735 1036 τῇ
765 982 836 1022 τοῦ
867 979 1172 1034 ξενοδοχοῦντος
1201 978 1369 1034 θυγατρὶ
1394 978 1461 1020 καὶ
1486 975 1551 1020 διὰ
1576 982 1691 1021 τοῦτο

152 1041 233 1086 ὑπὸ
262 1040 503 1099 εΗροικλέους
540 1041 809 1099 ἀναιρεθῆναι
845 1044 1008 1102 καιρίως
1043 1048 1126 1094 τοῖς
1163 1045 1286 1094 οἴκοις
1327 1041 1566 1094 ἐπιστάντος.
1630 1045 1689 1087 Cf.

154 1111 272 1152 Eunt.
306 1113 432 1162 1909,
460 1113 528 1163 61,
558 1111 628 1151 ubi
659 1109 744 1152 ἐκεῖ
768 1125 840 1163 pro
872 1111 996 1159 οἴκοις
1026 1111 1187 1163 legitur.

817 1227 1027 1282 61.[52J

274 1314 361 1355 Sch.
387 1315 502 1356 Pind.
521 1314 664 1355 Isthm.
682 1315 740 1354 IV
761 1316 835 1355 92:
861 1310 991 1364 Ἰδίως
1020 1310 1089 1355 τὸν
1114 1309 1298 1355 Ἀνταῖόν
1323 1325 1422 1366 φησι
1447 1308 1692 1368 (Πίνδαρος)

154 1382 234 1421 τῶν
264 1378 389 1429 ξένων
418 1382 496 1421 τῶν
526 1375 758 1433 ἡττωμένων
787 1384 870 1429 τοῖς
884 1380 1074 1434 ,κρανίοις
1105 1377 1261 1432 ἔρὲφειν
1291 1375 1360 1420 τὸν
1389 1381 1460 1420 τοῦ
1493 1379 1695 1420 Ποσειδῶ-

156 1461 227 1495 νος
256 1442 374 1487 ναόν·
404 1448 518 1487 τοῦτο
547 1441 624 1499 γὰρ
648 1445 846 1498 ἱστοροῦσι
868 1441 939 1487 τὸν
967 1446 1104 1501 Θρᾷκα
1128 1441 1339 1498 Διομήδην
1363 1448 1506 1495 ποιεῖν,
1537 1446 1693 1497 Βακχυ-

155 1511 268 1564 λίδης
298 1509 343 1551 δὲ
373 1507 541 1563 Εὔηνον
571 1509 635 1551 ἐπὶ
665 1512 745 1551 τῶν
775 1510 1019 1563 Μαρπίσσης
1053 1505 1129 1563 (sic
1161 1511 1319 1562 Heyne,
1351 1525 1389 1553 v·
1420 1508 1691 1565 Μαρσίππης)

156 1574 406 1631 μνηστήρων,
437 1576 479 1618 οἷ
507 1573 551 1616 δὲ
585 1572 801 1629 Οἰνόμαον,
834 1571 887 1625 ὥς
916 1578 1142 1628 Σοφοκλῆς.

815 1692 1024 1747 62.[53]

276 1781 366 1820 Sch.
386 1780 517 1831 Apoll.
537 1780 612 1819 Rh;
631 1779 672 1818 ΙΙ
693 1781 796 1820 498:
826 1776 940 1828 Τινὲς
962 1777 1149 1832 τέσσαρας
1168 1775 1411 1832 Ἀρισταίους
1433 1780 1692 1832 γενεαλογοῦ-

156 1858 240 1896 σιν,
278 1840 332 1893 ὦς
367 1843 434 1885 καὶ
470 1845 735 1898 Βακχυλίδης·
772 1841 841 1885 τὸν
876 1842 948 1897 μὲν
984 1840 1215 1897 Καρύστου,
1255 1841 1375 1885 ἄλλον
1413 1842 1457 1884 δὲ
1491 1844 1693 1897 Χείρωνος

156 1907 232 1965 (sic
251 1911 295 1962 P,
316 1911 349 1950 L
370 1914 412 1950 et
430 1924 466 1951 v.
487 1908 694 1963 Χέρωνος,
725 1911 819 1950 fort.
845 1906 1131 1965 Χαίρωνος),
1156 1907 1276 1951 ἄλλον
1301 1907 1344 1950 δὲ
1368 1912 1451 1963 Γῆς
1475 1908 1542 1950 καὶ
1564 1906 1691 1962 Οὖρα-

155 1972 248 2029 νοῦ,
279 1974 345 2016 καὶ
375 1971 444 2017 τὸν
477 1973 522 2029 (l.
551 1970 751 2030 τέταρτον)
783 1972 984 2029 Κυρήνης.

817 2092 1027 2147 63.[54]
1079 2125 1085 2128 .

275 2178 431 2219 Gellius
456 2179 506 2219 N.
532 2178 580 2218 A.
607 2178 680 2218 XX
707 2182 751 2219 7:
782 2180 913 2230 „Nam
938 2179 1137 2220 Homerus
1163 2191 1308 2230 pueros
1334 2180 1571 2229 puellasque
1603 2180 1689 2218 eius

157 2238 352 2299 (Niobae)
382 2243 445 2283 bis
478 2256 593 2284 senos
625 2243 722 2283 dicit
758 2244 900 2294 fuisse,
937 2245 1149 2295 Euripides
1188 2244 1250 2283 bis
1288 2247 1492 2295 septenos,
1531 2244 1690 2295 Sappho

156 2309 218 2350 bis
250 2321 442 2360 novenos,
473 2309 736 2360 Bacchylides
768 2311 811 2350 et
840 2310 1036 2351 Pindarus
1068 2311 1131 2351 bis
1163 2307 1322 2350 denos.“

817 2425 886 2468 64.
919 2426 1025 2480 [55]
1422 2461 1427 2466 .
1601 2436 1689 2468 1243

276 2510 365 2550 Sch.
396 2510 558 2550 Hesiod.
591 2510 666 2550 Th.
698 2512 801 2550 914:
832 2506 1063 2563 ἹΙρπάσθαι
1094 2508 1137 2551 δὲ
1167 2507 1240 2564 τὴν
1272 2507 1536 2564 Περσεφόνην
1567 2509 1691 2562 φασὶν
1731 2506 1740 2514 '

160 2575 202 2616 οἱ
229 2573 300 2629 μὲν
332 2574 375 2615 ἐκ
403 2575 605 2626 Σικελίας,
636 2575 884 2629 Βακχυλίδης
915 2574 959 2616 δὲ
988 2575 1032 2617 ἐκ
1062 2572 1231 2629 Κρήτης.

891 2692 961 2735 65.

279 2776 360 2817 vit.
392 2778 508 2818 Hom.
538 2778 575 2816 V
605 2792 645 2829 p.
671 2779 726 2818 28
757 2772 971 2818 Wester'm‘.
1003 2773 1156 2830 (Cram.
1188 2776 1264 2819 An.
1296 2778 1387 2818 Par.
1412 2778 1473 2818 111
1501 2780 1570 2827 98,
1597 2775 1692 2833 15):

147 2838 356 2894 ’Όμηρος
388 2874 395 2882 .
429 2873 439 2883 .
472 2876 480 2884 .
510 2839 608 2883 κατὰ
639 2840 683 2882 δὲ
710 2842 967 2896 ’Βακχυλίδην
996 2841 1063 2883 καὶ
1089 2838 1353 2895 Ἀριστοτέλην
1375 2838 1446 2884 τὸν
1470 2839 1694 2896 φιλόσοφον

155 2902 318 2960 Ἰήτης-
