1864 3126
188 82 275 126 304
687 67 690 70 ’
755 82 945 118 POETAE
971 81 1146 119 MEmcI.

259 190 397 235 λάλον
429 189 605 241 πιόντες
633 187 758 247 ὕδωρ
971 204 1014 235 10
1039 190 1112 234 καὶ
1145 192 1225 235 τοῦ
1257 189 1664 247 μύρου-κορεσθείς

259 260 499 318 μεμηνότες
529 263 708 316 βοῶσιν.
1038 261 1111 305 καὶ
1142 263 1220 318 τῆς
1251 262 1355 318 ἐμῆς
1385 260 1558 318 ἑταίρης

259 331 343 389 ἐγώ
376 332 426 376 δὲ
455 334 537 376 τοῦ
571 334 744 376 Λυαίου
1039 322 1176 377 &est-us
1190 332 1309 376 θέλω
1342 334 1548 388 μανῆναι.

850 488 916 532 12.
950 489 1054 541 [14]

646 581 749 615 ΤΟΥ
771 582 941 616 ΑΤΤΟΤ
963 583 1056 616 ΕΙΣ
1078 583 1253 616 ΕΡΩΤΑ.

259 663 381 707 Θέλω
413 663 533 706 θέλω
566 664 763 718 φιλῆσαι.
1040 663 1299 722 ἐμαρνάμην
1319 661 1492 720 ’Ἑρωτί

258 732 400 778 ἔπειθ’
423 731 567 792 ’Ἑρως
598 738 748 791 φιλεῖν
779 752 846 791 με,
1039 733 1206 792 ἔβαλλ’,
1238 733 1323 791 ἐγὼ
1357 731 1398 778 δ’
1434 737 1642 790 ἔφευγον·

258 803 342 861 ἐγὼ
377 803 418 848 δ’
455 807 567 862 ἔχων
599 804 746 862 νόημα
1040 803 1099 858 ῶς
1119 803 1159 849 δ’
1185 803 1265 850 οὐκ
1286 803 1345 849 ἔτ’
1375 801 1455 862 εἶχ’
1479 802 1670 859 ὀϊστούς,

257 875 454 932 ἄβουλον
488 874 569 920 οὐκ
601 877 827 934 ἐπείσθην.
1039 875 1277 934 ἤσχαλλεν·
1309 874 1397 920 εἶθ’
1433 874 1593 920 ἑαυτόν

211 960 232 991 5
259 944 283 991 ὃ
317 945 358 991 δ’
394 944 511 990 εὐθὺ
542 948 672 1000 τόξον
703 946 815 1005 ἄρας
972 960 1014 991 15
1041 945 1213 1004 ἀφῆκεν
1244 950 1306 1000 είς
1330 947 1560 1004 βέλεμνον,

257 1017 331 1062 καὶ
363 1018 555 1075 χρυσέην
587 1020 814 1077 φαρέτρην
1041 1020 1173 1076 μέσος
1205 1018 1254 1063 δὲ
1284 1020 1469 1076 καρδίης
1499 1035 1581 1074 μευ

258 1089 373 1149 μάχῃ
406 1107 459 1146 με
488 1087 796 1147 προύκαλεῖτο.
1042 1093 1185 1147 ἔδυνε,
1216 1093 1295 1134 καί
1322 1088 1366 1146 μ’
1403 1087 1577 1133 ἔλυσεν·

254 1158 375 1217 κάγώ
408 1158 560 1215 λαβὼν
593 1158 659 1204 ἐπ’
695 1159 829 1217 ὤμων
1039 1161 1184 1218 μάτην
1217 1160 1261 1206 δ’
1298 1164 1381 1219 ἔχω
1413 1162 1583 1217 βοείην·

256 1229 447 1289 θώρηχ’,
479 1229 598 1283 ὅπως
625 1230 860 1288 Ἀχιλλεύς,
1039 1236 1085 1276 τί
1111 1231 1196 1289 γὰρ
1228 1231 1351 1289 βάλω
1385 1249 1461 1288 μιν
1494 1231 1590 1287 ἔξω,

189 1315 230 1346 10
255 1302 328 1346 καὶ
362 1305 505 1360 δοῦρα
535 1302 609 1346 καὶ
640 1305 795 1360 βοείην
969 1315 1013 1347 20
1040 1303 1181 1361 μάχης
1213 1300 1297 1347 ἔσω
1330 1300 1374 1360 μ’
1411 1301 1615 1359 ἐχούσης;

848 1458 914 1500 13.
948 1459 1053 1512 [32]
1622 1469 1713 1502 1053

630 1553 732 1587 TO‘P
754 1552 925 1586 ΑΤΤΟΤ
948 1553 1041 1586 ΕΙΣ
1064 1553 1274 1588 ΕΡΩΤΑΣ.

258 1648 318 1690 Εἰ
347 1644 495 1702 φύλλα
526 1643 671 1688 πάντα
700 1645 902 1703 δένδρων
1041 1645 1184 1704 μόνον
1215 1648 1310 1691 ποῶ
1342 1645 1565 1704 λογιστήν.

258 1718 486 1760 ἐπίστασαι
517 1724 753 1773 κατειπεῖν,
1040 1720 1218 1776 πρῶτον
1249 1716 1330 1774 μὲν
1362 1719 1406 1771 ἐξ
1435 1716 1641 1774 Ἀθηνῶν

259 1790 300 1831 εἰ
328 1785 487 1845 κύματ’
524 1785 650 1839 οἶδας
681 1782 829 1845 ε’ὑρεῖν
1041 1791 1205 1846 ἔρωτας
1236 1794 1403 1834 εἴκοσιν
1433 1788 1514 1841 θές
1625 1840 1633 1849 θ

256 1857 309 1902 τὰ
341 1861 419 1915 τῆς
450 1857 555 1915 ὅλης
585 1857 830 1915 θαλάσσης,
1038 1859 1112 1903 καὶ
1143 1858 1441 1904 πεντεκαίδεκ’
1477 1858 1651 1913 ἄλλους.

211 1942 231 1974 5
259 1929 308 1974 σὲ
338 1933 429 1974 τῶν
461 1931 579 1986 ἐμῶν
611 1928 788 1987 ἐρώτων
970 1943 1014 1974 10
1041 1933 1188 1974 ἔπειτα
1219 1929 1261 1974 δ’
1297 1932 1344 1975 ἐκ
1374 1935 1613 1989 Κορίνθου

191 2116 235 2122 -
274 2095 318 2131 V.
358 2099 390 2131 3.
437 2094 605 2142 βοῶντα,
647 2093 847 2140 speciosius
892 2106 1004 2140 quam
1047 2095 1170 2131 verius
1208 2095 1366 2142 Bentley
1409 2097 1575 2144 βοῶσαν,
1614 2096 1713 2133 idem

189 2154 263 2178 non
288 2144 389 2179 reete
415 2155 448 2179 v.
477 2146 497 2177 6
524 2143 562 2178 et
588 2147 607 2178 ‘1
634 2139 789 2183 πιόντας
813 2138 916 2188 ὕδωρ
943 2141 1156 2188 μεμηνότας
1181 2144 1315 2190 βοῆσαι
1341 2143 1513 2180 coniecit.

285 2229 340 2261 12.
390 2225 435 2262 V.
462 2229 483 2261 2
515 2225 594 2261 cod.
630 2221 713 2261 ἐπεὶ
743 2221 789 2260 θ’
825 2222 916 2271 ε’ρως
947 2228 1054 2271 φιλεῖ
1081 2238 1144 2272 με,
1176 2237 1266 2262 corr.
1294 2226 1516 2272 Stephanus.
1543 2246 1587 2252 —
1621 2226 1664 2263 V.
1690 2229 1714 2262 4

190 2273 271 2309 eod.
296 2285 351 2319 pr.
379 2270 553 2318 ἐπίσθην.
581 2294 624 2298 -
651 2273 696 2308 V.
724 2277 755 2308 6.
782 2271 942 2318 χρυσέην
970 2272 1199 2318 Stephanus,
1226 2273 1306 2310 cod.
1333 2275 1498 2320 χρυσίην.
1525 2295 1568 2300 -
1595 2273 1639 2310 V.
1669 2278 1713 2310 10

188 2322 227 2356 et
250 2333 283 2357 v.
311 2325 357 2356 20
383 2320 462 2355 οοᾶ.
484 2331 595 2366 supra
615 2319 735 2368 βοΐην.
755 2340 799 2346 --
821 2320 864 2356 V.
887 2323 942 2356 14.
968 2318 1049 2356 εἶθ’
1072 2320 1294 2367 Stephanus,
1321 2321 1400 2358 eod.
1422 2318 1506 2357 εἴτ’.
1529 2341 1572 2347 -
1592 2320 1636 2357 V.
1658 2325 1712 2356 15.

188 2367 253 2413 εἰς,
278 2368 392 2404 Pauw
418 2365 476 2408 ὡς.
505 2388 549 2394 --
574 2367 618 2403 V.
647 2371 701 2404 16.
727 2368 885 2413 καρδίης
909 2380 979 2413 μευ
1007 2368 1238 2414 Stephanus,
1270 2368 1349 2404 eod.
1375 2369 1533 2414 κραδίης
1557 2368 1640 2414 μεῦ.
1668 2388 1711 2395 --

188 2416 231 2452 V.
254 2419 308 2451 17.
336 2414 478 2460 ἔλυσεν,
504 2415 633 2451 Iacobs
659 2413 800 2461 ἔλῃσεν.
822 2433 867 2441 —-
893 2415 935 2451 V.
959 2419 1012 2451 18.
1043 2414 1142 2463 βάλω
1169 2429 1232 2461 μιν
1258 2415 1390 2461 scripsi
1414 2415 1452 2461 (i.
1473 2427 1503 2451 e.
1524 2427 1611 2461 περι
1651 2413 1712 2450 'lm

191 2459 358 2508 ἀσπίδα),
379 2462 459 2500 cod.
486 2460 662 2509 βάλομεν,
688 2462 898 2508 Stephanus
927 2459 1134 2510 βαλώμεθ’,
1160 2462 1387 2498 Boissonade
1406 2461 1593 2511 λάβωμεν,
1674 2472 1712 2497 se

192 2508 293 2556 λάβω
319 2523 395 2556 μιν,
419 2509 535 2555 vulgo
561 2506 743 2556 βάλωμεν.
771 2530 815 2536 -
842 2509 886 2545 V.
913 2513 970 2546 20.
995 2509 1106 2546 Haud
1131 2510 1206 2546 scio
1232 2521 1279 2546 an
1305 2510 1366 2546 hic
1392 2510 1572 2556 repetitus
1597 2509 1711 2545 fuerit

190 2569 318 2593 versus
343 2555 462 2593 θέλω
488 2555 607 2592 θέλω
634 2557 847 2602 φιλῆσαι,
877 2557 916 2592 in
948 2568 1020 2602 quo
1040 2557 1158 2595 ‚cardo
1183 2557 1300 2593 totius
1331 2555 1506 2593 carminis
1530 2557 1711 2600 versatur,

190 2605 502 2649 quemadmodum
534 2605 572 2640 et
595 2603 636 2639 hi
660 2604 923 2652 Anacreontici
955 2606 1088 2650 poetae
1121 2606 1160 2641 et
1192 2603 1358 2641 Catullus
1382 2603 1542 2650 primum
1565 2614 1710 2640 versum

189 2651 272 2689 loco
297 2651 502 2689 novissimo
528 2650 663 2687 iterare
690 2651 821 2687 solent.

287 2739 340 2770 13.
391 2734 478 2770 cod.
506 2731 594 2769 ἄλλο
630 2734 696 2770 τοῦ
723 2730 852 2769 αὐτοῦ.
886 2735 930 2770 ·et
960 2733 1000 2769 in
1030 2745 1145 2780 marg.
1172 2735 1240 2770 τοῦ
1266 2730 1384 2770 αὐτοῦ
1410 2732 1464 2774 εἰς
1489 2732 1638 2779 ἔρωτας.
1664 2755 1708 2760 -

191 2782 234 2817 V.
262 2786 294 2817 3.
326 2779 466 2828 κύματ’
496 2779 603 2822 οἶδας
634 2781 822 2826 Davisius,
855 2781 937 2817 eod.
969 2782 1207 2827 κυμαθῶδες.
1244 2802 1287 2807 -
1319 2781 1362 2816 V.
1389 2784 1421 2816 4.
1454 2779 1499 2816 τὰ
1527 2781 1712 2826 Davisius,

190 2830 270 2864 cod.
297 2826 351 2864 τὸ.
372 2849 417 2855 --
443 2829 486 2865 V.
508 2834 542 2865 6.
567 2829 648 2864 ποῶ
675 2829 755 2864 eod.
782 2849 828 2855 —
853 2831 894 2864 V.
917 2833 937 2864 9
962 2828 1048 2864 fort.
1074 2828 1198 2865 aliena
1223 2840 1335 2864 manu
1361 2827 1520 2864 additus.
1543 2849 1586 2855 -—
1607 2829 1650 2865 V.
1667 2833 1707 2864 11
