1864 3126
194 155 282 199 220
538 186 540 190 .
759 160 951 197 ΡΟΕΤΑΕ
979 162 1154 200 MELICI.

833 270 938 313 ²⁸35.
973 271 1076 325 [96.]

288 377 310 380 -
335 364 359 381 υ
382 364 407 381 U
430 378 452 382 -
479 349 492 394 (
493 365 847 385 υυυυυυυυ
847 351 861 396 )
885 368 910 385 U
932 368 957 386 υ
981 381 1004 387 —

287 436 309 440 -
334 437 357 440 ,-
382 424 406 440 U
429 423 453 441 kl
478 425 1025 446 ------------
1049 442 1071 447 .-
1095 430 1120 447 U
1143 430 1167 448 υ
1190 444 1213 450 ,-

290 468 477 522 4Μοῦσα,
510 465 566 511 σύ
599 467 681 524 μὲν
714 504 1098 516 ..........
1103 487 1106 490 ’
1130 471 1221 529 μετ’
1258 475 1365 530 ἐμοῦ

286 540 495 582 κλείουσα
531 541 655 584 θεῶν
693 557 739 584 τε
769 539 940 598 γάμους
977 540 1159 600 ἀνδρῶν
1190 561 1236 588 τε
1269 546 1421 597 δαῖτας
1450 545 1524 589 καὶ
1555 537 1717 599 θαλίας

1041 613 1264 671 μακάρων.

829 720 935 764 *36.
971 722 1074 776 [75.]
1574 760 1578 763 «
1645 735 1715 767 984

284 863 307 888 »ι
338 863 361 888 ss
392 864 414 888 20<
435 845 569 891 Ὅταν
599 842 707 905 ἦρος
739 846 833 907 ὥρᾳ
863 851 1026 908 κελαδῇ
1058 850 1259 907 χελιδών.

287 978 345 1013 Fr.
373 982 427 1014 35.
479 978 665 1024 Aristoph.
691 979 776 1014 Pac.
802 991 835 1015 v.
865 982 948 1015 775:
984 979 1139 1026 Μοῦσα,
1171 977 1216 1016 σὺ
1248 979 1316 1027 μὲν
1348 979 1531 1023 πολέμους
1561 978 1713 1018 α’πωσα-

190 1023 281 1070 μένη
309 1022 390 1071 μετ’
420 1023 511 1071 ἐμοῦ
535 1028 539 1071 Ι
562 1026 628 1061 τοῦ
655 1027 766 1071 φίλου
792 1023 974 1072 χόρευσον
997 1030 1001 1071 Ι
1025 1029 1199 1063 κλείουσα
1217 1029 1324 1064 θεῶν
1342 1042 1380 1064 τε
1403 1026 1544 1074 γάμους
1562 1026 1713 1075 ἀνδρῶν

190 1085 227 1107 τε
261 1074 393 1113 δαῖτας
420 1074 425 1120 Ι
459 1073 523 1108 καὶ
554 1075 692 1114 θαλίας
723 1071 920 1119 μακάρων·
959 1075 1017 1110 σοὶ
1048 1073 1120 1120 γὰρ
1152 1073 1240 1111 τάδ’
1269 1073 1307 1119 ἐξ
1340 1073 1455 1133 ἀρχῆς
1486 1075 1598 1122 μέλει.
1648 1077 1714 1113 ubi

190 1119 329 1156 Schol.:
365 1121 504 1156 Μοῦσα
536 1119 580 1156 σὺ
611 1120 680 1167 μὲν
712 1120 894 1169 πολέμου]
926 1119 968 1157 τὸ
994 1136 1015 1167 χ
1041 1120 1133 1167 πρὸς
1164 1120 1231 1168 τὴν
1263 1120 1428 1169 άλλαγην
1459 1125 1525 1159 τοῦ
1558 1122 1711 1170 μέτρου·

189 1163 284 1213 αὕτη
311 1166 353 1203 δὲ
379 1165 498 1213 πλοκή
526 1165 602 1204 ἐστι
627 1168 691 1204 καὶ
719 1167 874 1204 ἔλαθεν·
902 1166 1050 1214 σφόδρα
1077 1169 1119 1206 δὲ
1145 1169 1340 1216 γλαφυρὸν
1363 1173 1525 1217 εἴρηται,
1551 1171 1615 1206 καὶ
1636 1170 1713 1207 ἔστι

187 1212 450 1261 Στησιχόρειος
476 1216 574 1261 (Ald.
590 1213 870 1263 στησιχόρειον).
903 1217 1080 1253 Scholion
1098 1218 1263 1263 graviter
1283 1218 1467 1263 vitiatum,
1494 1230 1578 1254 cum
1601 1219 1712 1255 libra·

186 1262 263 1298 rius
293 1263 552 1299 adnotationes
584 1263 744 1309 margini
774 1263 983 1310 adscriptas
1016 1266 1054 1300 et
1090 1265 1274 1311 dispersas
1305 1267 1445 1301 temere
1477 1266 1711 1312 conglutina-

186 1310 314 1346 visset.
363 1311 435 1346 Pro
467 1308 678 1355 πλοκή’1110
711 1312 748 1346 et
772 1310 870 1347 infra
895 1325 927 1347 v.
955 1315 1024 1348 800
1050 1312 1285 1348 scribendum
1316 1310 1605 1359 παραπλοκή,
1637 1325 1711 1359 quo

185 1357 367 1393 vocabulo
393 1359 546 1393 utuntur
570 1358 749 1404 rhetoreS,
775 1358 806 1393 si
830 1359 995 1404 pedestri
1019 1360 1179 1395 orationi
1202 1362 1335 1405 poetae
1361 1360 1476 1396 verba
1499 1361 1712 1396 inseruntur

186 1406 224 1440 et
262 1405 607 1451 accommodantur,
646 1405 718 1441 vid.
752 1405 926 1452 Hermog.
959 1406 1045 1451 περὶ
1076 1406 1190 1442 ἰδεῶν
1221 1407 1256 1442 II
1287 1420 1322 1453 p.
1349 1411 1417 1443 362
1437 1419 1512 1453 seq.
1546 1407 1607 1454 Sp.
1652 1408 1711 1443 Ad

186 1453 345 1488 eundem
376 1453 528 1488 modum
561 1453 620 1488 hic
651 1453 815 1489 comicus
846 1455 959 1499 poeta
987 1454 1190 1490 Stesichori
1221 1455 1387 1490 versibus
1420 1455 1551 1499 utitur,
1583 1455 1710 1500 itaque

184 1499 386 1545 legendum
411 1497 506 1546 αὕτη
533 1498 576 1536 δὲ
602 1499 719 1546 πλοκή
747 1498 824 1536 ἐστι
849 1499 1124 1547 Στησιχόρειος.
1169 1501 1241 1537 Sed
1267 1502 1472 1538 Stesichori
1495 1503 1600 1538 locus
1626 1513 1710 1538 cum

185 1547 299 1583 fuerit
329 1547 482 1592 nobilis,
513 1547 618 1584 nullo
648 1550 760 1594 pacto
792 1549 857 1583 καὶ
884 1547 1022 1584 ἔλαθεν
1054 1549 1127 1584 dici
1152 1548 1294 1595 potuit:
1326 1549 1447 1595 possis
1473 1550 1520 1585 ad
1546 1546 1710 1595 ἀλλαγὴν

186 1595 323 1640 μέτρου
348 1595 501 1640 referre,
537 1607 624 1630 nam
650 1596 918 1642 Aristophanes
949 1608 1119 1632 numeros
1150 1597 1383 1641 immutavit,
1415 1609 1498 1632 cum
1524 1597 1710 1633 encomio-

184 1643 309 1688 logico
329 1654 464 1688 genere
484 1643 771 1688 ithyphallicum
798 1643 987 1689 copulans,
1014 1644 1079 1679 sed
1098 1644 1160 1689 qui
1182 1643 1433 1680 Stesichoreos
1451 1645 1581 1680 modos
1606 1645 1708 1681 tene-

184 1690 261 1735 bat,
285 1690 325 1725 id
344 1690 454 1725 facile
474 1690 795 1726 animadverterit:
821 1691 948 1736 itaque
969 1690 1133 1737 corrigo:
1159 1688 1200 1726 τὸ
1220 1694 1259 1726 Χ
1281 1692 1388 1737 (haec
1406 1693 1496 1727 nota
1514 1703 1589 1727 non
1608 1694 1707 1737 apta,

185 1739 266 1773 erat
291 1737 423 1783 opinor
447 1738 573 1784 Diple)
600 1735 692 1782 πρὸς
716 1735 784 1783 τὴν
810 1735 973 1783 ἀλλαγὴν
998 1739 1065 1774 τοῦ
1092 1737 1243 1783 μέτρου·
1271 1736 1422 1784 σφόδρα
1447 1737 1489 1775 δὲ
1515 1736 1710 1784 γλαφυρόν

186 1782 263 1820 ἐστι
288 1785 354 1820 καὶ
380 1782 534 1830 ἐνῆρται
561 1783 757 1821 Φαλλικόν.
796 1786 932 1821 Contra
958 1787 1048 1821 nota
1071 1789 1111 1820 X
1132 1786 1303 1822 convenit
1327 1799 1361 1823 v.
1390 1791 1456 1833 777
1483 1786 1548 1822 ubi
1574 1785 1708 1822 schol.:

184 1833 388 1879 Κλείουσα]
421 1829 479 1868 ὅτι
511 1829 676 1877 σύνηθες
707 1827 755 1877 ἦν
786 1837 882 1873 τοῖς
912 1835 1127 1874 παλαιοῖς
1157 1830 1267 1882 ᾄδειν
1291 1834 1396 1869 θεῶν
1422 1846 1460 1869 τε
1487 1834 1551 1869 καὶ
1576 1831 1709 1879 ἡρώων

185 1877 336 1924 γάμους.
373 1880 595 1926 σημειοῦται
626 1879 668 1915 δὲ
701 1881 819 1915 ταῦτα
845 1877 864 1915 ὁ
891 1878 1053 1926 Μόχθος
1083 1878 1176 1926 πρὸς
1199 1877 1287 1921 τοὺς
1313 1878 1549 1922 οἷθετοῧντας
1573 1879 1642 1926 τὴν
1669 1879 1710 1917 ἐν

180 1924 377 1972 Ὀδυσσείᾳ
400 1925 532 1971 ’Ἄρεως
563 1927 625 1962 καὶ
657 1924 869 1973 Ἀφροδίτης
901 1929 1083 1973 μοιχείαν.
1133 1939 1359 1973 quamquam
1389 1929 1482 1964 haec
1515 1928 1710 1964 adnotatio

183 1973 340 2020 Apionis
362 1974 594 2010 Stesichoreo
621 1974 887 2010 commentario
912 1974 1201 2020 convenientior,
1226 1987 1340 2020 quam
1358 1975 1644 2021 Aristophaneo.
1663 1996 1708 2002 —

183 2021 227 2057 V.
251 2026 282 2057 1.
307 2022 447 2057 Μοῦσα
472 2022 587 2057 etiam
612 2022 654 2057 fr.
675 2026 721 2057 44
745 2022 901 2067 legitur,
934 2024 1081 2058 rectene
1107 2033 1155 2058 an
1180 2033 1285 2058 secus
1309 2023 1510 2066 incertum,
1536 2023 1708 2068 equidem

183 2080 303 2114 neque
328 2069 449 2104 Μῶσα
474 2081 595 2114 neque
619 2072 748 2104 Μοῖσα
779 2069 972 2105 restituere
1004 2069 1140 2113 ausim,
1173 2069 1238 2105 sed
1269 2070 1403 2105 deinde
1430 2066 1519 2116 ἐμεῦ
1547 2069 1708 2106 scriben-

185 2117 284 2152 dum.
319 2117 369 2151 Et
386 2116 424 2151 in
449 2116 569 2162 primo
595 2117 746 2161 quidem
771 2127 880 2152 versu
898 2115 1159 2162 Aristophanis
1184 2118 1332 2152 tantum
1351 2117 1477 2153 Musae
1502 2117 1707 2153 invocatio-

183 2175 269 2199 nem
294 2175 497 2209 congruere
527 2175 611 2199 cum
637 2163 871 2200 Stesichoreo
898 2164 1060 2200 carmine
1087 2163 1258 2200 existimo
1285 2164 1471 2210 (Hartung
1495 2164 1707 2201 Stesichoro

182 2211 297 2247 etiam
322 2211 437 2247 verba
461 2210 647 2257 πολέμους
666 2208 897 2258 ἀπωσαμένη
921 2211 1081 2258 tribuit),
1107 2215 1147 2247 at
1165 2224 1198 2247 v.
1215 2215 1282 2248 777
1303 2222 1388 2246 cum
1407 2211 1563 2248 dimidio
1583 2224 1616 2248 v.
1639 2215 1706 2247 778

183 2259 330 2304 integer
361 2259 502 2304 petitus
535 2270 579 2294 ex
606 2259 817 2295 Stesichoro
848 2258 1008 2294 videtur.
1059 2259 1125 2294 Est
1158 2260 1285 2294 autem
1315 2258 1416 2295 haud
1447 2259 1559 2295 dubie
1584 2259 1707 2305 ipsum

182 2306 254 2342 hoc
279 2306 471 2388 exord}um
498 2305 677 2350 Orestiae,
704 2306 781 2342 sive
807 2305 928 2352 prima
952 2307 1117 2352 stropha,
1143 2306 1202 2342 cui
1226 2306 1338 2352 plane
1362 2306 1563 2352 respondet
1587 2307 1629 2342 fr.
1649 2310 1706 2352 34,

183 2353 228 2390 cf.
256 2353 369 2389 etiam
410 2366 437 2389 r.
465 2357 522 2389 35.
712 2366 714 2368 “

277 2401 335 2437 Fr.
361 2405 419 2437 36.
471 2400 594 2437 Schol.
620 2401 808 2447 Aristoph.
835 2402 918 2438 Pac.
945 2414 977 2437 v.
1005 2405 1090 2437 800:
1127 2398 1219 2436 ὅταν
1243 2397 1355 2447 ἠρινὰ
1378 2399 1450 2458 μὲν
1476 2401 1583 2448 φωνῇ
1610 2403 1706 2446 χελι-

183 2445 263 2483 δὼν
284 2445 441 2504 ἑζομένῃ
460 2448 636 2495 nezamyss:
664 2448 739 2484 Καὶ
765 2445 859 2494 αὕτη
879 2446 997 2494 πλοκὴ
1020 2450 1101 2494 (scr.
1122 2449 1407 2494 παραπλοκη)
1427 2444 1706 2494 Στησιχόρειος·

183 2495 274 2540 φησὶ
298 2492 370 2541 γὰρ
396 2492 528 2536 ου’τως·
556 2492 648 2531 ὅταν
668 2499 742 2533 κτλ.
781 2497 890 2532 Haud
916 2496 1026 2531 dubie
1047 2497 1104 2531 est
1129 2507 1174 2531 ex
1199 2495 1330 2531 eodem
1349 2493 1517 2531 Orestiae
1543 2495 1704 2538 exordio,

181 2543 247 2578 ubi
284 2546 398 2588 poeta
435 2555 518 2578 cum
550 2543 696 2578 Musam
727 2542 893 2586 invocat,
933 2543 1124 2579 commode
1161 2542 1389 2578 mentionem
1422 2542 1543 2578 facere
1580 2541 1708 2587 potuit

181 2590 287 2626 verni
305 2590 494 2636 temporis.
523 2590 566 2626 cf.
588 2590 701 2626 etiam
721 2591 764 2625 fr.
786 2595 840 2628 37.
869 2591 1041 2627 Fortasse
1066 2601 1193 2626 versus
1219 2590 1338 2626 tribus
1363 2589 1589 2635 logaoedicis
1615 2589 1706 2634 colis

182 2638 380 2673 constabat
403 2638 451 2673 ad
476 2638 573 2673 hunc
598 2638 765 2673 modum:

464 2710 1389 2733 ,Δυυ-υ--Δυυ-υ-Δυυ-υ--

182 2767 495 2810 quemadmodum
521 2768 636 2804 etiam
654 2767 923 2814 Aristophanes
948 2767 987 2803 in
1013 2767 1143 2803 eodem
1161 2767 1269 2803 Pacis
1295 2765 1440 2802 cantico
1465 2778 1498 2802 v.
1521 2769 1588 2802 785
1613 2766 1705 2802 item

182 2814 256 2850 tria
291 2815 372 2850 cola
408 2816 628 2860 logaoedica
660 2816 866 2852 coniunxit:
905 2812 1001 2861 μήθ’
1034 2812 1204 2850 ὑπάκουε
1236 2810 1324 2860 μήτ’
1357 2812 1471 2860 ἔλθῃς
1505 2811 1705 2859 συνέριθος

182 2858 328 2904 αὐτοῖς,
349 2859 455 2915 ,ἀλλὰ
486 2860 613 2909 νόμιζε
646 2860 802 2904 πάντας.
854 2863 950 2899 Olim
979 2858 1071 2898 ὅταν
1096 2857 1184 2907 ἦρος
1209 2858 1353 2909 ὡραία
1383 2861 1523 2907 κελαδῇ
1549 2857 1704 2906 χελιδών

181 2918 370 2954 proposui.
