1864 3126
198 134 284 177 288
305 176 307 178 ,
519 154 521 158 ⁴
764 133 957 170 POETAE
982 133 1158 170 MELICI.

198 246 287 287 οἴαν
305 243 479 299 ’Όμηρος
516 243 586 298 μὲν
618 242 816 298 Ἀθηνᾶν,
854 242 1054 286 Διόνυσον
1091 244 1134 285 δὲ
1166 242 1387 298 Ἀνακρέων
1423 242 1648 299 Εὐριπιδης
1684 260 1722 287 τε

198 311 361 359 ἔδειξαν.

918 403 1012 446 126.

317 490 467 528 Himer.
500 488 566 528 Or.
598 489 635 526 V
667 491 711 528 3:
743 484 972 540 (Ἔσπευδε)
1006 486 1076 540 μὲν
1102 485 1323 540 Ἀνακρέων
1354 488 1409 536 εἰς
1440 485 1721 541 Πολυκράτους

198 550 443 605 στελλόμενος
474 549 542 593 τὸν
574 551 695 606 μέγαν
725 550 966 596 Ξάνθιππον
996 552 1364 606 προσφθέγξασθαι,
1394 549 1472 606 ἡδὺ
1503 549 1540 592 δ’
1574 546 1627 605 ἦν
1655 551 1723 593 καὶ

199 615 390 672 Πινδάρῳ
422 621 648 670 προσειπεῖν
678 614 754 670 πρὸ
785 620 854 658 τοῦ
885 615 982 666 Διὸς
1012 614 1080 658 τὸν
1104 614 1274 671 Ἱέρωνα.

830 734 1093 787 127.[143]

317 820 486 859 Photius
519 822 617 868 570,
652 822 722 858 13:
771 816 1013 859 Ταντάλου
1057 816 1275 859 τάλαντα·
1319 815 1506 867 πλούσιος
1549 814 1569 858 ὃ
1615 815 1724 871 Φρὺξ

202 882 398 933 Τάνταλος
437 882 681 938 διεβεβόητο,
729 887 932 932 Πλουτοῦς
968 883 1034 923 καὶ
1070 881 1166 932 Διὸς
1203 881 1429 938 λεγόμενος·
1470 882 1649 936 κέχρηται
1681 881 1724 922 δὲ

196 954 241 1005 τῇ
266 951 455 1005 παροιμία
479 949 545 990 καὶ
565 947 787 1002 Ἀνακρέων
813 949 856 989 ἐν
880 946 935 1003 γ’,
965 948 1100 1003 γέγονε
1126 948 1168 989 δὲ
1193 946 1300 1002 παρὰ
1323 946 1365 989 τὸ
1392 946 1518 1001 ὄνομα
1543 946 1724 1000 τάλαντα,

199 1013 252 1064 ὡς
276 1015 342 1056 καὶ
366 1011 473 1068 παρὰ
498 1017 550 1070 τῷ
573 1018 732 1070 κωμικῷ
757 1016 919 1067 εἴρηται·
955 1012 1011 1053 Τὰ
1041 1012 1241 1055 Ταντάλου
1265 1011 1432 1054 τάλαντα
1457 1015 1724 1062 τανταλίζεται.

199 1081 257 1120 Cf.
290 1081 471 1131 Apostol.
502 1081 595 1118 XIV
630 1082 694 1120 16.
729 1080 871 1119 Suidas
903 1095 940 1120 v.
974 1076 1033 1119 Τὰ
1073 1076 1273 1119 Ταντάλου
1311 1075 1514 1133 (τάλαντα)
1553 1080 1724 1119 τανταλί-

198 1147 309 1193 ζεται.
370 1147 512 1186 Arsen.
544 1147 642 1185 443.
1270 1172 1274 1176 -
1761 1154 1763 1156 ’

807 1261 1093 1314 -128.[144]

242 1380 245 1384 .
319 1348 460 1387 Zenob.
492 1348 527 1385 V
563 1350 636 1386 20:
675 1345 813 1421 Μέγα
853 1350 1028 1398 φρονεῖ
1060 1348 1238 1397 μᾶλλον
1273 1342 1299 1398 ἢ
1339 1342 1524 1397 Πηλεὺς
1561 1344 1636 1384 ἐπὶ
1670 1348 1722 1400 τῇ

199 1413 419 1466 μαχαίρα
451 1410 662 1464 Μέμνηται
692 1408 833 1462 ταύτης
860 1407 1098 1465 Ανακρέων·
1130 1410 1196 1451 καὶ
1227 1411 1430 1462 Πίνδαρος
1461 1409 1504 1450 ἐν
1535 1412 1722 1463 Νεμεονι-

198 1482 286 1526 καῖς
325 1474 403 1532 (IV
444 1474 536 1529 95)·
576 1475 673 1528 φασὶ
710 1474 752 1515 δὲ
789 1472 914 1527 αὐτὴν
956 1473 1034 1517 ὑπὸ
1073 1473 1292 1528 Ηφαίστου
1334 1473 1550 1529 γενομένην
1593 1476 1724 1527 δῶρον

199 1546 331 1595 Πηλεῖ
367 1539 630 1594 σωφροσύνης
668 1539 780 1580 ε’νεκα
822 1555 930 1592 παρα
972 1545 1049 1582 τῶν
1090 1543 1199 1581 θεῶν
1242 1541 1431 1592 δοθῆναι
1471 1539 1498 1594 ῂ
1528 1536 1725 1592 χρώμενος

198 1605 327 1648 πάντα
356 1602 567 1660 κατωρθου
597 1606 663 1646 καὶ
694 1606 737 1646 ἐν
767 1610 850 1666 ταῖς
887 1604 1026 1659 μάχαις
1062 1605 1129 1646 καὶ
1165 1605 1207 1645 ἐν
1245 1609 1329 1653 ταῖς
1358 1601 1514 1656 θήραις.
1577 1604 1636 1643 Cf.
1666 1605 1724 1643 ibi

199 1675 364 1724 interpr.
424 1674 539 1712 Adde
570 1674 711 1713 Arsen.
746 1674 825 1712 351
863 1674 904 1711 et
935 1673 1115 1712 Paroem.
1141 1672 1272 1710 Miller
1304 1670 1414 1709 Misc.
1448 1672 1544 1710 366.

851 1795 1084 1848 129.[12]

318 1881 469 1919 Himer.
497 1879 564 1920 Or.
589 1880 685 1918 XIV
710 1882 755 1919 4:
788 1882 881 1919 Νῦν
907 1879 985 1919 ἔδει
1017 1895 1082 1932 μοι
1116 1880 1248 1931 Τηΐων
1279 1880 1418 1930 μελῶν,
1444 1879 1519 1917 νῦν
1549 1876 1627 1916 ἔδει
1658 1892 1723 1928 μοι

200 1948 267 1997 τῆς
293 1942 571 1996 Ἀνακρέοντος
601 1941 739 1996 λύρας,
776 1940 828 1995 ἣν
866 1941 960 1985 ὅταν
999 1941 1077 1984 ὑπὸ
1109 1944 1303 1983 παιδικῶν
1334 1942 1480 1989 ἐκεῖνος
1510 1938 1724 1994 ὑπεροφθῇ

199 2026 305 2061 ποτε,
335 2009 401 2050 καὶ
430 2005 512 2049 κατ’
556 2005 686 2048 αὐτῶν
719 2005 899 2062 Ἐρώτων
936 2005 1044 2049 οἶδεν
1080 2005 1345 2061 ἁρμόσασθαι·
1384 2003 1496 2046 εἶπον
1532 2002 1584 2045 ι’ὶν
1624 2001 1723 2058 πρὸς

201 2072 345 2123 αὐτοὺς
375 2071 420 2115 τὰ
452 2074 604 2114 ἐκείνου
637 2070 803 2127 ῥήματα·
835 2069 1068 2126 “Υβρισταὶ
1107 2072 1184 2112 καὶ
1223 2069 1484 2111 ἀτάσθαλοι
1523 2069 1600 2110 καὶ
1639 2065 1725 2110 οὐκ

201 2138 396 2192 εἰδότες,
440 2135 510 2190 ἐφ’
558 2135 639 2187 οὓς
681 2135 732 2178 τὰ
776 2137 888 2191 βέλη
931 2136 1231 2179 κυκλῶσεσθε
1269 2133 1484 2191 (pluralem
1515 2148 1723 2175 numerum

201 2207 379 2256 sophista
410 2205 666 2245 substissuisse
698 2200 888 2257 videtur).
918 2201 1015 2256 τάχα
1047 2200 1083 2243 δ’
1119 2199 1170 2243 ἂν
1200 2201 1266 2242 καὶ
1295 2198 1487 2254 ἠπείλησα
1515 2197 1587 2252 τὴν
1618 2196 1725 2239 ἆπει-

142 2273 150 2280 ‘
200 2269 292 2324 λήν,
330 2267 382 2322 ἣν
414 2267 637 2321 Ἀνακρέων
678 2265 833 2308 ἀπειλεῖ
867 2272 948 2317 τοῖς
979 2266 1152 2320 ’Ἐρωσιν
1184 2266 1300 2320 (haec
1330 2267 1438 2305 haud
1475 2266 1594 2304 dubie
1624 2265 1723 2304 refe-

201 2338 324 2376 lenda
356 2341 450 2375 sunt
480 2337 529 2374 ad
560 2336 609 2374 fx.
643 2337 698 2374 24
730 2338 771 2374 ei:
803 2330 895 2388 25)·
934 2333 1081 2381 ἐκεῖνος
1118 2329 1192 2387 γάρ
1229 2346 1321 2372 ποτε
1359 2329 1538 2382 ἐρασθεὶς
1568 2326 1724 2381 ἐφήβου

200 2404 337 2451 καλοῦ,
369 2396 577 2452 ἐπειδήπερ
609 2396 711 2452 ἒωρα
735 2396 804 2439 τὸν
828 2398 982 2451 ἔφηβον
1006 2395 1138 2452 ὀλίγον
1163 2393 1284 2436 αυτοῦ
1311 2395 1576 2471 φροντίζοντα,
1601 2389 1725 2446 λύραν

201 2463 374 2519 αρμόσας
404 2462 552 2517 ἠπείλει
582 2468 662 2512 τοῖς
682 2461 875 2541 ”Ερωσιν,
913 2464 948 2504 εἰ
983 2460 1034 2516 μὴ
1073 2459 1177 2502 αὐτῶ
1213 2457 1457 2513 τιτρώσκοιεν
1488 2453 1625 2498 αὐτίκα
1654 2453 1724 2496 τὸν

201 2532 368 2584 ε’φηβον,
400 2529 532 2582 μηκέτι
563 2528 675 2582 μέλος
706 2526 888 2581 εὔφημον
919 2529 973 2576 εἰς
1004 2524 1147 2575 αὖτοὺς
1178 2521 1513 2577 ἆνακρούσασθαι.

835 2656 1098 2709 130.[132]

321 2746 450 2784 Sehol.
482 2744 597 2783 Hom.
629 2742 700 2781 Od.
731 2745 762 2780 θ
794 2744 900 2781 294:
943 2739 1023 2779 Καὶ
1060 2736 1283 2791 Ἀνακρέων
1326 2734 1368 2776 δὲ
1411 2731 1464 2782 ὡς
1505 2736 1724 2785 πολεμικῶν

203 2808 336 2850 ’ὅπλων
365 2809 534 2862 τεχνίτας
565 2802 762 2860 (Σίντιας)
794 2804 998 2858 μέμνηται·
1030 2805 1073 2844 τί
1101 2820 1196 2856 μοι,
1227 2802 1343 2854 φησί,
1380 2802 1469 2839 τῶν
1505 2795 1725 2852 ἀγκύλων

203 2872 349 2922 τόξων
380 2873 666 2927 φιλοκίμεως
703 2869 780 2911 καὶ
811 2872 1017 2910 Σκυθῶν
1055 2868 1199 2922 μέλεις
1236 2868 1340 2907 unde
1377 2867 1597 2904 Buttmann
1634 2865 1725 2904 scri-
