1864 3126
165 127 251 170 278
518 156 520 160 -
732 127 924 163 ΡΟΕΤΑΕ
950 127 1126 164 MELICI.

823 236 1029 289 85.[86]

262 316 412 361 Πάλαι
443 306 539 361 ποτ’
574 311 689 374 ἦσαν
721 316 899 374 ἄλκιμοι
932 316 1159 374 Μιλήσιοι.

825 437 893 480 86.
927 437 1032 490 [84.]

264 517 355 561 Καὶ
385 517 610 574 θάλαμος,
643 519 691 562 ἐν
722 520 781 578 τῷ
814 526 959 578 κεῖνος
990 516 1072 562 οὐκ
1104 521 1284 574 ἔγημεν,
1316 515 1413 562 ἀλλ’
1450 492 1652 574 ἐγήματο.

827 639 895 680 87.
928 638 1034 691 [87.]
1601 648 1692 681 1032

264 722 403 775 Κνίζη
435 736 500 770 τις
531 717 617 775 ἤδη
650 718 724 762 καὶ
754 718 937 775 πέπειρα
969 721 1150 776 γίνομαι

384 787 469 846 σὴν
502 788 576 833 διὰ
609 789 912 847 μαργοσύνην.

830 910 1036 962 88.[88]

218 1046 228 1053 ς
267 989 365 1035 Κού
397 970 646 1047 μοκλὸν-έν
678 990 845 1049 θύρῃσι
879 992 1052 1048 διξῇσιν
1084 989 1235 1046 βαλών

386 1060 550 1119 ἥσυχος
580 1061 805 1106 καθεύδει.

269 1216 326 1251 F.r
354 1219 411 1251 85.
460 1214 594 1251 Zenob.
615 1215 729 1250 V80:
756 1212 906 1250 Πάλαι
931 1212 1029 1251 ποτ’
1057 1206 1170 1271 ἦσαν
1195 1211 1231 1249 ἄ.
1258 1217 1310 1250 Μ.
1335 1215 1429 1250 Φασὶ
1455 1213 1545 1256 τούς
1569 1216 1700 1260 Κᾶρας

175 1261 477 1319 πολεμουμένους
501 1259 577 1298 ὑπὸ
605 1263 769 1319 Δαρείου
801 1263 868 1297 τοῦ
894 1261 1043 1307 Πέρσου
1075 1259 1172 1296 κατά
1205 1275 1290 1296 τινα
1322 1260 1489 1297 παλαιὰν
1518 1264 1699 1308 μαντείαν

176 1310 379 1356 εἰρημένην
404 1306 534 1350 αυτοῖς
559 1322 646 1349 τους
671 1306 950 1369 αλκιμωτάτους
975 1308 1216 1355 προσθέσθαι
1241 1307 1459 1365 συμμάχους
1492 1307 1621 1346 ἐλθεῖν
1647 1309 1736 1351 εἰς]

176 1358 406 1414 Βραγχίδας
411 1357 475 1392 καὶ
500 1355 566 1392 τὸν
594 1354 679 1392 ἐκεῖ
697 1355 796 1392 θεὸν
823 1354 1024 1413 ἐρωτῆσαι,
1057 1355 1093 1391 εἰ
1115 1357 1323 1414 Μιλησίους
1334 1354 1583 1416 πρόσθοιντο
1610 1369 1699 1417 συμ-

176 1403 334 1451 μάχονς·
369 1402 435 1440 τὸν
467 1403 509 1439 δὲ
541 1401 841 1448 αποκρίνασθαι·
876 1401 1022 1439 Παλαι
1053 1400 1152 1439 ποτ’
1180 1397 1293 1448 ἦσαν
1326 1400 1362 1440 ἅ
1389 1407 1441 1440 Μ.
1476 1399 1585 1445 οὗτος
1609 1403 1651 1440 δε
1679 1401 1699 1440 ὁ

176 1454 297 1498 στίχος
331 1453 478 1506 εἴρηται
507 1449 549 1487 τὰ
582 1449 766 1497 πρότερον
803 1465 906 1495 παρα
940 1448 1238 1508 Ἀνακρέοντι.
1289 1451 1353 1486 ubi
1385 1451 1458 1487 vid.
1489 1452 1699 1509 interpreti.

178 1500 232 1535 Cf.
257 1499 426 1557 inprimis
454 1498 536 1534 sch.
561 1499 624 1534 Ar.
651 1499 746 1534 Ρ1111.
775 1503 886 1535 10021
925 1495 1119 1544 Ἰσχυροί
1140 1495 1237 1534 ποτ’
1265 1492 1380 1544 ἦσαν
1407 1497 1451 1534 οἷ
1473 1501 1537 1555 M,
1563 1497 1613 1540 ὡς
1637 1499 1702 1534 καὶ

124 1586 129 1590 ,
174 1544 389 1603 Ἀνακρέων.
439 1547 564 1591 ibique
590 1557 717 1582 versus
736 1558 810 1582 non
830 1546 910 1581 sine
935 1546 1117 1581 varietate
1137 1546 1298 1590 affertur,
1317 1545 1478 1601 primum
1497 1527 1594 1603 ἦσαν
1612 1543 1699 1582 ποτ’

176 1589 272 1639 ἦσαν
299 1591 334 1630 ἄ.
361 1597 413 1629 M.
441 1594 507 1639 (sio
532 1593 647 1630 etiam
672 1593 847 1630 Philoshr.
874 1593 940 1629 vib.
968 1593 1041 1639 Sop
1044 1594 1079 1628 11.
1106 1594 1123 1628 Ι
1148 1595 1219 1638 22),
1245 1574 1325 1628 111111
1351 1590 1468 1628 παλαι
1492 1590 1577 1629 ποτ’
1604 1589 1701 1638 ἦσαν

178 1640 214 1677 ἄ.
242 1644 293 1678 M
321 1642 432 1686 atque
458 1641 554 1677 hanc
579 1641 802 1686 scripturam
826 1652 902 1676 non
934 1640 1054 1676 solum
1080 1639 1231 1677 Diodor.
1263 1640 1349 1676 Exc.
1378 1640 1496 1678 Vatio.
1530 1652 1560 1676 c.
1586 1645 1631 1677 47
1664 1642 1703 1676 ef.

179 1689 352 1734 synesius
378 1701 411 1734 p.
438 1688 546 1724 2280
572 1688 765 1733 exhibent,
791 1689 856 1724 sed
882 1688 997 1723 etiam
1021 1688 1237 1723 Athenaeus
1269 1687 1336 1722 XII
1361 1688 1466 1723 5231(Ἱ
1498 1688 1702 1724 Aristotele

178 1736 331 1772 auctore
361 1748 466 1771 usus:
499 1734 548 1776 ὡς
585 1734 623 1770 δ’
658 1717 887 1794 ὑπήχθησαν
918 1732 1036 1782 ἡδονῇ
1069 1734 1134 1770 καὶ
1165 1735 1305 1782 τρυφῇ,
1339 1733 1523 1780 κατερρύη
1562 1733 1603 1771 τὸ
1638 1735 1703 1793 τῆς

179 1780 324 1823 πόλεως
354 1779 548 1839 ἀνδρεῖον,
568 1783 702 1839 φησὶν
730 1781 988 1827 Ἀριστοτέλης,
1026 1782 1091 1817 καὶ
1122 1784 1304 1828 παροιμία
1329 1795 1384 1823 τις
1414 1779 1604 1828 ἐγεννήθη
1637 1779 1700 1819 ἐπ’

179 1827 325 1865 αὐτῶν·
352 1827 469 1865 πάλαι
496 1843 531 1866 π.
559 1824 582 1874 ἦ
609 1829 645 1866 ἄ.
672 1833 724 1865 M.
775 1841 870 1875 quae
903 1830 1004 1865 haud.
1039 1829 1150 1865 dubie
1185 1840 1229 1864 ex
1263 1829 1359 1865 libro
1396 1829 1442 1865 de
1472 1829 1702 1866 Milesiorum

177 1876 370 1928 republica
395 1877 584 1921 descripta
603 1877 869 1922 ε11111,111,(1111
894 1877 1002 1912 huius
1022 1876 1142 1922 operis
1161 1876 1339 1920 reliquias
1359 1877 1601 1922 collegerunt,
1627 1877 1702 1912 exi-

179 1925 353 1968 sizimanb3
380 1936 466 1960 nam
490 1924 586 1959 liber
610 1906 700 1969 περί
721 1924 935 1970 παροιμιῶν
962 1923 1108 1959 videtur
1131 1924 1476 1969 pseudepigraphus
1501 1924 1628 1969 fuisse,
1658 1936 1703 1959 ex

180 1971 266 2007 aliis
291 1953 504 2007 Aristotelis
527 1971 632 2006 libris
657 1971 909 2007 concinnatus.
958 1970 1204 2006 Anacreontis
1237 1970 1269 2006 si
1299 1981 1429 2006 revera,
1454 1972 1512 2006 est
1535 1971 1597 2007 hic
1621 1982 1702 2006 ver-

180 2031 252 2062 sus,
277 2015 379 2055 ποκ’
408 2018 654 2055 scribendum.
694 2018 796 2062 Quae
821 2018 866 2053 de
893 2017 1034 2054 oraculi
1054 2017 1216 2054 dichione
1236 2018 1416 2062 ferunbur,
1441 2017 1703 2054 commenticia.

185 2068 312 2102 censet
337 2066 379 2102 G
405 2065 524 2102 Wolff
545 2065 724 2111 Porphyr.
752 2077 786 2111 p.
814 2069 858 2101 74
872 2077 945 2110 seq.

273 2114 331 2150 Fr.
359 2118 413 2149 86.
466 2114 634 2148 Ammon.
659 2125 695 2158 p.
723 2117 766 2148 37
788 2112 845 2148 ed.
866 2112 1020 2148 Valcka
1041 2108 1290 2157 Ἀνακρέων
1315 2109 1503 2157 διασύρων
1528 2125 1612 2148 τινα
1639 2109 1703 2148 ἐπὶ

181 2157 381 2206 θηλύτητι·
420 2160 508 2195 Καὶ
533 2163 607 2196 κτλ.
652 2160 792 2196 Eadem
816 2159 1015 2195 Herodian.
1043 2159 1082 2194 in
1106 2159 1273 2195 Boisson.
1300 2160 1368 2195 An.
1395 2159 1550 2195 111263.
1587 2159 1702 2196 Bach-

180 2220 293 2243 mann
319 2209 386 2243 An.
413 2208 446 2242 II
473 2211 552 2243 375.
593 2207 680 2243 Cod.
708 2207 867 2243 Vindob.
893 2219 927 2242 n.
954 2210 1034 2242 205.
1073 2206 1146 2252 Ety
1149 2219 1195 2242 m.
1221 2206 1316 2242 Gud.
1343 2211 1423 2250 125,
1443 2211 1466 2241 4
1491 2206 1703 2254 (corruptis

182 2254 289 2299 sime)
318 2256 678 2300 ο1Ε1181.1678,59.
709 2275 751 2281 -
776 2253 959 2300 θάλαμος,
983 2251 1160 2312 θαλαμον
1185 2254 1301 2298 Ε1181.,
1325 2252 1516 2300 θαλαμοις
1534 2255 1704 2290 Ammon.

182 2322 227 2328 -
255 2303 305 2349 τῷ
333 2302 466 2348 scripsi
489 2283 690 2347 praee’unbe
715 2301 905 2345 Elmsleio,
930 2301 1044 2358 vulgo
1069 2315 1107 2349 ῳ.

279 2339 337 2386 Fr.
367 2354 422 2386 87.
474 2350 595 2396 Etym.
616 2350 664 2384 M.
685 2352 765 2406 523,
785 2353 826 2384 4:
851 2346 893 2384 τὸ
913 2347 956 2384 δὲ
976 2338 1104 2393 κνύζα,
1131 2345 1179 2388 ὡς
1198 2346 1300 2393 λέγει
1314 2345 1557 2406 Ηρωδιανός,
1584 2348 1620 2384 εἰ
1636 2362 1705 2395 μεν

184 2395 246 2432 ἐπὶ
278 2397 345 2432 τοῦ
380 2397 522 2442 φυτοῦ,
559 2393 729 2454 συγκοπή
760 2393 836 2432 ε’στι
864 2425 870 2432 .
900 2424 908 2432 .
937 2424 945 2431 .
972 2394 1009 2431 εἰ
1035 2394 1077 2431 δε
1111 2392 1173 2431 ἐπὶ
1197 2396 1264 2430 τοῦ
1263 2394 1615 2460 noeosqaoffaqpe'vov
1640 2395 1705 2430 καὶ

182 2441 462 2500 έρρυπωμένου,
490 2457 535 2479 ου
563 2441 730 2499 συγκοπή
748 2441 874 2499 ἐστιν,
901 2439 982 2478 ἀλλ’
1010 2439 1086 2478 vind
1113 2443 1179 2478 τοῦ
1204 2440 1323 2478 κνύω·
1354 2456 1411 2484 αφ
1460 2454 1504 2478 ου
1536 2455 1649 2483 κνυος
1682 2440 1704 2487 ἡ

182 2490 330 2536 φθορά·
365 2492 509 2536 γίνεται
542 2488 701 2536 κνύζα,
734 2488 782 2531 ὡς
813 2472 916 2535 παρὰ
954 2486 1243 2547 Ἀνακρέοντι
1275 2487 1324 2525 ἐν
1357 2488 1520 2539 ἰάμβῳ·
1543 2487 1704 2548 Κνυζη

185 2538 251 2581 (sic
276 2537 343 2573 DV
371 2538 482 2582 Flor.,
509 2538 624 2584 vulgo
642 2539 761 2583 κνίζη,
786 2538 937 2573 L‘obeck
956 2534 1077 2582 κνιζὴ)
1096 2550 1126 2571 τ.
1146 2534 1180 2581 ἤ.
1202 2550 1235 2572 κ.
1261 2535 1456 2595 πέπειροι
1480 2535 1703 2594 γενομένη

187 2585 233 2629 (D
259 2583 442 2631 γεγνομή,
473 2567 570 2622 Flor.
597 2586 764 2643 γίνομαι)
795 2583 1176 2642 σ.δ.μ.Ε1181.Ο(1.
1205 2588 1313 2628 1746,
1342 2582 1472 2619 13:11
1501 2585 1624 2627 κνίζα,
1656 2580 1707 2625 ὥς

185 2633 293 2677 σχίζω
320 2634 436 2678 σχίζα,
459 2629 726 2677 Ἀνακρέων·
754 2633 893 2677 Κνίζη
919 2645 949 2667 τ
968 2629 1002 2676 ἥ.
1024 2645 1057 2667 κ.
1077 2644 1114 2667 π.
1141 2633 1378 2677 γίνομαισ
1398 2633 1430 2666 δ.
1451 2644 1486 2676 μ.
1513 2630 1567 2666 De
1586 2631 1706 2667 forma
1771 2639 1774 2641 ’

186 2678 348 2723 πέπειρα
375 2679 449 2716 vid
475 2679 672 2716 Herodian.
698 2679 783 2723 περὶ
803 2676 949 2735 διχρόν.
975 2683 1054 2714 358.

278 2727 335 2763 Fr.
362 2731 418 2763 88.
469 2727 597 2766 Zonar.
626 2731 734 2762 1512.
763 2723 841 2761 Τὸν
868 2724 910 2762 δὲ
936 2723 1096 2783 μοχλὸντ
1100 2722 1141 2760 ἐν
1167 2726 1218 2772 τῷ
1245 2738 1266 2771 χ
1284 2724 1349 2760 καὶ
1370 2720 1520 2760 Ἀττικοὶ
1539 2724 1603 2760 καὶ
1622 2729 1705 2760 Δω-

183 2778 273 2816 ριεῖς
305 2774 370 2809 καὶ
392 2771 528 2816 ”,Ιωνες
560 2772 657 2831 πλὴν
685 2771 1018 2829 Ἀνακρέοντος·
1051 2767 1162 2813 οὗτος
1192 2762 1234 2808 δὲ
1269 2769 1380 2818 μόνος
1411 2770 1545 2816 σχεδὸν
1585 2773 1635 2807 τῶ
1669 2786 1702 2808 κ.

184 2818 392 2865 Ζηνόδοτος
416 2820 458 2857 δὲ
485 2819 672 2868 (μοχλόν)·
698 2820 785 2857 Καὶ
816 2833 866 2856 ου
893 2817 1059 2866 μοκλὸν
1093 2817 1139 2855 έν
1170 2816 1331 2898 οὔρησι
1363 2820 1514 2866 δίζῃσι
1549 2821 1582 2864 β.
1607 2833 1644 2865 η.
1670 2833 1703 2856 κ.

184 2877 278 2910 quae
304 2869 455 2904 correxi.
