1864 3126
0 0 61 78 τηε

576 142 799 179 CARMINA
826 141 1113 180 POPULARIA.
1523 141 1611 185 665

809 253 879 298 27.

174 339 220 381 Ω
249 338 295 380 τί
321 333 521 393 πάσχεις;
554 332 613 392 μὴ
647 335 827 395 προδῷς
857 332 984 391 ἄμμ’,
1018 333 1219 379 ἱκετεύω·

171 406 278 466 πρὶν
308 406 383 451 καὶ
414 404 550 464 μολὲν
582 414 749 461 κεῖνον,
780 403 968 450 ἀνίστω·

76 526 120 564 V.
147 530 180 564 8.
206 521 282 562 ἀπὸ
309 525 411 561 λαῶν
437 525 576 570 Haupt,
602 520 678 560 ἀπὸ
704 524 799 560 λαοῦ
819 523 999 569 Scaliger,
1025 520 1196 560 ἀλαῶπιν
1217 524 1430 571 Sopingius.
1453 524 1556 562 -V.
1578 529 1612 563 4.

75 570 280 620 ἀνώνυμον
312 572 463 619 scripsi,
489 573 511 608 i.
539 583 570 608 e.
598 569 842 618 δυσώνυμον,
879 571 1077 617 legebatur
1101 567 1331 619 α’νωνύμιον,
1370 583 1466 618 quae
1491 572 1614 609 forma.

76 621 172 659 aiis·
197 631 270 657 non
297 620 449 667 legitur,
483 619 547 656 sed
573 630 656 655 eam
690 616 903 663 ἐπωνύμιος
933 620 973 655 et
1004 614 1214 666 εὖωνῦμιος
1245 622 1415 664 tuentur,
1454 620 1519 656 sed
1553 620 1615 656 hic

77 671 178 707 certe
202 665 423 715 οἷνωνυμίαν
455 667 654 704 dicendum
686 667 774 703 fuit:
807 667 942 703 deinde
976 668 1102 703 autem
1133 667 1217 714 ipsa
1247 667 1437 704 sententia.
1469 667 1614 713 aliquid

77 718 207 755 deesse
231 717 373 763 arguit,
398 728 486 752 nam
512 715 713 762 permirum
740 716 814 760 est,
846 714 1000 760 strigem
1024 715 1183 751 navibus
1210 715 1380 761 immitti,
1413 715 1514 761 quod
1541 726 1615 752 non

76 766 167 802 satis
197 764 390 802 commode
415 763 552 799 Mtiller
583 763 782 809 explanare
813 762 975 807 studuit,
1012 762 1141 808 itaque
1178 761 1358 809 ἐχθρῶν
1397 763 1536 805 adieci,
1575 765 1617 799 ut

77 813 139 850 hio
177 824 304 850 versus
342 810 542 848 novissimo
580 811 630 846 sit
671 822 750 857 par.
790 831 833 836 —
872 810 1027 846 Frustra
1070 810 1162 846 haec
1203 811 1251 847 ad
1290 811 1431 847 heroici
1470 810 1616 847 numeri

77 861 200 907 legem
232 871 406 896 revocare
440 859 564 895 conati
596 860 684 894 sunt
709 870 793 894 cum
826 857 988 904 priores,
1020 859 1062 894 ut
1086 858 1296 902 Turnebus,
1331 858 1515 905 Scaliger,
1549 859 1614 894 So·

77 908 245 967 pingius,
277 909 357 944 tum
376 907 512 965 ,Haupt
536 903 691 952 Σφίγγ’
719 902 960 963 ἀποπέμπειν
991 918 1101 941 νυκτι
1127 902 1216 950 όαν,
1255 903 1325 942 τὰν
1364 907 1448 951 σφί
1469 903 1507 951 γ’
1535 903 1613 942 α’πό

36 990 41 993 s
77 957 179 993 λαῶν
214 958 331 1000 Ορνιν
363 967 592 1000 ανωνυμιον,
623 951 766 1000 σφίγγ’
795 950 1018 1011 ωκυπόρους
1049 950 1097 989 ἐπ
1122 954 1248 999 ’νῆας,
1300 955 1338 990 et,
1362 953 1441 989 Mffl
1460 965 1516 997 er,
1551 954 1616 999 qui

78 1004 227 1063 scripsit
258 1001 413 1050 Σφίγγ’
449 999 711 1048 ἀποπομπεῐν,
745 1014 1027 1047 νυκτικορωνην
1053 998 1198 1047 σφίγγ’
1227 998 1304 1037 ἀπὸ
1338 1001 1458 1046 λαῶν,
1487 998 1615 1046 Ὀρνιν

78 1049 280 1098 ἅνωνυμον
313 1048 534 1094 ὠκυπόρους
566 1048 628 1087 ἐπὶ
660 1050 754 1095 νῆας
791 1047 1020 1085 ἐλαύνειν.
1050 1070 1091 1074 -
1118 1049 1226 1085 Aliae
1253 1049 1462 1085 cantilenae
1488 1060 1615 1094 super-

79 1100 251 1136 stitiosae
279 1099 339 1134 vel
363 1098 524 1134 heroicis
551 1097 718 1134 versibus
742 1098 930 1141 constant,
961 1097 1065 1132 velut
1097 1096 1198 1141 quod
1223 1096 1397 1133 Meineke
1423 1108 1468 1133 ex
1493 1095 1617 1132 Plinio

78 1148 122 1184 Η.
152 1148 196 1184 N.
222 1146 397 1183 XXXVII
427 1149 492 1182 100
518 1145 734 1192 adscripsit:

334 1214 494 1263 φεύγετε
522 1218 775 1263 κανθαρίδες·
801 1214 915 1257 λύκος
939 1213 1069 1262 ἄγριος
1094 1211 1192 1262 ὔμμε
1220 1213 1362 1252 διώκει.

79 1287 191 1337 (ὔμμε
212 1288 384 1326 Meineke
403 1289 563 1335 scripsit,
583 1287 694 1334 Sinig
713 1285 828 1334 ἄμμε,
854 1301 887 1324 ν.
908 1299 953 1324 ex
972 1286 1193 1333 Delecampi
1211 1287 1472 1323 emendatione
1492 1285 1614 1333 αἷμα.)

79 1338 141 1374 vel
166 1337 330 1374 numeris
355 1337 507 1373 omnino
531 1348 605 1373 non
631 1335 814 1372 adstricta
832 1338 928 1380 sunt,
955 1335 1060 1371 velut
1081 1335 1180 1393 quod
1201 1337 1257 1371 est
1275 1335 1375 1381 apud
1395 1333 1614 1371 Marcellum

81 1385 219 1431 Empir.
245 1397 281 1431 p.
308 1389 378 1421 279
405 1386 461 1421 ed.
489 1384 636 1430 Steph.:
662 1384 796 1429 φεῦγε,
821 1384 958 1429 φεῦγε·
986 1385 1101 1428 κριθη
1128 1394 1167 1418 σε
1195 1378 1338 1418 διώκει.
1387 1382 1488 1419 idem
1513 1383 1615 1428 quod

82 1433 294 1469 Alexander
319 1432 434 1468 Trall.
455 1432 488 1467 X
513 1445 548 1478 p.
569 1436 638 1468 296
664 1431 720 1468 ed.
749 1431 876 1477 Steph.
904 1430 1067 1474 exhibet,
1093 1430 1226 1476 φεῦγε,
1253 1430 1387 1476 φεῦγε,
1413 1427 1485 1475 ἰού,
1511 1427 1614 1476 χολή.

80 1478 103 1527 ἡ
131 1477 339 1527 κορύδαλος
365 1478 487 1527 ἐζήτει
512 1482 754 1525 (quamquam
779 1480 850 1515 hoc
875 1478 997 1526 possis
1022 1477 1070 1515 nd
1096 1488 1268 1514 numeros
1293 1488 1488 1514 revocare:

313 1552 451 1598 φεῦγε,
478 1547 607 1598 φεῦγ’,
634 1549 712 1597 ἰού,
738 1548 846 1597 χολή·
873 1547 892 1586 ὁ
919 1546 1150 1594 κορύδαλλός
1175 1561 1214 1585 σε
1243 1551 1376 1595 ζητεῖ).

80 1623 158 1661 alia
187 1624 227 1660 id
258 1636 392 1671 genus;
429 1623 534 1659 velut
563 1622 694 1658 morbo
719 1622 1000 1658 averruncando
1025 1621 1185 1658 fortasse
1211 1620 1325 1658 etiam
1357 1620 1618 1658 inserviebant

81 1682 218 1718 graeca
235 1671 432 1715 vocabula,
458 1681 553 1716 quae
574 1670 725 1707 exhibet
742 1669 943 1706 frustulum
963 1669 1116 1709 chartae
1136 1667 1359 1715 Aegyptiae,
1379 1669 1479 1714 quod
1498 1668 1617 1705 edidit

81 1719 334 1757 'Pischendorf
356 1719 437 1756 cod.
465 1718 596 1754 Sinait.
623 1718 699 1755 tab.
725 1718 794 1754 XX
821 1722 859 1754 7:

652 1790 715 1826 ΕΚ
719 1791 808 1825 ΤΕΙ
810 1789 898 1826 ΝΕΙ

652 1838 1010 1874 ΠΕΡΙΚΕΦΑΛΑΙΑ

652 1887 802 1920 B‘I'PCA

580 1934 743 1970 ΕΚΤΟΟ
764 1933 927 1969 ΕΚΤΟΟ
949 1932 1056 1969 NOG

655 1982 792 2016 ΟΤΝΧ
791 1981 841 2017 ΕΙ

653 2029 851 2064 ΠωΓωΝ

656 2078 717 2111 HI
718 2076 843 2112 ΘΕΟΟ

656 2124 888 2162 ΗΜῙΞΕΟΟ

83 2196 144 2233 vel
169 2196 328 2242 denique
354 2195 555 2232 admodum
582 2193 729 2231 novicia.
754 2197 855 2241 sunt,
883 2195 987 2232 velut
1010 2196 1111 2242 apud
1136 2194 1354 2232 Marcellum
1381 2207 1415 2240 p.
1443 2198 1532 2230 307:

467 2264 584 2301 Εἶδον
609 2267 762 2312 τριμερῆ
788 2263 948 2312 χρύσεον
977 2265 1178 2303 Τοάναδον

468 2313 532 2349 καὶ
557 2311 814 2359 ταρταρούχου
840 2311 973 2350 ἄκεσιν
1001 2311 1267 2350 Τουσοὶναδον·

468 2358 587 2397 σῶσόν
613 2374 657 2407 με
685 2359 815 2407 σεμνέ,
843 2359 1024 2407 νερτέρων
1051 2359 1249 2407 ὑπέρτατε.

87 2434 151 2469 ubi
178 2446 212 2469 v.
242 2439 259 2469 1
287 2434 558 2479 τρίμορφον,
590 2444 623 2469 ν.
650 2435 671 2467 2
697 2434 1017 2478 ταρταροῦχον
1043 2429 1235 2469 «ἱκέσιον
1261 2431 1495 2469 scribendum
1523 2430 1621 2467 vide-

87 2484 165 2525 tur3
191 2478 322 2517 ἄκεσιν
348 2480 455 2516 deest
478 2480 518 2516 in
543 2480 600 2515 ed.
627 2479 892 2525 Stephaniana,
919 2480 985 2516 sed
1010 2480 1148 2526 legitur
1173 2480 1212 2516 in
1238 2480 1295 2516 ed.
1322 2479 1434 2516 Basil.
1459 2500 1499 2504 —
1528 2478 1622 2514 Item

87 2529 190 2564 aliud
216 2528 412 2564 trimetron
438 2526 577 2563 ibidem
604 2539 638 2573 p.
664 2531 753 2563 378:

455 2596 552 2640 Θεὸς
577 2596 724 2635 κελεύει
750 2596 800 2644 μὴ
826 2596 934 2635 κύειν
959 2600 1080 2635 κῶλον
1106 2596 1258 2640 πόνους.

89 2671 254 2707 Barbara
280 2672 404 2707 autem
431 2671 470 2705 «t
494 2669 898 2710 semibarbaeearmina
922 2669 1010 2705 hinc
1036 2670 1186 2706 omnino
1212 2669 1454 2715 segreganda..

185 2719 243 2756 Fr.
277 2722 333 2754 27.
386 2718 520 2754 Athen.
560 2717 627 2752 XV
667 2720 735 2753 69⁸1
758 2717 802 2753 B:
843 2711 964 2758 Οὗτος
1001 2714 1074 2763 γὰρ
1113 2715 1179 2758 τὰς
1216 2715 1485 2762 καπυρωτέρας
1521 2713 1624 2765 ᾠδὰς

90 2763 299 2810 ἀσπάζεται
319 2766 458 2812 μᾶλλον
478 2765 552 2800 τῶν
580 2761 915 2811 ἐσπουδασμένων·
942 2762 1025 2800 οἷαί
1046 2763 1141 2801 εἰσιν
1167 2763 1217 2800 αἱ
1238 2764 1461 2810 Λοκρικαὶ
1487 2762 1623 2800 καλοῦ·

91 2826 215 2859 μεναι,
241 2814 414 2860 μοιχικαί
434 2825 532 2853 τινες
557 2810 626 2858 τὴν
657 2809 773 2857 φύσιν
809 2809 1063 2858 ὑπάρχουσαι,
1101 2809 1151 2853 ὡς
1188 2811 1251 2847 καὶ
1283 2808 1370 2855 ἥδε·
1403 2806 1444 2847 ’.Ω
1475 2815 1552 2848 κτλ.
1577 2833 1621 2839 -

92 2861 133 2896 V.
152 2866 181 2898 1.
209 2858 295 2906 ἥδε·
324 2854 351 2896 oi
373 2862 412 2895 τί
428 2860 595 2903 Dindorf,
622 2855 722 2906 ἡδέα)
743 2872 778 2895 τι
796 2861 839 2904 Α,
866 2857 967 2905 ἡδεῶ
987 2860 1027 2895 τί
1042 2859 1082 2904 Β,
1109 2856 1210 2904 ἡδέω
1231 2860 1270 2894 τί
1285 2860 1325 2903 P,
1352 2855 1473 2903 ἡδέως
1490 2872 1526 2895 τι
1546 2859 1621 2896 VL.

98 2929 134 2934 -
162 2908 206 2945 V.
234 2913 265 2944 2.
293 2906 406 2955 μολὲν
434 2906 599 2953 Bentley,
626 2904 738 2953 μόλεν
764 2905 870 2952 PVL,
895 2903 1003 2953 μόλιν
1028 2906 1104 2951 AB,
1130 2905 1300 2943 Meineke
1326 2907 1455 2953 μολῆν.
1484 2927 1519 2933 -
1541 2904 1622 2942 ἀνί-
