1864 3126
1747 0 1812 30 «ς

221 171 305 214 732
680 170 985 207 FRAGMENTA
1012 171 1280 208 ADESPOTA.

218 281 344 322 ἕκατι
383 279 431 321 δὲ
469 284 573 332 σοῦ,
614 281 691 333 ἔφη
723 298 776 330 τις
813 279 893 334 ἤδη
924 285 1002 322 τῶν
1031 279 1130 335 πρὸς
1160 279 1284 335 λύραν
1314 279 1513 337 ᾆσᾶντων,
1555 283 1629 324 ἐπὶ
1666 283 1744 325 σοὶ

217 343 301 398 τὴν
332 343 479 386 ὠδῖνα
509 343 769 399 τηρήσασα,
810 347 887 387 ἵνα
924 344 982 400 δὴ
1019 346 1305 402 τελέσφορον
1343 345 1492 401 αὐτὴν
1528 348 1744 403 ἐπιδείξῃ

218 409 296 450 καὶ
327 407 481 464 ὥριον.
515 426 755 464 quamquam
786 415 870 453 fere
902 415 1048 464 ubique
1079 415 1320 466 ignoramus,
1352 415 1446 465 quid
1477 415 1554 454 iste
1583 415 1743 466 ineptus

219 478 355 529 rhetor
386 478 475 516 aliis
507 480 714 528 accepssum
746 480 907 530 referat,
938 480 1082 530 quidve
1113 480 1199 530 ipse
1230 479 1400 519 finxerit.
1599 469 1604 474 ’

314 956 383 1002 Οὐ
419 957 583 1017 χρυσὸς
620 957 785 1016 ἀγλαὸς
822 960 1125 1014 σπανιώτατος
1162 962 1211 1006 ἐν
1247 965 1431 1007 θνατῶν
1469 965 1742 1022 δυσελπίστῳ

481 1034 506 1056 ⁸
1067 1037 1172 1094 βίῳ,
1206 1031 1305 1078 οὐδ’
1341 1031 1536 1090 ἀδάμας,

312 1099 411 1145 οὐδ’
446 1101 647 1160 ἀργύρου
671 1108 818 1147 κλῖναι
843 1102 954 1161 πρὸς
979 1102 1224 1162 ἄνθρωπον
1250 1103 1556 1161 ὃοκιμαζόμεν’
1585 1103 1746 1163 ἀστρά-

1067 1190 1162 1220 πτει
1193 1174 1303 1234 πρὸς
1337 1174 1475 1232 ὄψεις,

313 1243 419 1289 οὐδὲ
450 1247 579 1301 γαιάς
610 1244 859 1303 εὐρυπέδου
889 1245 1068 1303 γόνιμοι
1099 1250 1336 1304 βρίθοντες
1361 1245 1594 1305 αὐτάρκεις
1623 1246 1743 1305 γύαι,

312 1313 371 1368 ὡς
402 1314 589 1372 ἀγαθῶν
621 1314 803 1375 ἀνδρῶν
837 1315 1143 1376 ὁμοφράδμων
1174 1317 1341 1374 νόησις.

399 1559 614 1579 υ-υυ..

312 1617 668 1638 --υ-Δυυ..
693 1620 1003 1638 -------

310 1679 855 1698 --κυυ-υυ-υ--

309 1739 1048 1757 -υυ,υυ-υυ-υυ-υυ-

263 1785 284 1818 5
309 1799 522 1816 -----
546 1798 571 1816 υ
593 1799 808 1817 υυυυυ

310 1854 1142 1877 ,Δυυ---Ιυυ-υυ-υυ-υυ-

309 1913 950 1936 υυ-’.υυ-υυψυυ-υε

393 2079 403 2089 .
440 2043 574 2102 Τύχα,
605 2044 812 2103 μερόπων
1650 2057 1739 2090 1353

310 2199 367 2234 Fr.
397 2203 474 2235 138.
526 2199 632 2235 Plasso
657 2199 776 2245 Epist.
803 2201 835 2234 Ιε
861 2195 1027 2235 Κάκεινο
1054 2197 1096 2234 δε
1122 2196 1165 2234 τὸ
1189 2199 1334 2244 ποίημα
1365 2202 1442 2240 τοῖς
1467 2198 1560 2234 νοῦν
1589 2197 1739 2243 ἔχουσιν

216 2243 261 2281 οὐ
287 2247 412 2287 κακῶς
439 2245 539 2292 ἔχειν
566 2248 698 2282 δοκεῖ·
737 2244 798 2282 Οὔ
832 2244 995 2292 χρυσὸς
1027 2249 1101 2282 κτλ.
1153 2246 1386 2292 Suspicahus·
1396 2258 1476 2281 sum
1501 2246 1739 2292 Bacchylidis

216 2305 307 2337 esse,
340 2294 404 2329 sed
435 2294 519 2330 fort.
553 2306 597 2330 ex
627 2294 825 2351 tragoedia
855 2294 1033 2349 petitum,
1068 2293 1167 2329 sicut
1194 2293 1224 2329 ii
1247 2293 1311 2338 qui
1343 2294 1571 2338 plaecedunt
1609 2304 1740 2328 versus

219 2340 446 2386 magicorum
474 2344 568 2378 sunt.
598 2363 640 2367 —
667 2342 711 2376 V.
735 2346 764 2376 1.
775 2338 942 2400 αγλαὸς,
966 2341 1096 2377 malim
1123 2339 1354 2398 azymas.
1371 2362 1414 2366 —
1441 2337 1482 2376 ἐν
1502 2340 1668 2385 θνατῶν,
1695 2337 1737 2376 ἐν
1798 2394 1800 2397 r

215 2389 347 2424 θνατῶ
374 2385 502 2433 (111,ἐν
527 2390 687 2429 θνατοῖς
712 2400 743 2432 e,
770 2387 869 2424 ἔνθα
895 2389 944 2437 τῷ
969 2388 1019 2424 fn.
1053 2409 1095 2414 -
1128 2388 1172 2423 V.
1199 2392 1231 2424 2.
1258 2385 1438 2445 ἀργύρου,
1463 2389 1519 2426 ΞΘ
1544 2384 1736 2433 αργυρίου.

214 2456 261 2462 -—
287 2431 505 2480 ανθρωπον,
532 2433 749 2480 ἀνθρώπων
775 2447 794 2471 e
814 2436 852 2471 in
873 2447 989 2482 marg.
1010 2456 1054 2462 —-
1079 2433 1172 2481 πρὸς
1197 2432 1317 2493 ὄψεις,
1342 2433 1549 2480 πρόσοψεις
1567 2435 1672 2471 dfhn.
1692 2455 1737 2461 —

216 2483 258 2518 V.
285 2487 318 2519 3.
343 2484 466 2528 γαίας,
491 2484 600 2541 γαίης
626 2484 650 2519 f
684 2505 725 2510 —
752 2481 911 2540 γόνιμοι,
938 2484 962 2518 Ζ
981 2481 1076 2541 γόνυ
1103 2496 1176 2529 μοι.
1197 2504 1242 2510 -
1261 2481 1364 2528 γύαι,
1390 2483 1426 2521 Ξ
1441 2487 1543 2527 γυῖα,
1567 2482 1735 2528 plerique

214 2534 329 2575 γυῖαι.
356 2551 401 2556 -
427 2531 471 2566 V.
485 2534 518 2566 4.
545 2528 816 2577 ὁμοφράδμων,
830 2528 1072 2586 ὁμοφρᾶδων
1097 2543 1132 2567 n
1178 2531 1224 2566 M.
1246 2529 1417 2566 Sohmidss
1434 2529 1544 2565 aliter
1563 2539 1735 2565 numeros

215 2577 469 2613 discribendos
489 2579 632 2614 censet:
659 2575 939 2624 ὃοκιμαζόμενα
959 2579 966 2624 Ι
989 2575 1207 2623 στράπτει
1233 2604 1241 2613 .
1262 2575 1476 2623 ..γόνιμοι
1505 2578 1511 2622 Ι
1539 2577 1737 2624 βρίθοντες

214 2653 222 2660 .
245 2655 252 2662 .
274 2654 281 2660 .
303 2623 440 2670 νόησις.

310 2731 367 2767 Fr
395 2735 474 2767 139.
525 2731 628 2767 Shob.
653 2731 731 2768 Ecl.
758 2731 867 2776 Phys.
894 2731 963 2774 16,
985 2735 1027 2766 13
1054 2730 1119 2766 ubi
1129 2731 1251 2788 vulgo
1270 2731 1408 2766 lemma
1427 2727 1609 2776 Αἰσχύλου
1627 2740 1735 2775 prae-

218 2777 397 2822 mittitur,
430 2778 629 2813 secundum
656 2779 878 2814 Heerenium
903 2778 999 2813 VAE
1026 2775 1207 2823 Αἰσχύλου
1236 2775 1444 2823 Ἀριστοτελ.
1478 2777 1618 2822 (itaque
1644 2777 1735 2812 olim

216 2823 284 2859 hos
309 2835 436 2860 versus
462 2826 652 2861 Aristoteli
678 2825 900 2871 vindicavi),
932 2826 997 2861 sed
1021 2825 1195 2861 Heerenii
1219 2825 1473 2861 testimonium
1500 2824 1590 2859 satis
1615 2824 1734 2859 incer-

217 2871 309 2915 ωτι]
343 2884 428 2908 nam
455 2873 534 2918 ipse
559 2872 629 2908 sibi
654 2873 883 2915 adversatur,
916 2884 999 2908 oum
1026 2871 1122 2908 infra
1147 2884 1190 2908 ex
1215 2871 1347 2908 iisdem
1374 2871 1562 2908 codicibus
1587 2872 1733 2906 tantum

219 2918 393 2963 Aeschyli
431 2931 567 2955 nomen
602 2920 818 2966 protulerit,
854 2900 929 2957 v'id.
967 2919 1139 2956 Meineke
1177 2920 1218 2956 T.
1251 2919 1285 2954 II
1315 2931 1351 2964 p.
1384 2918 1550 2955 XXXIII.
1608 2917 1656 2953 Et
1685 2919 1734 2954 ab
