1864 3126
241 128 327 170 690
560 135 562 139 “
701 126 1007 162 FRAGMENTA
1035 126 1298 163 ADESPOTA.

980 235 1019 277 4.

329 315 401 360 'Ev
434 315 483 359 δὲ
514 318 769 373 διχοστασίῃ
801 315 874 359 καὶ
907 313 930 359 ὁ
963 314 1187 372 πάγκακος
1217 318 1378 374 ἔμμορε
1408 319 1546 374 τιμῆς.

981 435 1020 478 5.

336 516 403 561 Οὔ
435 534 510 582 μοι
542 515 601 560 ἔτ’
637 515 891 562 εὐκελάδων
922 514 1079 573 ὕμνων
1111 518 1244 574 μέλει,
1277 515 1378 562 οὐδ’
1415 520 1477 561 ἔτι
1508 521 1687 575 μολπῆς.

983 638 1021 679 6.
1669 649 1760 681 1324

335 717 492 763 Οὐκέτι
524 718 853 775 γιγνώσκουσιν
882 716 1115 775 Ἀθηναῖοι
1150 721 1401 776 Μεγαρῆας.

984 840 1022 881 7.

327 920 475 978 Ἀνδρὶ
508 919 589 977 μὲν
621 919 836 979 αὐλητῆρι
867 921 970 964 θεοὶ
1001 919 1112 964 νόον
1145 923 1185 964 εἰ
1214 920 1287 964 καὶ
1320 923 1506 977 ἔφυσαν,

390 989 491 1035 ἀλλ’
527 989 619 1048 ἅμα
649 993 709 1052 τῷ
742 993 894 1048 φυσῆν
925 989 987 1048 χὼ
1019 990 1127 1043 νόος
1158 992 1395 1036 ἐκπέταται.

955 1125 1049 1167 8Α.

394 1202 575 1256 Εσθλὸς
607 1203 693 1249 ἐὼν
725 1203 865 1249 ἄλλου
895 1208 1147 1262 κρείττονος
1178 1203 1424 1263 ἄντέτυχεν.

240 1373 336 1395 κατα
369 1356 457 1400 τοὺς
481 1356 636 1399 Ἴωνας
668 1355 737 1394 οὐκ
770 1356 921 1404 ἐκλίθη,
953 1356 1023 1403 τὴν
1056 1357 1098 1395 δε
1134 1357 1345 1416 αἰτιατικὴν
1376 1359 1440 1394 καὶ
1464 1356 1640 1406 κλητικὴν
1666 1358 1760 1405 ἔχει·

236 1408 415 1452 θριαίτην
441 1404 559 1451 γρηὺν
585 1409 659 1442 κτλ.
706 1406 945 1442 Soribendum
974 1406 1086 1450 Θριαὶ
1111 1403 1191 1451 τήν,
1219 1406 1263 1442 cf.
1283 1406 1434 1442 Homeri
1452 1406 1588 1452 Hymn.
1607 1407 1647 1442 in
1666 1408 1760 1443 Mer-

241 1466 314 1489 cur.
343 1466 374 1489 v.
401 1457 469 1488 552
491 1465 593 1511 seqq.
637 1453 781 1489 Inserui
807 1451 872 1499 δή,
899 1465 1126 1498 quamquam
1153 1454 1229 1489 alia
1260 1465 1405 1499 quoque
1431 1456 1587 1499 possunt
1610 1455 1760 1500 tentari,

240 1502 345 1537 velut
370 1502 487 1544 Θριαί
507 1515 526 1536 τ
570 1515 617 1547 ην
642 1500 761 1547 ’γρηύν
789 1500 874 1547 (τιν’
879 1502 892 1546 )
920 1499 1141 1537 ἐπιπνείωσι
1166 1515 1199 1536 κ.
1249 1501 1350 1537 Fort.
1371 1502 1581 1537 Archilochi
1605 1502 1664 1546 (cf.
1691 1503 1759 1537 Ar-

241 1549 325 1584 chil.
357 1549 400 1585 fr.
436 1550 519 1605 168)
554 1560 680 1584 versus
716 1552 790 1594 est,
830 1549 871 1584 Ο.
906 1549 1108 1584 Schneider
1140 1548 1369 1584 Callimacho
1409 1548 1559 1594 tribuilz,
1597 1549 1760 1585 scribens

238 1596 350 1642 Θριαὶ
375 1596 436 1631 ταὶ
461 1594 529 1641 τὴν
555 1599 629 1632 κτλ.

330 1642 389 1680 Fr.
415 1647 448 1680 4.
501 1644 635 1679 Zenob.
662 1643 715 1678 III
741 1647 796 1679 77.
847 1642 974 1685 Utitur
997 1644 1068 1679 hoc
1093 1655 1201 1680 versu
1225 1643 1321 1680 Plut.
1356 1643 1419 1679 vit.
1445 1643 1526 1679 Nic.
1554 1655 1583 1679 c.
1612 1648 1653 1679 11
1681 1644 1758 1689 (ubi

235 1703 302 1737 pro
336 1689 471 1736 ἔμμορε
505 1691 538 1726 V
572 1690 712 1737 ἔλαχε),
746 1702 907 1736 compar.
939 1690 1026 1734 Lyo.
1059 1693 1097 1726 elz
1123 1691 1249 1727 Sullae
1276 1703 1306 1727 c.
1335 1695 1353 1726 1
1388 1691 1465 1735 (ubi
1498 1690 1659 1737 ἔλλαχε),
1690 1692 1756 1727 vit.

235 1738 338 1773 Alex.
366 1750 395 1774 c.
422 1742 467 1774 53
495 1738 599 1783 (item
631 1738 790 1784 ἔλλαχε),
823 1739 868 1773 de
894 1737 979 1773 frat.
1018 1750 1089 1774 am.
1122 1750 1151 1774 c.
1178 1743 1210 1774 2.
1249 1738 1384 1774 Versus
1410 1739 1510 1774 haud
1529 1738 1642 1774 dubie
1661 1738 1757 1774 anti—

234 1785 297 1831 qui
316 1787 461 1831 poetae,
488 1786 535 1821 ad
555 1786 658 1821 cuius
679 1785 961 1822 similitudinem
980 1786 1072 1821 facti
1091 1786 1317 1822 comicorum
1337 1797 1463 1821 versus
1484 1785 1583 1831 apud
1603 1785 1757 1823 Zenob.:

443 1854 507 1892 Ἐν
534 1856 575 1892 δὲ
603 1858 816 1903 διχοστασίῃ
842 1856 907 1892 καὶ
929 1853 1166 1903 Ἄνδροκλέης
1190 1859 1426 1903 πολεμαρχεῐ.

235 1929 334 1975 (fort.
361 1923 434 1963 κόὶν
455 1949 498 1955 -
518 1930 766 1974 πολεμαρχοῖ)
793 1929 847 1964 et:

444 1996 507 2035 Ἐν
531 1997 603 2045 γὰρ
628 1996 817 2046 αμηχανίῃ
844 1998 908 2034 καὶ
934 1996 954 2034 ὁ
982 2000 1171 2044 Καρκίνος
1198 1997 1333 2046 ἔμμορε
1361 2000 1478 2046 τιμῆς.

328 2071 386 2106 Fr.
413 2074 445 2106 5.
491 2069 719 2116 Chrysippus
744 2083 782 2105 π.
809 2066 1059 2115 ἀποφατικῶν
1085 2082 1115 2106 c
1135 2074 1173 2106 9:
1201 2069 1237 2106 εἰ
1259 2068 1415 2115 ποιητής
1439 2083 1494 2111 τις
1518 2083 1637 2112 ουτως
1660 2083 1755 2107 απε-

236 2116 402 2164 φήνατο·
431 2115 487 2153 Οὔ
513 2131 575 2163 μοι
600 2120 676 2154 κτλ.
726 2118 900 2154 Alemam·
923 2117 1089 2154 vindicat
1114 2116 1390 2162 Schneidewin,
1422 2117 1521 2163 quod
1553 2118 1584 2153 si
1615 2129 1755 2163 verum,

240 2167 432 2211 exspectes
458 2166 613 2212 μολπᾶς.
641 2186 685 2192 —-
713 2161 798 2200 οὐδ’
829 2163 901 2208 ἐ’,τι
926 2165 1111 2201 Letronne
1138 2161 1228 2201 οὐδὲ
1254 2178 1299 2200 τι.

329 2213 387 2248 Fr.
415 2217 444 2248 6.
497 2214 651 2249 Aristot.
678 2212 764 2249 Eth.
790 2193 941 2248 Eude'm
970 2213 1038 2249 VII
1066 2217 1126 2248 10.
1164 2212 1239 2248 Καὶ
1270 2224 1393 2272 ωσπερ
1426 2210 1469 2247 αἱ
1497 2209 1625 2254 πόλεις
1649 2209 1755 2258 αλλὴ·

236 2263 319 2300 λαις
344 2261 468 2305 φίλαι,
502 2273 597 2296 ουτω
624 2259 688 2296 καὶ
715 2258 755 2295 οἵ
775 2263 940 2295 πολῖται·
973 2260 1036 2296 καὶ
1062 2256 1082 2295 ὁ
1086 2261 1199 2306 μοίως
1231 2257 1390 2296 οὐκέτι
1415 2287 1424 2295 .
1445 2287 1452 2295 .
1474 2261 1699 2317 .Μεγαρ”

241 2308 308 2343 καὶ
341 2306 380 2344 οἱ
407 2311 556 2343 πολῖται
587 2311 661 2343 κτλ.
705 2309 744 2343 et
774 2308 886 2343 antea
915 2307 990 2342 iam
1021 2274 1111 2343 VHp!
1116 2311 1155 2343 2:
1187 2304 1262 2342 Διὰ
1293 2304 1365 2352 γὰρ
1397 2305 1438 2342 τὸ
1463 2305 1676 2364 χρήσιμοιε
1659 2273 1758 2343 &qvem

238 2356 421 2411 φιλοῦσιν
448 2352 649 2411 ᾆλλήλους
661 2355 725 2390 καὶ
756 2354 863 2400 μέχρι
894 2352 1045 2399 τούτου,
1077 2366 1200 2399 ωσπερ
1226 2352 1247 2400 ἡ
1274 2356 1472 2413 παροιμία·
1507 2351 1652 2390 Γλαῦκ’
1680 2352 1757 2390 ἐπί-

237 2415 374 2460 κουρος
399 2399 495 2448 ἀνὴρ
521 2400 586 2438 τὸν
612 2400 680 2438 σὸν
706 2403 823 2447 φίλος,
852 2401 935 2438 ἐσκε
962 2400 1135 2448 μάχηται.
1179 2403 1244 2438 καὶ
1275 2399 1434 2438 οὐκέτι
1464 2415 1497 2447 y.
1526 2399 1756 2447 Ἀθηναῖοι

242 2450 320 2495 (Mb
342 2447 507 2495 Ἀθῆναι,
532 2449 586 2485 Pb
613 2446 819 2495 αληθῆναι)
844 2450 1102 2495 Μεγαρῆας.
1146 2450 1246 2486 Fort.
1272 2449 1416 2486 Solonis
1435 2451 1503 2494 est,
1528 2460 1612 2485 eum
1631 2451 1757 2485 autem

243 2497 309 2542 qui
333 2497 524 2543 praecedit
548 2509 695 2533 versum
721 2498 935 2533 Archilocho
960 2496 1155 2542 adscripsi,
1185 2497 1258 2534 vid.
1290 2497 1333 2532 fr.
1362 2501 1416 2532 14.
1449 2517 1492 2522 -
1524 2496 1687 2532 Dubium
1710 2507 1758 2532 an

244 2555 287 2579 ex
314 2545 435 2590 elegia
458 2545 598 2591 petitus
624 2545 674 2580 siss
696 2556 824 2580 versus
848 2543 934 2580 Eth.
959 2545 1041 2581 Nic.
1068 2544 1152 2579 VIII
1180 2549 1200 2579 6
1227 2544 1284 2589 (cf.
1311 2544 1479 2590 Apostol.
1499 2543 1583 2579 XIV
1603 2545 1709 2589 5981).

446 2614 594 2656 Πολλας
619 2613 666 2660 δὴ
693 2616 821 2660 φιλίας
845 2613 1104 2661 απροσηγορία
1129 2613 1311 2651 διέλυσεν.

330 2688 388 2723 Fr.
418 2692 449 2722 7.
500 2687 635 2723 Athen.
661 2686 746 2721 VIII
772 2685 903 2722 337E:
928 2684 1036 2731 λόγος
1060 2683 1134 2731 ’γὰρ
1160 2683 1330 2742 παλαιός,
1361 2681 1419 2720 ὅτι
1439 2682 1558 2730 Ἀνδρ
1566 2685 1678 2720 ὶκτλ.
1711 2705 1755 2710 ——

237 2734 280 2770 V.
317 2739 347 2771 1.
387 2734 423 2770 εἰ
457 2734 524 2770 καὶ
565 2733 711 2779 ἔφυσαν
749 2734 896 2778 1aeobs,
934 2733 1130 2779 legebatur
1167 2729 1236 2768 οὗκ
1275 2713 1483 2778 ἐνέφυσαν,
1520 2699 1756 2767 Oeasaubonus

234 2780 498 2872 ἓίσενέφυσαν,
518 2781 845 2827 Schweighaeuser
867 2777 935 2817 οὖν
956 2746 1158 2826 ἐνέφυσαν.
1179 2801 1222 2806 -
1244 2781 1287 2816 V.
1302 2784 1334 2817 2.
1355 2780 1480 2825 φυσῆν
1493 2777 1598 2824 ABG,
1618 2776 1754 2824 φύσειν

264 2842 433 2911 viga}
448 2828 523 2911 XL
542 2877 717 2922 Polybius
742 2876 809 2911 XV
835 2889 864 2913 c.
899 2881 960 2912 16:
990 2873 1095 2911 Ἔστι
1126 2874 1195 2922 μὲν
1226 2889 1298 2921 γαρ
1330 2871 1391 2911 ὅτε
1424 2874 1488 2910 καὶ
1513 2869 1748 2920 ταύτόματον
