1864 3126
207 109 296 151 440
515 130 517 134 v
768 111 964 148 ῬΟΕΤΑΕ
990 112 1167 148 MELICI.

209 222 277 272 qui
308 222 418 260 tituli
449 222 483 261 si
515 235 539 261 a
568 235 733 262 numero
766 223 994 263 discesseris
1030 226 1148 275 plane
1185 227 1381 276 pedestris
1419 229 1610 268 sermonis
1647 242 1733 280 spe-

209 288 309 326 ciem
343 300 438 335 prae
470 299 512 325 se
555 287 702 326 ferunt.
763 288 841 327 Sed
871 290 939 339 qui
970 290 1124 329 duobus
1155 292 1336 331 versibus
1374 293 1540 332 heroicis
1577 295 1641 334 vel
1677 295 1732 334 di-

211 352 336 391 sticho
370 353 434 390 vel
466 353 635 402 denique
669 353 771 392 binis
804 354 984 393 distichis
1016 356 1210 404 constant,
1235 356 1316 394 iam
1341 357 1495 407 copiam
1520 359 1732 399 verboru'm

210 419 474 466 ornatumque
514 418 687 468 aliquem
725 419 916 458 orationis
954 419 1185 459 admittunt.
1246 420 1394 459 Verum
1437 422 1573 461 etiam,
1593 425 1635 462 in
1669 425 1733 464 his

208 483 350 532 titulis,
383 482 563 532 quamvis
595 496 672 533 quo
706 486 859 533 spectet
889 487 1186 523 monumentum
1225 487 1341 536 plane
1374 488 1581 527 enuntient
1610 490 1734 528 nomi-

208 548 327 586 nibus
365 547 530 596 additis,
566 549 716 598 passim
754 549 851 588 haec
882 550 970 599 ipsa
993 550 1154 588 nomina
1191 551 1435 590 extrinsecus
1467 553 1639 602 repetita
1669 555 1733 593 de-

208 613 502 663 prehendimus,
534 614 646 652 velut
677 614 844 652 disticho
878 614 1100 653 subiectum
1120 610 1363 666 Ἀντιστοὶτης
1383 611 1598 668 Ἀθηναῖος
1623 613 1734 672 (Kai-

209 678 275 716 bel
306 678 380 727 Ep.
413 677 481 717 Gr.
509 674 596 731 22),
628 679 758 718 tribus
790 679 971 719 versibus
996 680 1260 728 praemissum
1287 680 1533 733 Καλλίμαχος
1555 678 1624 734 (ib.
1646 679 1734 738 23),

209 743 306 781 item
338 739 551 790 Διονύσιος
580 744 727 782 litteris
759 744 879 783 minio
905 744 1130 794 insignibus
1156 740 1227 798 (ib.
1255 741 1331 798 35)
1357 746 1421 785 vel
1447 741 1736 800 (Ἐπι)στήμων

209 803 290 846 τόδ’
337 803 443 847 ἐπόει
480 803 760 859 Ἱπποστράτου
804 811 907 861 σῆμα
953 803 1023 861 (ib.
1063 804 1120 863 8).
1135 805 1179 860 ²⁸)
1248 810 1407 849 Etenim
1450 812 1570 862 prisci
1614 814 1735 854 moris

210 875 369 912 tenaces
400 868 578 924 pedestri
608 874 728 913 titulo
759 874 911 924 pariter
947 875 1068 923 atque
1105 875 1287 918 versibus
1325 880 1570 916 ornaverunt
1599 891 1735 918 monu-

209 940 405 988 mentum,
437 939 478 976 id
509 939 615 988 quod
646 939 813 978 Romani
845 953 1000 990 quoque
1032 942 1364 991 observaverunt,
1402 943 1514 981 velut
1544 943 1587 981 in
1617 943 1738 995 Scipi-

210 1015 330 1041 onum
361 1005 629 1043 monumentis
666 1017 810 1043 nomen
847 1005 1024 1044 defuncti
1062 1006 1238 1045 miniatis
1276 1006 1423 1045 litteris
1460 1007 1589 1056 prisco
1625 1021 1736 1047 more

210 1068 445 1118 inscriptum
466 1070 539 1116 est,
560 1069 818 1119 subsequitur
850 1070 1022 1120 elogium
1047 1071 1223 1110 numeris
1250 1067 1543 1125 astrictum.**)
1605 1073 1737 1123 Igitur

211 1144 291 1170 non
321 1133 466 1171 mirum
505 1133 663 1181 accidit,
704 1134 738 1173 si
778 1137 899 1184 poeta
938 1148 1081 1185 parcus
1123 1137 1334 1175 verborum
1371 1138 1643 1186 praetermisit
1679 1150 1738 1187 ea,

212 1209 313 1247 quae
344 1198 529 1247 pedester
560 1198 704 1237 titulus
737 1199 914 1239 adiectus
945 1201 1158 1250 indicabat,
1191 1202 1303 1240 velut
1329 1201 1464 1251 arguit
1489 1201 1738 1252 epigramma

214 1263 492 1302 Themistoclis
525 1267 781 1303 monumento
812 1265 999 1315 incisum,
1030 1267 1108 1305 vid.
1141 1267 1423 1306 Philochorum
1453 1280 1515 1316 ap.
1540 1267 1732 1318 Harpocr.

212 1324 267 1382 (v.
299 1323 396 1380 πρὸς
426 1329 471 1380 τῇ
501 1327 636 1367 πυλίδι
663 1323 828 1382 Ἑρμῆς)
850 1324 1331 1384 Ἀθηναίων’ἆρξαμὲναπι
1355 1331 1527 1383 τειχίζειν
1550 1327 1619 1372 τὸν
1643 1333 1737 1372 Πει-

213 1394 304 1443 ραιᾶ
337 1392 378 1432 οἵ
403 1388 446 1431 θ’
478 1388 661 1445 ἄρχοντες
691 1396 829 1434 τοῦτον
861 1391 1074 1444 ἀναθέντες
1106 1393 1350 1449 ἐπέγραψαν·

497 1495 708 1552 ἀρξάμενοι
737 1503 884 1553 πρῶτοι
914 1502 1086 1554 τειχίζειν
1115 1499 1223 1543 τόνδ’
1258 1499 1465 1555 ἀνέθηκαν

556 1565 704 1616 βουλῆς
734 1564 800 1605 καὶ
832 1563 960 1618 δήμου
993 1564 1160 1621 δόγμασι
1189 1564 1431 1620 πειθόμενοι.

214 1684 417 1733 integrum
449 1686 510 1722 est
541 1684 808 1737 epigramma,
830 1686 915 1724 sed
949 1687 1192 1726 extrinsecus
1231 1690 1319 1726 erat
1355 1687 1601 1738 adscriptum
1641 1689 1741 1728 The-

213 1750 435 1788 mistoclem
463 1751 504 1787 et
523 1750 696 1800 collegas
722 1763 802 1789 una
821 1763 911 1789 cum
941 1752 1124 1792 tribubus
1149 1753 1346 1792 Mercurio
1378 1753 1452 1792 hoc
1484 1753 1643 1802 signum
1674 1753 1739 1792 de-

214 1811 516 1866 dicavisse.*'‘¹‘*)
579 1814 726 1860 Quidni
755 1816 861 1855 idem
891 1817 1051 1856 licuisse
1083 1817 1274 1857 Simonidi
1305 1817 1606 1856 existimamus?
1636 1817 1738 1857 nihil

215 1879 341 1929 igitur
373 1891 517 1917 causae
549 1881 622 1927 est,
655 1894 724 1919 cur
755 1882 847 1920 huic
871 1883 1014 1930 poetae
1039 1883 1278 1933 abrogemus
1305 1882 1607 1932 epigrammata,
1638 1896 1739 1932 quae

216 1944 310 1982 olim
341 1944 470 1982 indice
502 1945 634 1994 aliquo
665 1945 864 1985 instructa
893 1947 1018 1985 fuisse
1050 1943 1228 1997 apparet,
1260 1948 1372 1987 velut
1403 1960 1464 1997 ep.
1492 1949 1545 1986 99
1573 1949 1614 1985 et
1642 1949 1737 1998 100,

216 2021 317 2059 quae
347 2010 468 2059 plana
500 2012 593 2049 sunt
624 2013 665 2049 et
696 2012 892 2061 expedita,
924 2012 959 2051 si
989 2012 1030 2050 in
1061 2013 1144 2062 pila
1169 2011 1499 2063 Λακεδαιμονίων
1529 2013 1594 2052 vel
1621 2008 1739 2064 Ἀθη-

215 2074 339 2113 ναίων
370 2086 492 2124 supra
524 2075 717 2124 scriptum
748 2071 888 2130 fuit.†)

311 2259 344 2304 ²⁸)
370 2258 494 2293 Etiam
521 2258 623 2293 aliud
650 2259 882 2304 epigramma
906 2260 968 2306 (ib.
998 2262 1055 2306 19)
1082 2261 1380 2297 additamentum
1405 2261 1587 2297 eiusmodi
1611 2263 1735 2298 osten—

217 2307 288 2349 tat,
314 2306 379 2341 sed
403 2305 505 2341 tituli
531 2305 643 2342 lectio
668 2306 833 2342 nondum
860 2308 1043 2353 expedita.

313 2402 368 2446 **)
395 2401 479 2436 Alia
504 2400 600 2436 ratio
621 2402 678 2436 est
697 2402 1002 2447 anaglyphorum,
1030 2403 1132 2438 velut
1149 2402 1189 2438 in
1216 2405 1340 2439 vetere
1367 2403 1458 2439 artis
1485 2414 1596 2449 opere
1622 2403 1741 2440 Tana-

218 2460 307 2507 grae
332 2450 478 2494 reperto
505 2447 651 2492 (Kaibel
676 2451 776 2492 484):

475 2515 684 2565 Ἀμφάλκης
709 2516 835 2555 ε”στασ’
865 2517 926 2557 ἐπὶ
951 2517 1098 2568 Κιτύλῳ
1124 2518 1189 2566 ἠδ’
1218 2518 1280 2558 ἐπὶ
1308 2519 1461 2568 Δέρμυι.

644 2563 802 2608 Kamikos
1170 2567 1318 2615 Δέρμυς

313 2660 390 2705 ***)
417 2659 470 2696 Cf.
490 2660 667 2706 Harpocr.
688 2674 721 2697 v.
737 2658 875 2708 Ἑρμῆς
895 2658 914 2697 ὁ
935 2659 1027 2707 πρὸς
1051 2663 1094 2710 τῇ
1120 2664 1257 2699 πυλίδι.
1295 2663 1493 2699 Praeterea
1517 2663 1641 2708 etiam,
1667 2675 1741 2709 quo

219 2719 315 2743 anno
341 2708 487 2754 signum
512 2708 724 2744 dedicatum
751 2709 810 2754 sit,
837 2709 958 2745 verbis
979 2706 1041 2745 ἐπὶ
1060 2706 1270 2758 Ὑβριλίδου
1292 2708 1482 2756 ἄρχοντος,
1508 2710 1655 2746 videtur
1673 2712 1740 2747 ad—

221 2756 390 2790 notatum
415 2755 540 2799 fuisse,
567 2754 613 2791 cf.
639 2755 797 2801 Hesych.
823 2752 1002 2802 ἀγοραῖος
1021 2754 1168 2803 Ἑρμῆς.

314 2851 352 2893 †)
379 2849 500 2884 Etiam
528 2850 721 2896 epitaphia
746 2850 1077 2897 Thermopylensia
1101 2863 1158 2898 ep.
1178 2856 1221 2887 91
1250 2848 1290 2888 et
1313 2855 1375 2897 92,
1401 2862 1625 2898 quamquam
1649 2865 1740 2899 gen-
