1864 3126
216 138 272 180 66
751 127 754 160 ἶ
778 139 971 175 POETAE
997 138 1174 176 immol.

858 259 1096 312 97.[118]

272 343 423 391 Λᾶδος
455 340 606 395 εἱμένα
636 339 785 384 καλόν.

857 459 1095 513 98.[103]

271 539 425 584 Καλλὰ
459 541 783 598 μελισδομέναι.
1204 604 1206 606 .

866 662 934 704 99.
970 662 1075 714 [76]
1663 674 1732 706 861

273 739 335 784 Τὰ
366 740 425 784 f&
455 742 605 787 κάδεα.

856 862 1093 916 100.[16]

271 939 331 986 Τὸ
363 944 522 1003 νέκταρ
542 922 745 1001 αέδμεναι.

895 1064 974 1105 101
994 1064 1045 1105 A.

259 1143 507 1203 Ἀρτέμιτος
537 1145 807 1203 θεράποντα.

892 1265 972 1308 101
995 1265 1044 1307 Β.

320 1353 453 1403 Etym.
485 1353 590 1391 Flor.
625 1352 758 1390 Miller
790 1352 1008 1392 Mise..291
1044 1353 1135 1401 post
1166 1352 1468 1401 explicationem
1499 1353 1606 1393 vocis
1637 1348 1732 1393 ὗλα-

201 1413 387 1470 κόμωροι,
419 1431 520 1468 quae
551 1418 702 1468 legitur
732 1418 774 1456 in
804 1418 867 1456 Et.
900 1417 952 1455 M.
988 1418 1089 1469 776,
1123 1418 1175 1455 21
1210 1429 1289 1467 seq.
1323 1418 1484 1457 exhibet
1514 1419 1627 1458 haec:
1665 1416 1732 1458 καὶ

195 1475 383 1533 Ἀλκμάν·
415 1479 674 1534 μελισκόνα
703 1478 784 1521 τὸν
815 1477 988 1536 ἆμόρη,
1020 1494 1120 1532 quae
1150 1494 1303 1532 nequeo
1334 1482 1531 1532 expedire.

293 1648 1008 1704 Fr.97.Eust.11.1147,121151309
1040 1676 1049 1684 .
1078 1677 1086 1684 .
1113 1676 1122 1683 .
1149 1643 1170 1683 ὃ
1198 1651 1357 1692 Δωριεῖς
1379 1648 1495 1689 λᾶδος
1520 1649 1656 1705 φασίν,
1681 1645 1732 1690 ὥς

195 1691 362 1742 Ἀλκμάν,
402 1700 443 1731 Λ.
480 1694 526 1732 εἰ.
562 1710 594 1732 κ.
628 1692 650 1730 ὅ
682 1678 790 1731 ἐστιν
813 1662 945 1741 λήδιον
979 1693 1213 1742 ἐνδεδυμένη
1247 1693 1402 1736 εὐειδὲς.
1445 1695 1573 1740 itaque
1597 1677 1729 1741 λη’διον

198 1743 380 1789 Didymus
403 1743 532 1779 littera.
553 1740 657 1778 Ἰὦτα
682 1754 806 1779 carere
832 1743 987 1789 censuit,
1013 1754 1125 1788 quam
1150 1743 1216 1778 alii
1241 1743 1377 1778 addere
1403 1743 1585 1788 solebant,
1604 1755 1730 1788 quem-

199 1791 400 1826 admodum
426 1790 543 1826 etiam
569 1791 714 1825 Ahrens
739 1791 854 1839 λᾷδος
879 1790 1029 1836 scripsit
1047 1791 1132 1844 coll:
1153 1789 1311 1836 Hesych.
1338 1791 1478 1835 λαῖδος,
1504 1791 1629 1835 λῆδος,
1654 1804 1731 1836 τρι-

197 1835 347 1920 {aimoin
390 1837 443 1874 cf.
471 1838 519 1873 M.
547 1837 718 1873 Schmidt
742 1827 889 1882 D‘idym.
915 1850 950 1883 p.
972 1841 1040 1873 342
1067 1837 1131 1883 qui
1155 1838 1194 1873 in
1218 1837 1448 1873 Philemonis
1473 1838 1608 1883 verbis,
1634 1849 1731 1882 quae

230 1886 367 1922 ustath.
394 1885 602 1930 adscripsit,
627 1886 729 1921 recte
755 1885 905 1931 quidem
930 1884 1082 1921 iambici
1108 1885 1252 1920 numeri
1270 1884 1433 1930 vestigia
1450 1884 1730 1930 animadvertit,

198 1933 262 1968 sed
294 1944 369 1968 non
400 1934 500 1968 recte
532 1932 710 1977 Byzantio
742 1933 805 1978 qui
837 1932 1002 1978 politicis
1033 1933 1200 1969 versibus
1233 1944 1320 1968 usus
1353 1932 1402 1967 sit
1432 1932 1609 1977 vindieat,
1642 1943 1730 1968 nam

196 1979 393 2015 Philemon
417 1980 595 2015 Atticista
619 1980 789 2016 iambicis
813 1979 980 2015 versibus
1004 1982 1236 2038 praecepta
1224 1980 1270 2015 de
1295 1979 1474 2016 sermonis
1499 1961 1616 2015 Attic'i
1642 1991 1726 2015 con-

196 2027 391 2063 suetudine
419 2027 606 2072 exposuit,
632 2027 706 2063 vid
734 2028 848 2063 schol.
875 2027 1098 2087 Hephaesta
1123 2041 1173 2068 ως
1197 2024 1240 2062 τὸ
1261 2024 1475 2084 φερόμενον
1500 2023 1553 2062 δι’
1581 2024 1728 2074 ἰάμβων

197 2071 406 2135 Φιλήμονος
424 2079 501 2115 τοῖς
517 2073 750 2116 Ἀττικισταῖς
768 2075 866 2121 (fort.
885 2075 952 2111 τοῦ
972 2073 1202 2120 Ἀττικιστοῦ)
1222 2074 1309 2120 περὶ
1333 2071 1489 2120 Ἀττικῆς
1513 2070 1728 2120 αντιλογίας

196 2123 262 2167 τῆς
288 2120 330 2158 ἐν
355 2127 438 2163 ταῖς
461 2121 619 2165 λέξεσιν.

289 2182 346 2218 Fr.
375 2186 431 2217 98.
481 2182 643 2239 Etymol.
670 2181 718 2217 M.
738 2194 774 2227 p.
795 2185 876 2226 486,
897 2185 959 2217 39:
986 2179 1103 2217 καλά·
1129 2178 1171 2216 τὸ
1197 2178 1295 2216 καλὰ
1314 2178 1417 2238 παρὰ
1434 2177 1606 2238 Ἀλκμᾶνι
1626 2180 1725 2227 (add.

195 2229 268 2264 DM
293 2226 402 2272 καλὰ,
428 2230 457 2264 Ρ
482 2227 599 2264 uano}
635 2230 678 2264 ut
709 2230 953 2285 conieceram)
987 2226 1099 2272 ἐστίν,
1131 2227 1230 2263 οἷον·
1263 2226 1360 2264 καλὰ
1388 2227 1465 2272 (DP
1490 2226 1624 2273 κᾶλλοι)
1648 2230 1726 2284 μελ.

196 2275 316 2311 Cram.
344 2277 412 2312 An.
440 2276 520 2312 Par.
548 2276 599 2311 IV
625 2280 765 2320 63,13:
794 2275 836 2311 τὸ
862 2273 959 2311 καλὰ
985 2273 1088 2333 παρὰ
1106 2271 1278 2334 Ἀλκμᾶνι
1303 2273 1399 2311 καλὰ
1422 2272 1525 2311 ἐσσὶν
1545 2275 1609 2311 καὶ
1628 2272 1724 2311 καλὰ

195 2322 469 2369 μελισσομέναι.
502 2323 610 2361 scrib.
637 2322 754 2359 καλλὰ
782 2320 899 2358 ἐστίν·
932 2321 1049 2358 καλλὰ
1076 2321 1352 2369 μελισδομέναι.
1397 2323 1450 2358 Cf.
1477 2322 1652 2368 Apollon.
1679 2321 1726 2358 de

198 2371 282 2408 adv.
309 2383 344 2416 p
372 2375 539 2416 565,13

290 2430 347 2465 Fr.
375 2434 431 2466 99.
480 2430 654 2489 Apollon.
681 2430 727 2465 de
752 2440 855 2487 prou.
882 2430 1012 2465 3960.
1038 2428 1182 2470 Αἰολεῖς
1206 2427 1300 2475 μετὰ
1327 2442 1394 2465 του
1418 2428 1450 2466 f
1474 2425 1570 2464 κατὰ
1596 2428 1726 2463 πᾶσαν

195 2477 335 2512 πτῶσιν
359 2478 424 2513 καὶ
449 2476 573 2523 γένος·
685 2477 750 2513 καὶ
772 2474 926 2523 ’Λλκμάν
953 2475 995 2513 δὲ
1023 2477 1187 2534 συνεχῶς
1212 2476 1384 2520 αἰολίζων
1410 2476 1502 2522 φησὶ
1526 2473 1573 2510 τὰ
1596 2488 1641 2510 εα
1660 2472 1727 2510 κοί-

196 2526 277 2560 δεα.
304 2545 348 2551 -
374 2524 514 2571 Scripsi
538 2522 606 2569 foi,
627 2507 813 2560 Welcker
838 2526 876 2560 et
906 2524 1054 2560 Bekker
1076 2522 1173 2570 Ὲεὰ,
1205 2524 1307 2570 quod
1338 2523 1500 2560 debebat
1530 2519 1605 2559 ssfo'c
1639 2521 1725 2558 dici.

289 2583 347 2619 Fr.
377 2587 455 2620 100.
505 2584 639 2619 Athen.
666 2584 699 2618 II
725 2585 833 2620 39A:
862 2581 960 2619 Οἶδα
986 2580 1026 2619 δ’
1055 2597 1114 2619 οτι
1135 2580 1420 2642 Ἀναξανδρίδης
1444 2579 1486 2617 τὸ
1506 2581 1649 2639 νέκταρ
1675 2594 1722 2617 ov

194 2629 323 2675 ποτόν,
350 2627 442 2666 ἀλλὰ
469 2629 613 2688 τροφὴν
640 2629 740 2666 εἶναι
765 2629 867 2676 λέγει
896 2630 1002 2666 θεῶν
1029 2657 1038 2666 .
1060 2661 1068 2667 .
1091 2659 1099 2667 .
1125 2630 1190 2667 καὶ
1211 2627 1367 2676 Ἀλκμοὶν
1393 2628 1437 2665 δέ
1462 2638 1572 2674 φησι·
1597 2627 1640 2664 τὸ
1665 2627 1727 2664 νέ-

195 2691 291 2761 {lm-t
268 2677 460 2735 ἔδμεναι
464 2692 622 2762 ἕιίτιέυς
654 2679 810 2715 fortasse
826 2679 940 2714 etiam
967 2675 1116 2719 αὖτώς
1139 2679 1274 2724 poetae
1288 2679 1355 2714 est.
1382 2676 1435 2712 Cf.
1450 2677 1551 2712 Euat.
1573 2680 1676 2721 1633,
1694 2681 1724 2711 1.

232 2736 267 2760 ai
291 2738 340 2761 un
393 2739 435 2761 το
491 2738 510 2762 e
528 2737 547 2762 e

289 2737 494 2821 Fr.glolA.
546 2786 649 2821 Eust.
666 2784 732 2820 Od.
750 2789 852 2829 1618,
866 2789 930 2820 23:
957 2782 1052 2820 κατὰ
1074 2783 1116 2820 δε
1136 2782 1204 2842 τὴν
1223 2782 1326 2844 παρὰ
1340 2781 1559 2831 “Ηρωδιανῷ
1574 2779 1723 2829 Ἀλκμα-

193 2829 303 2876 νικὴν
330 2832 460 2877 χρῆσιν
479 2832 545 2868 καὶ
561 2830 767 2888 Ἀρτέμιδος
783 2813 996 2878 Ἀρτέμιτος,
1022 2831 1120 2868 οἷον·
1144 2828 1345 2878 Ἀρτέμιτος
1362 2833 1447 2876 θερ.
1473 2820 1544 2866 ubi
1561 2830 1724 2866 scriben-

193 2878 282 2914 dum
308 2879 456 2916 videtur
477 2876 752 2926 Ἆρτοὶμιτος.
1739 2884 1764 2891 ·’
