1864 3126
194 167 275 208 124
529 188 531 192 ,
749 164 943 201 POETAE
969 164 1144 200 MELICL

838 274 1071 326 101·[41]

246 355 288 399 Ὀ
319 356 399 412 μὲν
433 355 516 412 γὰρ
549 355 701 410 κάλος,
735 353 873 399 ὅσσον
906 357 1023 410 edm),
1054 354 1228 397 πέλεται
1260 352 1490 411 (ἄγαθος),

250 427 273 471 0'
307 427 355 471 δὲ
387 424 587 482 κᾶγαθος
618 424 776 469 αὔτικα
808 425 881 468 καὶ
912 423 1046 477 κάλος
1077 427 1259 470 ἔσσεται.

839 570 1072 621 102.[71]

242 647 340 709 3Hp’
377 655 438 695 ἔτι
469 655 716 709 παρθενίας
748 649 1055 707 ἐπιβάλλομαι,

817 795 1084 847 *103.[78]

251 881 468 934 Χαίροισα
499 876 674 933 νύμφα,
706 876 890 934 χαιρέτω
923 874 964 919 δ’
1001 874 1023 919 ὀ
1057 873 1264 931 γάμβρος.

814 1020 943 1062 *104
980 1019 1083 1072 [34]
1254 991 1262 1001 ⁵
1642 1030 1709 1061 911

256 1107 343 1162 Τίῳ
377 1101 435 1158 θ’,
470 1097 503 1147 ὦ
537 1106 638 1159 φίλε
670 1101 860 1159 γάμβρε,
892 1099 1035 1152 κάλως
1068 1099 1284 1152 ἐϊκοὲσθως
1431 1081 1436 1085 ἱ

251 1173 411 1239 ὄρπακι
443 1176 641 1233 βραδίνῳ
675 1187 723 1216 σε
753 1170 924 1217 κάλιστ’
961 1170 1161 1215 ε’ϊκοῖσὸω.

286 1328 344 1362 Fr.
374 1332 451 1364 101.
503 1327 630 1363 Galen.
657 1328 774 1362 Protr.
802 1339 831 1361 c.
853 1330 891 1361 8:
910 1322 1078 1384 ’Ἄμεινον
1099 1338 1167 1360 ουν
1189 1321 1300 1367 ἐστιν,
1327 1321 1538 1380 ἐγνωκότας
1547 1322 1624 1382 τὴν
1642 1323 1714 1370 μὲν

190 1376 264 1430 τῷν
303 1376 506 1420 μειρακίων
545 1371 661 1434 ὥραν
683 1379 761 1414 τοῖς
797 1371 949 1428 ἠρινοῖς
970 1371 1131 1408 ἄνθεσιν
1166 1369 1353 1414 ἐοικυῖαν,
1385 1368 1642 1428 ὄλιγοχρόνιόν
1674 1385 1712 1407 τε

191 1421 271 1478 τὴν
285 1422 418 1467 τέρψιν
446 1421 617 1467 ἔχουσαν,
645 1419 814 1457 ἐπαινεῖν
840 1435 878 1456 τε
906 1417 985 1477 τὴν
1011 1420 1211 1479 Λεσβίαν
1237 1417 1436 1462 λέγουσαν
1458 1416 1500 1453 Ο
1524 1417 1605 1463 μὲν
1629 1416 1714 1479 γὰρ

190 1484 222 1506 κ
250 1466 385 1505 ὅσσον
412 1469 534 1504 ἰδειν
559 1469 765 1510 πέλεται,
792 1466 810 1503 ὁ
839 1467 879 1503 δε
907 1481 1003 1513 καγ.
1030 1464 1090 1502 αὖ.
1117 1467 1193 1502 καὶ
1219 1480 1250 1501 κ.
1274 1466 1416 1501 ε’·σται
1442 1467 1652 1501 πείθεσθαι
1671 1465 1714 1502 δὲ

192 1517 255 1553 καὶ
280 1515 427 1552 Σόλωνι
452 1515 520 1561 τὴν
546 1513 667 1562 αὗτὴν
693 1514 844 1561 γνώμην
873 1512 1157 1571 ἐνδεικνυμὲνῳ.
1187 1534 1229 1539 --
1256 1513 1300 1549 V.
1331 1518 1358 1550 1.
1386 1514 1448 1558 ἴδη
1450 1526 1471 1547 ν
1496 1513 1651 1558 Ahrens,
1678 1526 1711 1549 v.

191 1564 298 1600 ἰδεῖν.
332 1585 375 1590 —-
409 1561 558 1610 ἅγαθος
589 1564 726 1607 adieci,
758 1564 944 1598 Hermann
976 1559 1096 1602 κάλος.
1130 1582 1173 1587 —
1207 1561 1250 1595 V.
1277 1565 1308 1596 2.
1337 1559 1484 1596 ἔσσεται
1515 1559 1714 1606 Hermann,

191 1613 305 1657 vulgo
333 1610 447 1657 ἔσται,
473 1612 571 1656 quod
598 1623 749 1647 servans
774 1610 917 1645 Ahrens
944 1622 976 1645 v.
1005 1613 1022 1644 1
1050 1606 1177 1644 πέλετ’
1203 1606 1259 1643 αἷι
1284 1607 1443 1653 scripsit.

286 1683 343 1719 1³21
373 1687 450 1718 102.
501 1682 672 1740 Apollon.
699 1682 745 1716 de
772 1680 874 1717 Coni.
900 1681 939 1715 in
958 1680 1074 1716 Bekk.
1094 1680 1163 1715 An.
1183 1679 1324 1715 11490:
1345 1673 1594 1734 Aga-oinos·
1618 1677 1714 1714 κατὰ

191 1742 317 1764 πασαν
352 1729 549 1765 διαλεκτον
587 1727 881 1774 ὑπεσταλμὲνης·
903 1728 968 1772 τῆς
1005 1728 1134 1772 κοινῆς
1165 1727 1229 1761 καὶ
1257 1723 1416 1771 Ἀττικῆς
1452 1725 1525 1771 ἠρα
1556 1724 1714 1771 λέγέται.

188 1772 278 1833 Ἠρζ
308 1776 372 1812 ε”τι
376 1778 694 1837 π[αρ]θενίης
720 1774 795 1820 ἔπη
821 1772 1007 1831 Σαπφώ.
1061 1774 1181 1810 Schol
1209 1773 1360 1818 Dionys.
1394 1773 1525 1808 Thrac
1552 1773 1601 1809 ib.
1628 1777 1714 1809 968:

186 1822 229 1860 ‘O
254 1838 340 1868 αρα
368 1821 652 1881 ἐρωτηματικὸς
668 1820 719 1859 ὧν
745 1821 904 1868 μηκύνει
923 1819 964 1856 τὸ
985 1827 1029 1866 ἅ,
1056 1819 1330 1878 συλλογιστικὸς
1348 1819 1389 1856 δὲ
1411 1818 1607 1865 βραχύνει
1606 1819 1715 1876 τρέ-

191 1884 302 1906 πεται
329 1871 371 1907 δὲ
406 1869 583 1915 ἑκατέρου
615 1869 656 1906 τὸ
689 1873 713 1905 ᾶ
747 1869 801 1910 εἰς
831 1875 872 1914 ῆ,
905 1867 946 1904 τό
974 1882 1043 1914 μεν
1069 1866 1213 1914 μακρὸν
1239 1865 1330 1913 παρ’
1358 1866 1553 1903 Αἰολεῦσιν
1579 1881 1713 1908 ουτως·

187 1913 276 1963 Ἦρ’
306 1917 372 1954 ἔτι
397 1916 691 1964 παρθενικὰς
723 1915 784 1953 ἐπ.
821 1938 864 1942 -
896 1917 1109 1960 παρθενίας
1133 1916 1282 1961 scripsit
1306 1916 1507 1969 Hermann,
1543 1915 1716 1961 Hartung

192 1967 407 2010 παρθενίαν
442 1967 503 2001 vel
534 1967 744 2010 παρθενία,
777 1961 811 2000 σ’
847 1961 1103 2017 ἐπιβάλλομαι.
1163 1963 1243 2008 Ego
1276 1961 1418 1998 conieci
1450 1963 1714 2006 παρθενίκαις,

191 2015 292 2048 ratus
319 2014 448 2048 eodem
473 2014 583 2049 modo
609 2013 706 2048 hunc
730 2023 877 2047 versum
903 2011 1165 2071 explicandum
1191 2022 1282 2055 esse,
1308 2021 1380 2056 quo
1405 2009 1624 2045 Theocritus
1644 2009 1714 2069 qui

192 2060 267 2095 dici
292 2061 388 2096 solet
412 2061 562 2106 scripsit,
585 2060 705 2095 XXIII
732 2064 795 2095 26:
820 2072 905 2104 αρτι
931 2057 972 2094 δὲ
999 2059 1143 2104 χαίρειν
1168 2062 1264 2093 τοῖσι
1288 2062 1386 2098 τεοῖς
1404 2053 1610 2103 προθύροις
1636 2053 1713 2092 ἐπι-

194 2104 386 2155 βαλλομαι.

287 2179 343 2214 Fr.
373 2183 451 2214 103.
501 2173 1082 2237 Hephaest.25:1<amzmnudz
1108 2175 1150 2211 δε
1177 2174 1336 2221 (μέτρα),
1362 2186 1432 2210 οσα
1458 2174 1715 2221 μεμειωμένον

194 2225 271 2271 ἔχει
302 2225 367 2261 τὸν
399 2230 612 2262 τελευταῖον
645 2224 764 2261 πόδα·
796 2223 877 2260 οἷον
910 2222 972 2260 ἐπὶ
1004 2223 1042 2259 ία
1033 2224 1196 2282 1μβικοῦ·
1227 2224 1461 2283 Χαίροισα
1493 2226 1566 2258 κτλ.
1622 2225 1714 2257 Χαί-

193 2285 299 2317 ροισα
331 2274 374 2308 Fl
401 2275 525 2330 Turn„
557 2274 621 2309 sed
653 2273 692 2308 in
724 2273 824 2309 calce
849 2273 994 2318 χαίροις
1019 2287 1065 2314 ω,
1098 2271 1124 2307 C
1157 2271 1300 2316 χαίροις
1324 2267 1501 2316 ανύμφα,
1526 2270 1715 2305 Β2ΜΕΡΑ

193 2322 334 2365 χαίροις
361 2303 537 2367 ανύμφα,
570 2321 666 2356 unde
692 2321 796 2355 Neue
829 2322 1098 2365 χαίροισθα,
1129 2317 1391 2363 probabiliter,
1423 2316 1606 2361 siquidem
1633 2328 1714 2352 ver-

194 2380 274 2402 sum
300 2369 398 2404 hunc
424 2380 468 2403 ex
494 2368 668 2403 carminis
695 2367 845 2403 exordio
878 2367 1138 2412 depromptum
1171 2376 1250 2400 esse
1279 2365 1437 2400 afiorum
1462 2365 1714 2420 exemplorum

194 2415 395 2451 multitudo
422 2416 577 2451 suadere
603 2415 758 2451 videtur.
792 2414 974 2459 Equidem
994 2415 1123 2449 auctor
1147 2423 1278 2455 essem,
1303 2412 1346 2447 ut
1364 2413 1507 2457 χαίροις
1531 2425 1555 2446 α
1581 2408 1714 2456 νύμφα

194 2462 443 2507 scriberetur,
454 2464 485 2498 si
505 2464 646 2498 certum
666 2463 766 2498 esaei:
783 2461 982 2497 Aeolenses
1001 2462 1098 2496 hanc
1123 2441 1278 2495 articuli
1282 2457 1460 2502 formam,
1487 2469 1583 2503 quae
1602 2470 1715 2503 supra

193 2509 235 2544 fui
264 2514 319 2546 52.
347 2515 391 2546 53
417 2511 600 2556 producta
625 2513 691 2552 est,
718 2509 830 2545 eiiam
857 2509 1014 2544 subinde
1040 2507 1276 2553 corripuisse:
1304 2506 1368 2542 sed
1393 2506 1491 2551 apud
1510 2505 1713 2540 Pindarum

195 2557 249 2591 Ol.
277 2557 293 2590 Ι
319 2561 363 2593 89
390 2557 488 2602 quod
515 2558 602 2593 boni
628 2539 716 2592 libri
740 2556 916 2591 exhibent
941 2557 1111 2600 quodque
1136 2555 1253 2590 tuitus
1278 2555 1334 2589 est
1352 2554 1558 2589 Mommsen
1582 2548 1606 2587 ἃ
1627 2551 1711 2588 τέκε

193 2603 362 2649 λαγέτας
386 2605 424 2640 in
451 2606 520 2640 hoc
545 2605 659 2650 poeba
682 2615 830 2661 prorsus
856 2603 1064 2642 solitarium
1089 2603 1156 2638 est.
1201 2601 1306 2644 Quod
1326 2599 1533 2635 Demetrius
1554 2600 1600 2635 de
1619 2600 1709 2635 eloc-

194 2650 270 2685 CLI
295 2651 404 2687 affert
435 2650 579 2696 Δέλφυι
603 2652 757 2686 παιδίον
783 2647 888 2696 ὑμῶν
913 2647 938 2686 ἁ
957 2647 1059 2685 κύων
1080 2647 1188 2695 φέρει
1212 2647 1405 2692 incertum,
1430 2648 1554 2682 utrum
1574 2657 1618 2682 ex
1637 2658 1714 2682 car-

193 2697 292 2733 mine
318 2711 366 2734 an
391 2710 435 2734 ex
462 2699 626 2744 pedestri
652 2709 819 2735 sermone
845 2698 894 2733 sib
917 2697 1089 2743 petitum.

289 2770 345 2805 Fr.
375 2773 453 2805 104.
503 2770 705 2814 Hephaesta.
731 2771 793 2803 41:
827 2765 1072 2814 Πενταμετρα
1105 2765 1146 2802 δὲ
1173 2762 1356 2811 (Αἰολικά)
1382 2762 1633 2809 καταληπτικὰ
1661 2763 1714 2804 εἰς

194 2813 431 2872 ὃισύλλαβον·
462 2818 548 2864 Τίῳ
575 2820 647 2852 κτλ.
682 2837 724 2842 —
758 2815 800 2850 V.
830 2820 859 2851 1.
894 2817 958 2863 τίῳ
984 2815 1106 2859 Neue,
1133 2814 1238 2850 codd.
1263 2814 1339 2855 τίω,
1371 2811 1474 2857 (Cod
1501 2810 1617 2867 Ming.
1644 2815 1712 2847 489

194 2864 233 2897 τί
253 2857 323 2917 ᾖς),
348 2865 461 2899 Pauw
478 2865 561 2899 τίνι.
584 2885 626 2890 -—-
653 2863 696 2899 V.
718 2867 750 2898 2.
773 2860 916 2922 ὄρποεκι
936 2851 978 2902 A
1004 2862 1083 2898 rell.
1104 2862 1147 2897 ui)
1165 2860 1313 2897 videtur
1332 2856 1480 2903 ὅρπακι.
1503 2879 1546 2884 —-
1567 2855 1708 2894 uoizzoz’

195 2909 336 2954 scripsi,
363 2912 476 2956 vulgo
502 2908 663 2957 μάλιστ,
690 2911 722 2946 Α
749 2908 788 2946 σε
816 2907 974 2956 μάληστ’
980 2938 986 2945 .
