1864 3126
230 140 314 186 712
544 125 546 130 ’
685 142 988 180 FRAGMENTA
1012 143 1281 181 ADESPOTA.

325 326 582 378 Ανθρωπον
610 314 719 379 (ὥς)
757 318 930 366 ἄνδωκε
968 330 1072 379 γαῖα
1114 321 1266 380 πρώτα
1308 323 1576 382 ἐνεγκαμένα
1606 258 1843 481 καῗτὸί

203 531 207 536 “
228 529 408 589 λαβόντες
435 528 704 567 ἐπιπλάσσουσι
730 532 780 580 τῷ
806 531 964 579 Χριστῷ.
1019 532 1073 577 Γῆ
1101 530 1159 575 δέ,
1193 533 1325 591 φασὶν
1336 531 1376 570 οἷ
1388 531 1575 594 Ἕλληνες,
1599 533 1750 593 ἅνθρω-

230 592 302 615 πον
328 575 499 615 άνέδωκε
525 575 670 636 πρώτη,
709 568 826 614 καλὸν
859 568 1094 637 ἐνεγκαμένη
1119 578 1247 625 γέρας,
1280 578 1330 626 μὴ
1357 583 1485 627 φυτῶν
1511 581 1754 643 ἀναισθήτων

230 624 324 672 μηδε
351 627 499 671 θηρίων
525 623 691 672 ἀλόγων,
723 623 817 662 ἀλλὰ
849 623 991 671 ἡμέρου
1026 625 1121 669 ζωου
1147 628 1212 663 καὶ
1237 629 1446 673 θεοφιλοῦς
1473 627 1660 667 ἐθέλουσα
1685 630 1753 690 μῄ-

230 687 297 732 τηρ
323 672 519 719 γενέσθαι.
569 655 746 709 Χαλεπὸν
773 673 834 716 δέ,
861 675 994 719 φησίν,
1021 672 1188 718 ἐξευρεῖν
1216 677 1290 711 εἴτε
1319 679 1495 719 Βοιωτοῖς
1516 675 1754 725 Ἀλκομενευς
1786 663 1788 665 v

231 734 326 766 υπερ
358 722 488 766 λίμνης
518 722 729 766 Κηφισίδος
761 719 894 766 ἀνέσχε
929 722 1074 766 πρῶτος
1106 720 1338 770 ἄνθρωπων,
1378 726 1452 761 εἴτε
1485 721 1696 772 Κουρῆτες,
1729 723 1753 775 ἢ

229 804 382 838 σανίδαι
408 801 446 838 οῖ
468 806 578 839 θεῖον
604 802 730 860 γένος,
757 799 779 848 ἢ
811 801 966 850 Φρύγιοι
986 801 1243 861 Κορύβαντες,
1270 801 1336 846 οὓς
1355 808 1500 863 πρῶτος
1518 805 1623 853 ἥλιος
1645 787 1754 866 ἔφιδε

230 852 479 908 δενδροφυεῖς
503 847 875 910 άναβλαστάνοντας
903 852 978 886 εἴτε
998 849 1092 895 πρὸς
1111 854 1307 897 σεληναῖον
1325 850 1482 898 Ἀρκάδα
1502 854 1756 912 διαπελασγὸν

230 895 446 958 ἡραρυίας
446 896 642 943 οἰκήτορα,
675 900 830 934 δίαυλον
858 896 1026 934 Ἐλευσὶν
1057 897 1081 944 ἡ
1112 900 1266 955 Λῆμνος
1297 903 1543 946 καλλίπαιδα,
1575 900 1754 962 Κάβϊρον,

230 959 402 1003 αρρητων
430 943 636 981 ἐτέκνωσεν
664 943 874 1006 ὀργιασμῷ,
901 947 975 981 εἴτε
1005 943 1170 992 Φελλήνη
1198 949 1405 1005 Φλεγραῖον
1429 947 1625 986 Ἀλκυονέα
1645 962 1756 997 πρεσ-

230 991 391 1050 βύτατον
425 990 637 1037 Γιγάντων·
671 995 783 1040 Λίβες
814 992 856 1030 δε
898 990 1100 1050 Τάρβαντα
1138 994 1230 1049 φασὶ
1268 993 1532 1050 πρωτόγονον
1553 994 1756 1045 αὐχμηρῶν

1735 101 1743 109 Ψ
1783 107 1796 117 'A

1798 156 1817 165 ν,

1800 200 1834 226 ..ι
1853 197 1864 214 Δ..

1805 247 1807 250 .
1836 242 1839 250 ,

1824 355 1828 363 ,

1830 433 1837 445 ,

1078 394 1209 452 γέρας
1597 459 1601 464 ,
1659 408 1751 442 1340
1809 391 1837 438 .'

1804 447 1864 504 3

1788 506 1864 596 3

229 1037 427 1076 ἀναδύντα
459 1041 598 1100 πεδίῳ,
631 1042 804 1085 γλυκείας
836 1038 1084 1098 ἀπάρξασθαι
1107 1039 1210 1082 Διὸς
1243 1042 1427 1097 βαλάνου·
1467 1043 1677 1102 Αἰγυπτίων
1712 1045 1755 1082 δὲ
1810 1076 1818 1083 .
1843 1053 1857 1062 “

230 1090 369 1128 Νεῖλος
400 1084 492 1132 ὕλην
526 1085 772 1123 ἐπιλιπαίνων
804 1087 909 1134 μέχρι
942 1086 1104 1133 σήμερον
1137 1090 1350 1148 ζωογονῶν,
1383 1093 1516 1146 φῃσίν,
1551 1089 1668 1151 υγρᾶς
1691 1089 1758 1150 άρ-

230 1133 401 1191 κούμενα
429 1132 635 1193 θερμότητι
667 1136 759 1183 ζῷα,
797 1136 862 1171 καὶ
885 1136 999 1195 ,σῶμα
1032 1134 1283 1172 ἀναδίδωσιν·
1318 1134 1497 1180 Ἀσσύριοι
1535 1137 1578 1175 δὲ
1610 1137 1756 1186 Ἰαννὴν

230 1179 472 1234 ἰχθυοφάγον
497 1181 689 1239 γενέσθαι
721 1180 812 1239 παρ’
847 1181 985 1223 αὐτοῖς.
1036 1185 1222 1218 Χαλδαῖοι
1254 1183 1296 1220 δὲ
1323 1182 1390 1220 τὸν
1420 1182 1549 1242 Ἀδάμ,
1581 1187 1756 1224 καὶτοῦ-

230 1243 294 1265 τον
321 1234 420 1287 εἰναι
453 1227 641 1287 φάσκουσι
665 1228 731 1265 τὸν
758 1228 982 1288 ἄνθρωπον,
1015 1226 1059 1265 ὃν
1086 1227 1279 1267 ἀνέδωκεν
1314 1229 1334 1277 ἡ
1362 1233 1407 1278 γῆ
1435 1230 1579 1292 μόνονδ
1603 1237 1758 1270 κεῖσθαι

232 1276 273 1313 δε
307 1274 425 1312 αὐτὸν
458 1274 625 1321 ἄπνουν,
658 1275 854 1335 άκίνητον,
890 1275 1100 1313 ἀσάλευτον
1133 1275 1181 1319 ὡς
1210 1275 1438 1337 ἀνδριάντος
1469 1277 1603 1316 εἰκόνα
1639 1279 1758 1328 ὑπάρ-

231 1337 345 1379 χοντα
379 1321 526 1360 ἐκείνου
559 1325 625 1360 τοῦ
657 1322 738 1360 ἄνω
771 1326 838 1361 τοῦ
870 1321 1108 1379 ὑμνουμένου
1138 1322 1362 1372 Ἀδάμαντος
1386 1324 1607 1382 ἀνθρώπου.
1658 1329 1758 1366 unde

231 1372 372 1419 primus
405 1372 522 1407 edidit
554 1372 813 1410 Schneidewin
843 1373 882 1408 in
916 1371 1050 1409 Philol.
1083 1373 1100 1407 I
1125 1377 1193 1408 421
1215 1385 1316 1420 seqq.
1325 1402 1334 1420 ‚
1374 1375 1438 1420 qui
1469 1375 1540 1411 hoc
1574 1376 1686 1413 modo
1718 1377 1758 1413 in

231 1432 358 1456 velsus
384 1420 556 1465 digessit:

1669 1469 1754 1508 Ἀντ.

305 1544 311 1550 .
334 1543 341 1550 .
364 1544 371 1551 .
393 1541 400 1549 .
429 1511 637 1571 ἄνθρωπον
664 1514 706 1550 δε
735 1512 827 1551 Γαῖ’
856 1512 1004 1551 ἄνδωκε
1032 1512 1160 1572 πρώτα
1185 1513 1302 1551 καλὸν
1331 1512 1566 1564 ἐνεγκαμένα
1593 1517 1708 1565 γέρας

304 1560 354 1621 μὴ
375 1563 510 1620 φυτῶν
537 1559 783 1608 ἀναισθήτων
809 1561 903 1608 μηδε
930 1563 1062 1607 θηρῶν
1075 1559 1254 1622 άλόγων,
1346 1586 1363 1592 2

304 1606 386 1645 ἀλλ’
421 1606 564 1655 ἁμέρου
592 1610 703 1652 ζωΐου
735 1610 799 1645 καὶ
824 1611 1036 1655 θεοφιλους
1069 1607 1246 1646 ἐθέλοισα
1271 1607 1392 1656 μάτηρ
1419 1610 1617 1657 γενέσθαι·
1651 1617 1760 1659 χαλε

1084 1656 1157 1693 πόν
1184 1654 1222 1692 δ’
1250 1655 1469 1705 ἕξευρέμεν,

304 1705 383 1741 αἰτε
413 1699 631 1741 Βοιωτοῖσιν
654 1701 939 1765 Ἀλαλκομενευς

303 1753 449 1798 πρῶτος
474 1749 691 1797 ανθρώπων
717 1766 812 1799 υπερ
839 1753 1051 1798 Καφισίδος
1076 1753 1207 1798 λίμνας
1232 1749 1411 1798 ἀνέσχεν,
1678 1799 1718 1839 ,E

1719 1816 1756 1840 π.

305 1841 386 1883 αἵτε
413 1848 605 1904 Κουρῆτες
631 1846 744 1883 ἔσσαν
769 1850 881 1883 θεῖον
905 1844 1036 1883 Ἰδαῖοι
1061 1845 1170 1892 γένος

304 1892 351 1952 ἢ
359 1893 515 1951 Φρύγιοι
540 1892 797 1955 Κορύβαντες,
847 1921 850 1924 -

307 1939 372 1982 οὓς
399 1939 524 1982 άέλιος
549 1955 717 1984 πρωτους
742 1939 894 1978 ἐπεῖδεν
920 1943 1169 1986 δενδροφυεῖς
1185 1939 1538 1999 άμβλαστάνοντας,

307 1992 388 2025 αἵτε
416 1992 690 2046 προσελαναῖον
711 1986 887 2046 Ἀρκαδία
913 1990 995 2024 δῖον
1022 1987 1236 2035 Πελασγόν,

307 2038 527 2094 Παρρασίας
539 2033 736 2096 ροίκήτορζ
762 2033 784 2082 ἢ
812 2037 978 2072 Δίαυλον
1001 2033 1183 2093 Ἐλευσίς,
1305 2037 1307 2039 ’

308 2081 330 2129 ἢ
349 2085 510 2130 Λᾶμνος
536 2081 596 2128 ἷρά
624 2085 852 2119 καλλίπαιδα
877 2081 1047 2130 Κάβιρον
1073 2080 1245 2139 ἀρρήτων
1273 2080 1448 2120 ἐτέκνωσ’
1466 2081 1715 2142 ὀργιασμῶν,

307 2134 389 2168 αἵτε
418 2129 595 2168 Φαλλάνα
621 2133 829 2177 Φλεγραῖον
853 2128 1070 2177 Ἀλκυονῆα,
1095 2128 1351 2179 πρεσβύτατον
1380 2129 1585 2177 Γιγάντων.

1638 2182 1761 2227 ‘QZ'

308 2228 446 2275 Λίβυες
472 2223 508 2262 δ’
534 2223 731 2283 Ἰάρβαντα
758 2226 874 2282 φαντὶ
899 2223 1138 2283 πρωτόγονον
1166 2223 1370 2272 αυχμηρῶν
1396 2222 1598 2263 ἀναδύντα
1621 2229 1763 2265 πεδίων

309 2275 485 2319 γλυκείας
509 2271 757 2318 απάρξασθαι
782 2271 875 2314 Διὸς
901 2271 1079 2320 βαλάνου.

307 2321 518 2380 Αἰγυπτίων
545 2320 586 2358 δὲ
614 2322 758 2362 Νεῖλος
782 2320 863 2357 ἰλυῖ
881 2321 953 2366 γᾶν
978 2322 1161 2356 λιπαίνων

308 2367 405 2419 υγρᾷ
432 2367 672 2415 σαρκούμενα
697 2366 906 2414 θερμότατι
931 2366 1006 2412 ζωά
1031 2381 1070 2404 τε
1098 2365 1239 2414 σώματ’
1267 2364 1484 2404 ανδίδωσιν.

238 2441 357 2476 Aliter
381 2451 508 2476 rursus
534 2441 723 2476 Hermann
747 2438 797 2475 fb.
825 2453 859 2486 p.
888 2443 956 2476 585
970 2451 1069 2485 seqq.

310 2510 449 2570 Πρώτα
475 2509 517 2547 δὲ
545 2507 630 2557 γαῖ’
659 2508 832 2547 ανδωκεν
859 2508 1067 2554 ἄνθρωπον
1093 2507 1171 2546 τότ’
1200 2507 1435 2569 ἐνεγκαμένα
1459 2509 1577 2548 καλὸν
1602 2511 1729 2571 γέρας,

310 2556 455 2605 ἁμέρου
481 2560 546 2595 καὶ
571 2559 781 2605 θεοφιλοῦς
805 2556 926 2604 μάτηρ
954 2556 1131 2595 ἐθέλοισα
1157 2556 1338 2615 γενέσθαι
1363 2560 1512 2604 γενεᾶς·
1538 2557 1704 2606 χαλεπὸν
1723 2557 1762 2597 δ’

1091 2603 1190 2641 ἐστὶν
1217 2602 1360 2652 εὑρεῖν,

1676 2651 1762 2691 Ἀντ.

311 2702 385 2736 εἴτε
413 2703 629 2736 Βοιωτοῖσιν
654 2698 938 2757 Αλαλκομενευς
960 2701 1093 2746 λίμνας
1118 2713 1214 2746 υπερ
1239 2701 1474 2745 Καφισσίδος

312 2748 458 2792 πρῶτος
483 2744 698 2792 ἀνθρώπων
718 2744 901 2805 ,cive'o’xsm

316 2797 388 2830 εἴτε
417 2795 481 2830 καὶ
506 2795 697 2851 Κουρῆτες
718 2791 849 2831 Ἰδαῖοι
875 2794 977 2838 ἔσαν,
1002 2797 1114 2830 θεῖον
1139 2793 1264 2840 γένος,

313 2838 520 2899 {Juffimssytot
544 2839 803 2898 Κορύβαντες,
1720 2865 1738 2878 .

315 2902 381 2930 ους
405 2887 488 2925 τότε
515 2887 683 2936 πρώτους
708 2891 766 2926 ἴδε
793 2890 1043 2936 δενδροφνεῖς
1068 2887 1402 2936 ἄμβλαστάνοντας
1417 2885 1551 2936 Λλιος,
