1864 3126
236 173 321 216 164
543 181 545 185 ·
802 173 994 212 ΡοΕΤΑΕ
1018 148 1195 212 Mamm.

326 279 356 333 d
389 279 429 324 δ’
466 279 560 339 ὤρα
590 282 775 339 χαλέπα,
808 280 951 326 πάντα
983 282 1033 326 δὲ
1065 280 1234 335 δίψαισ’
1268 281 1355 327 ὑπὸ
1388 282 1621 340 καύματος.
1686 295 1757 328 944

328 350 423 408 ἄχει
456 350 498 394 δ’
534 353 580 395 ἐκ
611 351 812 396 πετάλων
843 351 983 396 ,Ράδεα
1014 352 1169 408 τέττιξ,
1201 352 1432 410 πτερύγων
1463 351 1505 396 δ’
1539 351 1642 411 ὕπο,

327 422 499 479 κακχέει
530 422 721 480 λιγύραν
753 422 962 480 (πύκνον)
994 422 1174 480 domm),
1205 423 1377 481 (θέρος)
1410 422 1580 470 ὅπποτα

281 504 301 536 5
329 493 521 549 φλόγιον
552 492 661 537 κατὰ
694 494 781 549 γᾶν
811 492 1089 550 πεπτάμενον
1120 492 1264 537 πάντα
1294 493 1534 552 καταυάνῃ.
1589 535 1592 539 ,

331 562 465 607 ἄνθει
496 563 570 607 καὶ
603 563 839 621 σκόλυμος·
871 567 958 608 νῦν
990 563 1040 608 δὲ
1070 563 1278 621 γύναικες
1308 564 1598 622 μιαρώταται,

328 635 478 679 λέπτοι
511 632 551 678 δ’
587 633 768 692 ἄνδρες,
802 634 893 679 ἐπεὶ
923 635 997 678 καὶ
1027 634 1228 692 κεφάλαν
1258 635 1334 678 καὶ·
1363 634 1476 692 γόνα
1508 638 1687 694 Σείριος

329 704 433 759 ἄζει.

233 836 338 871 22Εε
377 835 469 881 φησὶ
509 834 551 871 δε
590 835 654 870 καὶ
681 832 841 876 Ἀλκαῖος
878 832 897 870 ὃ
930 837 1187 893 Μυτιληναῖος
1206 833 1390 893 ποιητής·
1429 837 1529 885 Οἴνῳ
1561 833 1758 883 πνεύμονα

233 882 431 929 τέγγε..
458 883 719 942 περιτέλλεται
737 883 784 927 (V
808 883 898 929 πυρὶ
923 881 1103 940 τέλλεται)
1128 880 1151 928 ἡ
1179 879 1216 917 δ’
1238 896 1315 928 ωρη
1342 882 1500 941 χαλεπή·
1527 897 1565 920 π.
1591 882 1634 919 δὲ
1660 884 1757 933 διψᾷ

233 929 427 976 (81οΙι,δὲ
449 932 511 966 δι.
567 930 612 975 V,
638 926 675 965 δ’
701 927 788 967 ε’ὃι.
809 897 882 974 .1),
909 926 946 964 δ’
969 927 1040 966 έδ.
1096 930 1140 974 D,
1166 926 1202 965 δ’
1226 927 1314 974 ἒδίψ
1317 943 1384 966 ουν
1411 930 1453 976 C)
1477 928 1552 966 ὑπὸ
1577 920 1758 967 κ.Ρ1·3,θ-

219 980 338 1013 terea
358 991 390 1013 v.
408 983 425 1013 1
449 978 557 1013 affert
578 977 720 1013 Gellius
741 957 844 1013 XVII
863 981 916 1014 11.
943 977 1105 1014 Macrob.
1128 958 1204 1013 ’Sat
1219 938 1314 1013 VIIw
1303 981 1356 1013 15.
1382 978 1569 1014 Plutarch.
1591 978 1757 1024 Sympos.

233 1026 306 1060 VI}
324 1029 355 1069 1,
378 1029 408 1068 1,
435 1018 589 1070 respicit
613 1025 711 1060 idem
738 1025 784 1060 de
811 1024 965 1061 Stoicor.
991 1036 1143 1083 repugn.
1171 1035 1200 1060 0.
1226 1028 1282 1060 29.
1321 1024 1490 1070 Denique
1515 1025 1686 1061 Eustath.
1712 990 1760 1061 ali
1802 1044 1804 1047 >

234 1072 301 1108 Ο(1.
331 1076 505 1114 1612,14
531 1071 639 1108 affert
670 1073 759 1120 οἴνῳ
791 1069 988 1117 πνεύμονα
1020 1070 1146 1117 τέγγε,
1181 1074 1219 1107 et
1249 1072 1297 1108 ad
1322 1072 1364 1106 Il.
1391 1076 1472 1117 643,
1497 1076 1518 1107 5
1545 1074 1584 1108 et
1608 1076 1689 1118 890,
1713 1076 1758 1108 47

233 1118 341 1165 τέγγε
368 1117 585 1165 πνεύμονας
611 1120 712 1167 οἰνῳ.
737 1108 842 1155 Mire
868 1120 960 1154 Iahn
984 1119 1023 1154 in
1048 1100 1184 1155 Ηο11110
1207 1118 1258 1154 VI
1277 1123 1345 1155 427
1372 1118 1636 1155 Petronianum
1661 1130 1691 1155 c.
1712 1123 1758 1155 34

233 1168 272 1202 et
298 1171 341 1202 73
368 1170 595 1213 tenyomenas
619 1168 801 1210 faciamus
827 1167 874 1202 ad
898 1166 1122 1212 principium
1147 1165 1291 1202 Aloaici
1322 1167 1495 1202 carminis
1526 1169 1679 1203 revocat
1703 1168 1758 1202 at-

236 1225 309 1258 que
333 1214 421 1249 inde
446 1213 611 1260 colligit,
637 1213 752 1250 etiam
770 1213 929 1250 Neronis
956 1214 1103 1249 saeculo
1123 1213 1247 1249 Lesbii
1270 1215 1403 1259 poetae
1429 1213 1596 1250 carmina
1621 1215 1760 1250 Romae

237 1271 316 1296 esse
341 1261 516 1297 recitata.
542 1262 655 1306 atque
680 1261 746 1296 alii
771 1272 918 1306 quoque
943 1260 1164 1319 interpretes
1189 1261 1383 1296 obscurum
1409 1261 1503 1296 illud
1532 1265 1759 1315 tenyomenas

235 1309 296 1344 vel
321 1309 445 1353 potius
470 1313 704 1353 tanyomenas
729 1319 752 1343 a
776 1319 911 1354 graeco
935 1308 1049 1344 verbo
1075 1306 1221 1353 τέγγειν
1246 1309 1436 1354 repetunt:
1463 1309 1561 1353 quod
1587 1320 1660 1354 quo
1679 1307 1759 1344 iure

235 1355 392 1400 faciant,
427 1366 500 1391 non
525 1355 708 1402 intelligo
743 1377 786 1382 —
821 1356 865 1391 V.
893 1359 925 1391 1.
956 1353 1174 1411 πνεύμονας
1205 1356 1294 1403 οἴνῳ
1327 1355 1428 1390 edidi
1452 1357 1599 1391 secutus
1622 1356 1759 1392 Athen.

234 1402 319 1438 1000
357 1403 480 1448 priore
517 1404 556 1438 et
586 1403 695 1446 Plut„
733 1415 781 1448 ap
827 1402 919 1438 Gell.
951 1400 1147 1448 πνεύμονα
1182 1392 1290 1450 οἰνῳ,
1327 1402 1424 1438 unde
1456 1402 1657 1439 Grotefend
1694 1403 1761 1439 alii

234 1439 1759 1555 35532‘3‘?‘'4253531‘1'01...53¹¹sssffizflffzffissgssssor‘isswi...ggg’fflsszizczffflzffffisse

235 1545 340 1592 Οἴνῳ
366 1542 560 1590 πνεύμονα
586 1543 711 1589 τέγγε,
738 1546 867 1589 φίῑης
873 1541 911 1579 δ’
938 1540 1082 1589 απέχου
1102 1545 1295 1601 Κυθερείῃ
1299 1558 1317 1584 ς
1341 1543 1430 1589 (vid.
1451 1544 1552 1580 Suid.
1572 1557 1604 1581 v.
1625 1542 1759 1590 τέγγε),

236 1603 348 1637 quem
372 1591 541 1627 imitatus
566 1592 624 1627 est
647 1591 815 1627 Alcaeus
849 1612 893 1617 —-
926 1591 969 1626 V.
997 1595 1029 1626 2.
1056 1587 1204 1636 δίψαισ’
1233 1591 1386 1628 Seidler.
1413 1612 1457 1617 —
1489 1591 1533 1626 V.
1559 1596 1591 1627 3.
1619 1596 1651 1627 6.
1679 1596 1711 1627 7.
1737 1595 1759 1626 8

238 1639 377 1674 adiecti
403 1641 489 1674 sunt
514 1650 558 1674 ex
583 1639 715 1675 Proclo
741 1639 790 1674 ad
815 1639 966 1676 Hesiod.
993 1638 1060 1683 Op.
1088 1651 1121 1674 v.
1148 1641 1227 1682 584,
1243 1638 1319 1695 qui
1342 1650 1416 1674 una
1440 1650 1524 1674 cum
1547 1639 1656 1675 initio
1682 1651 1759 1674 car-

236 1685 346 1721 minis
379 1686 522 1722 attulit:
563 1683 673 1732 αχεῖ
703 1679 739 1721 δ’
776 1683 824 1722 ἐκ
857 1683 1061 1721 πεταλων
1099 1684 1205 1721 τάδε
1237 1699 1291 1721 αν
1329 1684 1494 1731 τέττιξ,
1532 1682 1677 1722 ανθεῖ
1709 1685 1757 1722 δὲ

231 1732 309 1768 καὶ
351 1731 589 1792 σκόλυμος,
628 1734 711 1769 νῦν
750 1732 798 1769 δε
831 1731 1114 1790 μιαρώταται
1148 1738 1382 1791 γυναῖκες,
1419 1734 1574 1769 λεπτοὶ
1609 1732 1659 1768 δέ
1689 1746 1758 1769 τοι

233 1777 420 1826 ανδρες,
455 1778 556 1816 ἐπεὶ
581 1778 788 1826 κεφαλὴν
813 1780 875 1815 καὶ
903 1778 1075 1826 γόνατα
1101 1782 1144 1815 Σ.
1171 1778 1279 1824 ἄζει.
1313 1801 1354 1807 —-
1393 1781 1436 1816 V.
1463 1784 1484 1816 3
1509 1780 1758 1826 redintegravi

236 1830 274 1862 et
297 1840 331 1863 v.
358 1831 392 1863 4.
420 1831 440 1862 5
467 1827 594 1863 addidi
619 1839 665 1863 ex
689 1827 880 1864 Demetrio
905 1828 951 1862 de
977 1828 1110 1863 elocut.
1138 1831 1221 1872 142,
1253 1828 1317 1863 ubi
1344 1827 1480 1863 omisso
1506 1827 1668 1863 auctoris
1693 1838 1757 1863 no—

232 1874 330 1910 mine
368 1875 545 1920 leguntur
565 1877 693 1932 ³atque
727 1875 805 1910 sine
837 1875 971 1911 idoneo
1006 1876 1233 1932 argumento
1257 1875 1448 1920 Sapphoni
1481 1875 1756 1931 tribuebanturj

236 1922 438 1966 Γίγνονται
463 1922 527 1957 καὶ
552 1919 628 1958 απὸ
654 1921 790 1965 λέξεως
802 1935 985 1979 χαριτες,
1018 1919 1136 1980 ἤγουν
1161 1918 1238 1957 ἀπὸ
1252 1922 1496 1980 μεταφορᾶς·
1529 1919 1579 1963 ὡς
1604 1919 1667 1957 ἐπὶ
1690 1922 1758 1958 τοῦ

232 1967 412 2026 τέττιγος·
444 1966 690 2014 Πτερύγων
725 1966 766 2004 δ’
793 1966 1076 2014 ὑποκακχέει
1107 1966 1296 2014 λιγυρὰν
1329 1966 1512 2014 αοιὸαν,
1545 1983 1564 2004 ο
1592 1983 1634 2004 τι
1656 1965 1753 2005 ποτ’

231 2011 286 2050 ἂν
313 2014 507 2061 φλόγιον
533 2015 739 2052 καθέταν
765 2016 835 2060 (ita
860 2015 971 2052 etiam
991 2016 1036 2060 R,
1061 2016 1234 2056 καθέτως
1252 2017 1290 2060 11)
1316 1997 1629 2073 ἐπιπταμενον
1654 2029 1758 2099 nard

231 2064 407 2108 αυδειή.
436 2085 480 2089 -
512 2064 555 2099 V.
582 2068 614 2100 3.
645 2061 775 2099 ,Ράδεα
802 2063 962 2107 Seidler,
987 2044 1085 2098 ἁδέα
1111 2063 1304 2108 Graevius,
1327 2064 1442 2120 vulgo
1466 2061 1556 2098 τάδε
1582 2059 1631 2098 ἄν
1655 2063 1755 2155 affigi.

231 2110 415 2146 Proclum.
455 2131 497 2137 -
534 2107 572 2146 δ’
604 2124 679 2146 υπο
711 2109 866 2168 κακχέει
897 2110 1044 2155 scripsi,
1081 2109 1291 2146 Demetrius
1323 2107 1361 2145 δ’
1396 2109 1670 2156 ὑποκακχέει(

232 2156 341 2194 Vind.
374 2154 645 2215 ὑποκαταχέει,
677 2171 701 2193 11
726 2156 921 2215 καταχέει,
954 2138 1214 2193 Ο3,1113,11.ῧπο
1245 2156 1455 2202 καταχέει),
1490 2157 1634 2193 Ahrens
1665 2170 1756 2202 υπα,

232 2204 364 2240 Iacobs
391 2202 480 2241 ἀπὸ.
507 2226 551 2231 -
587 2205 631 2241 V.
658 2209 691 2240 4.
722 2202 866 2240 πύκνον
892 2204 1029 2249 adieci,
1059 2204 1134 2240 vid.
1159 2204 1309 2241 Hesiod.
1337 2204 1404 2261 Op.
1431 2208 1510 2240 584.
1538 2225 1582 2230 —-
1601 2203 1756 2259 (θέρος)

232 2249 381 2287 ὅπποτα
408 2251 565 2298 φλόγιον
591 2250 687 2288 κατὰ
712 2253 785 2298 γᾶν
811 2250 1052 2298 πεπτάμενον
1068 2250 1232 2309 (παντα)
1256 2265 1454 2298 καταυανῃ
1479 2251 1627 2298 scripsi;
1659 2263 1756 2297 quae

230 2299 415 2334 Hesiodus
447 2300 566 2336 tribus
597 2299 720 2335 verbis
756 2298 894 2345 θέρεος
923 2297 1180 2356 καματώδεος
1197 2312 1275 2346 ωρη
1308 2299 1550 2352 significavit,
1586 2299 1756 2356 pluribus

229 2346 466 2391 persequitur
491 2347 658 2383 Alcaeus.
694 2359 843 2383 οπποτα
867 2358 934 2392 pro
961 2359 1018 2382 οτι
1043 2359 1115 2382 ποτ
1157 2359 1206 2382 αν
1239 2335 1399 2382 correxit
1422 2347 1581 2391 Ahrens,
1613 2344 1754 2382 πεπτά-

229 2406 345 2450 μενον
371 2405 439 2439 pro
466 2391 721 2451 ἐπιπταμενον
746 2393 936 2440 Hartung3
968 2393 1033 2429 sed
1057 2394 1225 2439 praestat
1255 2393 1411 2429 fortasse
1437 2390 1683 2452 ἰσταμενον
1713 2394 1756 2429 ut

230 2438 327 2476 κατὰ
348 2442 422 2485 γᾶν
442 2442 489 2477 3(1
508 2454 634 2477 παντα
652 2455 733 2478 κατ.
753 2441 947 2486 referatur,
974 2441 1020 2476 cf.
1040 2440 1190 2477 Hesiod.
1211 2441 1310 2477 Scut.
1331 2445 1418 2476 393·
1441 2434 1537 2496 ἦμος
1555 2439 1598 2475 δε
1621 2440 1753 2497 χλωρῷ

233 2486 492 2544 κυανόπτερος
519 2485 635 2545 ἠχέτα
660 2487 778 2531 τέττιξ
810 2485 882 2536 ὄζῳ
916 2469 1143 2534 ἐφεζόμενος
1172 2484 1289 2533 θέρος
1319 2484 1577 2533 ανθρώποισιν
1608 2488 1753 2522 αείδειν

229 2532 431 2580 ἄρχεται.
481 2549 676 2590 καταυανῃ
709 2525 868 2580 (Ahrens
899 2536 937 2570 et
967 2534 1111 2570 Finckh
1148 2531 1353 2581 καταυλέῃ,
1387 2535 1411 2570 1.
1438 2545 1469 2569 e.
1495 2533 1639 2591 cicada)
1673 2533 1752 2570 sine

231 2582 402 2628 exemplo
425 2583 549 2628 posui,
575 2583 639 2619 sed
665 2584 721 2619 est
744 2582 960 2637 principalis
985 2582 1116 2639 forma,
1141 2584 1180 2618 et
1205 2571 1518 2641 quemadmodum
1547 2579 1688 2616 οἰὸανω
1713 2583 1754 2617 et

232 2628 388 2664 οἰδαίνω
414 2630 492 2665 3113,
515 2630 715 2674 variantur,
744 2630 799 2665 ita
823 2629 956 2665 Aeoles
981 2625 1112 2664 αύάνω
1137 2640 1204 2675 pro
1230 2626 1375 2664 αὖαίνω
1401 2627 1634 2687 usurpavisse
1658 2628 1753 2663 veri-

230 2676 365 2712 simile.
415 2676 491 2712 Α111
517 2678 628 2713 aliter
657 2678 750 2713 haec
776 2677 1118 2721 conformaverunt,
1149 2676 1341 2722 Emperius
1371 2674 1465 2715 θέος
1486 2687 1639 2732 οππρτα
1664 2678 1752 2720 φλο-

228 2721 325 2768 γμὸν
350 2721 446 2769 πρὸς
469 2723 641 2760 καθέταν
667 2721 866 2780 ἴσταμενος
895 2724 948 2770 θῇ
976 2721 1219 2781 καματωδεα,
1251 2723 1423 2768 Hartung
1454 2734 1517 2757 οτε
1543 2718 1578 2756 τ’
1606 2723 1752 2757 ἴπτεται

229 2769 386 2826 φλόγιον
411 2769 586 2828 καθέταν,
607 2783 848 2829 πεπταμενον
873 2772 1001 2827 καῦμα
1027 2767 1112 2806 κατ’
1139 2767 1325 2814 αὔλακας,
1351 2769 1480 2805 Iacobs
1505 2781 1568 2804 οτε
1594 2766 1680 2805 ποτ’
1701 2782 1752 2804 αν

229 2814 387 2862 φλόγιον
417 2815 535 2864 καῦμ’
563 2815 702 2864 αχέταν
727 2816 803 2854 ὑπὸ
829 2815 1004 2858 πετάλοις
1034 2818 1258 2863 καταυαίνῃ.
1297 2837 1341 2843 -
1379 2816 1423 2852 V.
1450 2820 1482 2851 6.
1520 2815 1586 2851 καὶ
1609 2815 1751 2862 scripsi,

228 2863 342 2908 vulgo
373 2863 416 2899 δὲ
449 2865 529 2909 καὶ,
567 2866 710 2902 Seidler
741 2864 801 2910 δε,
839 2865 960 2900 minus
990 2866 1099 2910 grata
1129 2864 1294 2900 eiusdem
1326 2863 1482 2899 voculae
1515 2863 1749 2909 repetitione.

228 2909 371 2946 Deinde
403 2893 547 2947 801111111-
576 2917 754 2958 γυναῖκες
783 2910 1031 2958 μιαρώταται,
1068 2911 1180 2957 vulgo
1218 2908 1450 2957 μιαρώταται
1485 2914 1671 2955 γυναῖκες.
1706 2930 1748 2936 -
