1864 3126
195 140 283 183 248
514 182 516 186 ,
760 141 952 178 ΡΟΕΤΑΕ
978 141 1155 178 MELICI.

196 252 375 304 ξανδρος,
407 248 640 304 Εὐφορίων,
671 248 913 304 Λυκόφρων.
974 253 1151 292 Eandem
1181 254 1329 293 famam
1367 254 1487 294 essiam
1518 254 1715 295 Stesicho-

195 331 264 357 rus
303 318 484 367 sequitur
521 318 569 356 fr.
603 319 680 366 69,
716 330 845 368 neque
882 320 1017 357 tamen
1052 320 1264 369 propterea
1300 320 1375 359 hoc
1411 320 1716 360 abiudicandum
1742 320 1834 354 100⁷

196 383 327 433 Ibyco,
359 385 406 421 ui:
436 383 563 422 voluiss
593 383 792 434 Hartung.

885 497 952 539 34.
985 497 1032 540 B.

315 582 402 622 Sch.
434 583 480 623 Il.
511 598 535 622 ν
561 584 665 623 517:
698 578 750 631 ὦς
780 578 1012 635 ἀντεραστὴς
1033 579 1196 636 ςΕλένης
1227 580 1296 638 (de
1325 587 1522 635 Deiphobo
1553 589 1594 626 et
1623 587 1718 627 Ido-

196 643 324 687 meneb
356 642 487 702 diost)-
527 643 579 696 ὦς
610 652 799 700 μαρτυρεῖ
818 645 977 701 Ἴβυκος
1012 647 1078 688 καὶ
1115 649 1357 701 Σιμωνίδης·
1394 646 1478 690 ἀλλ’
1519 647 1607 691 οὔτε
1641 648 1719 705 ἤρα

197 709 457 764 μεσαιπόλιος,
488 710 576 753 οὔτε
605 709 648 753 τὸ
678 709 784 765 παρὰ
810 709 950 768 Ἰβύκῳ
982 709 1142 766 ἀληθές,
1173 711 1270 754 ἀλλὰ
1302 711 1367 754 διὰ
1398 712 1488 764 τοὺς
1517 714 1718 766 πεσόντας.

198 779 312 817 Eust.
347 779 443 827 944,
475 780 548 818 43:
581 775 702 829 ἕτεροι
733 776 776 817 δὲ
807 768 1120 827 ἀκολουθοῦντες
1143 781 1189 834 τῇ
1213 780 1442 831 Σιμωνίδου
1472 780 1542 821 καὶ
1561 778 1719 835 Ἰβύκου

198 842 347 896 ἱστορίᾳ
377 841 500 893 φασὶν
542 838 595 890 ὥς
631 839 793 895 ἀληθῶς
829 839 890 883 ἆεὶ
927 840 1093 884 ε’νεκότει
1129 847 1180 900 τῷ
1213 841 1407 897 Ἰδομενεῖ
1430 848 1638 901 Δηΐφοβος
1669 843 1721 897 ὦς

199 903 423 961 ἆντεραστῇ.
453 904 531 960 ἤρα
561 904 650 961 γάρ,
682 908 792 959 φασί,
824 909 890 948 καὶ
921 905 1040 957 αὐτὸς
1069 911 1137 961 τῆς
1161 905 1333 962 Ἑλένης.
1359 946 1362 949 Δ

856 1024 925 1067 35.
959 1024 1066 1078 [16.]

319 1108 447 1148 801101.
473 1109 599 1149 Arist.
624 1109 744 1160 Vesp.
773 1112 876 1149 714:
909 1108 990 1149 Καὶ
1018 1106 1061 1150 τὸ
1093 1110 1208 1162 ξίφος
1239 1107 1286 1151 οὗ
1318 1108 1490 1164 δύναμαι
1514 1111 1720 1165 κατέχειν·]

201 1170 329 1226 ὥσπερ
361 1169 382 1214 ὁ
412 1172 639 1222 Μενέλαος·
671 1177 809 1215 τοῦτον
839 1171 914 1228 γάρ
946 1186 1068 1226 φασιν
1098 1171 1337 1228 ὁρμήσαντα
1358 1175 1422 1216 ε’πὶ
1457 1174 1529 1230 τὴν
1560 1173 1724 1230 Ἑλένην

201 1235 418 1291 ἀποβαλεῖν
447 1235 489 1279 τὸ
522 1239 654 1290 ξίφος·
685 1235 710 1291 ἡ
744 1237 787 1279 δὲ
817 1239 966 1291 ἱστορία
996 1236 1102 1292 παρὰ
1127 1236 1269 1295 Ἰβύκῳ
1301 1239 1366 1280 καὶ
1396 1238 1610 1295 Εὐριπίδῃ.
1667 1243 1724 1282 Si-

202 1304 312 1343 milia
349 1304 435 1344 Sch.
467 1304 634 1355 Lysistr.
676 1307 772 1344 155.
833 1305 963 1344 801ιο1.
993 1305 1130 1355 Eurip.
1160 1305 1285 1347 Andr.
1323 1308 1404 1346 631
1444 1308 1602 1357 planius
1638 1321 1725 1348 rem

203 1369 401 1418 exposuit:
442 1365 605 1420 ἄμεινον
646 1364 891 1425 ᾠκονόμηται
935 1371 1053 1409 ταῦτα
1092 1366 1198 1422 παρὰ
1233 1366 1373 1425 Ἰβύκῳ
1412 1368 1515 1425 (cod.
1552 1368 1599 1411 τὰ
1637 1371 1724 1425 περὶ

194 1428 394 1484 ”Ιβυκον)·
435 1433 490 1480 εἰς
528 1429 603 1486 γὰρ
638 1429 872 1486 Ἀφροδίτης
909 1431 1009 1475 ναὸν
1045 1432 1281 1488 καταφεύγει
1313 1431 1415 1489 (cod.
1446 1440 1566 1476 καταλ
1584 1468 1594 1477 .
1615 1469 1622 1476 .
1644 1469 1652 1478 .
1672 1435 1725 1490 ει)

202 1493 227 1549 ἡ
254 1493 406 1549 Ἑλένη,
430 1493 617 1538 κάκεῖθεν
642 1497 854 1552 διαλέγεται
877 1501 930 1554 τῷ
955 1496 1165 1554 Μενελάῳ,
1197 1496 1218 1541 ὁ
1245 1496 1282 1539 δ’
1310 1496 1379 1540 ὑπ’
1414 1500 1554 1553 ἔρωτος
1584 1498 1724 1554 ἆφίησι

202 1558 244 1602 τὸ
276 1563 400 1613 ξίφος.
461 1564 550 1602 Non
581 1567 687 1604 recte
720 1565 909 1616 Harbung
939 1566 1036 1605 haec
1067 1565 1189 1617 Ibyco
1220 1566 1421 1606 abiudicata
1451 1569 1492 1606 01,
1522 1568 1573 1607 ad
1604 1567 1725 1607 Stesi-

204 1628 314 1667 chori
339 1623 458 1668 Ἰλίου
489 1627 628 1681 πέρσιν
658 1629 795 1679 refer'o‚
827 1643 919 1670 nam
952 1630 1202 1670 Stesichorus
1233 1644 1396 1682 prorsus
1427 1632 1548 1671 aliam
1577 1633 1725 1671 famam

204 1695 364 1732 secutus
396 1694 468 1742 est,
499 1693 577 1733 vid.
608 1693 657 1732 fr.
690 1695 756 1733 25.

931 1810 1000 1852 36.

323 1892 411 1931 Soh.
442 1894 579 1944 Eurip.
611 1895 707 1934 Heo.
733 1896 807 1933 41:
834 1890 929 1934 Ὑπὸ
960 1894 1236 1950 Νεοπτολέμου
1267 1895 1389 1948 φασὶν
1419 1894 1543 1949 αὐτὴν
1574 1894 1725 1952 (Πολυ-

205 1953 339 2012 ξένην)
371 1960 671 2011 σφαγιασθῆναι
706 1955 932 2011 Εὐριπίδης
967 1960 1032 2000 καὶ
1058 1958 1228 2013 Ἴβυκος.
1288 1963 1397 2002 Haec
1434 1976 1588 2014 quoque
1625 1964 1726 2003 citra.

203 2024 484 2063 necessitatem
515 2023 742 2064 Stesichoro
773 2025 948 2065 vindicat
978 2027 1176 2076 Hartung.

862 2141 932 2184 37.
963 2141 1068 2195 [18.]

323 2224 410 2264 Sch.
441 2224 575 2275 Apoll.
605 2225 678 2264 Rh.
709 2225 767 2264 IV
800 2227 902 2266 814:
933 2222 1017 2266 Ὅτι
1061 2224 1104 2267 δὲ
1141 2223 1334 2280 Ἀχιλλεὺς
1374 2227 1428 2275 εἰς
1463 2223 1504 2268 τὸ
1541 2224 1726 2269 Ἠλύσιον

204 2289 342 2329 πεδίον
372 2285 687 2342 παραγενόμενος
717 2288 834 2342 ἔγημε
866 2287 1069 2343 Μήδειαν,
1099 2294 1250 2344 πρῶτος
1269 2289 1428 2345 Ἴβυκος
1459 2292 1599 2345 εἴρηκε,
1630 2289 1721 2345 μεθ’

204 2351 252 2394 ὂν
281 2354 519 2406 Σιμωνίδης.
581 2354 640 2396 Cf.
670 2355 817 2395 Eudoe.
850 2357 917 2396 85.

861 2471 930 2514 38.
964 2472 1069 2525 [20]

324 2554 412 2595 Sch.
444 2554 555 2594 Pind.
585 2554 700 2594 Nem.
732 2556 768 2593 X
802 2557 876 2595 12:
913 2553 1130 2609 Διομήδεια
1167 2554 1203 2597 δ’
1239 2554 1435 2611 ἄμβροτον
1465 2554 1596 2606 ξανθά
1632 2573 1724 2599 ποτε

204 2621 438 2667 Γλαυκῶπις
467 2618 588 2670 ἔθηκε
619 2616 751 2670 θεόν’]
791 2619 873 2660 Καὶ
903 2614 1016 2670 οὗτος
1049 2618 1238 2676 Ἀργεῖος,
1276 2618 1322 2671 ὃς
1358 2618 1410 2662 δι’
1450 2618 1592 2675 ἀρετὴν
1622 2619 1722 2674 ἆπη-

204 2683 448 2735 θανατίσθη·
485 2681 552 2723 καὶ
587 2682 665 2723 ἔστι
704 2683 792 2736 περὶ
829 2682 954 2738 (παρὰ
986 2687 1088 2726 Med.
1119 2681 1173 2741 B)
1209 2683 1278 2727 τὸν
1309 2683 1469 2739 Ἀδρίαν
1505 2684 1725 2740 Διομήδεια

205 2750 326 2799 νῆσος
356 2745 453 2801 ἱερά,
485 2747 528 2789 ἐν
560 2741 584 2802 ᾗ
614 2750 765 2800 τιμᾶται
796 2745 848 2797 ὡς
878 2747 989 2800 θεός·
1020 2750 1087 2791 καὶ
1105 2747 1265 2804 Ἴβυκος
1295 2749 1414 2793 οὕτω·
1446 2747 1523 2806 (ita
1554 2753 1646 2793 Vat.
1675 2754 1723 2803 Β,

207 2814 276 2851 sed
301 2814 404 2853 Med.
430 2814 463 2852 B
489 2809 631 2861 οὕτως·
655 2812 733 2853 καὶ
757 2810 828 2854 τ’ὶν
852 2810 948 2867 κτλ.)
979 2812 1051 2869 τὴν
1075 2811 1290 2868 Ἑρμιόνην
1319 2813 1448 2869 γήμας
1473 2812 1493 2857 ὃ
1518 2814 1723 2870 Διομήδης

206 2873 513 2930 ἆπηθανατίσθη
546 2874 620 2918 σὺν
649 2882 728 2927 τοῖς
764 2877 1038 2933 Διοσκούροις·
1078 2880 1143 2921 καὶ
1179 2877 1253 2935 γὰρ
1289 2877 1382 2935 (γὰρ
1414 2895 1488 2922 om.
1520 2883 1622 2923 Med.
1654 2879 1721 2938 B.)
