1864 3126
1782 0 1864 65 ...iffi

1851 82 1854 89 ι
1862 86 1864 90 ,

226 103 312 145 610
427 88 432 93 ’
523 130 525 134 .
792 101 982 137 ΡοΕΤΑΕ
1007 101 1186 138 Memor.

225 214 391 252 πίσαντα
422 214 500 251 τῶν
531 213 726 252 παιδικῶν
757 210 1020 263 περιέσεσθαι·
1060 209 1081 252 ὃ
1119 211 1179 264 δέ,
1216 209 1498 268 ὖπογενειοὶσας
1534 211 1679 266 αὐτόν,
1718 207 1749 255 ὦ

228 270 335 327 Οὖτι,
368 276 459 328 ἔφη,
492 274 727 329 δριμύτατον
768 276 838 329 μὲν
876 274 1111 329 ἀνθρώπιον
1149 277 1278 327 ἔοικας
1316 275 1415 318 εἶναι
1451 278 1517 318 καὶ
1555 278 1753 333 ἐγκατατε-

222 340 432 393 τριμμὲνον
463 341 505 381 ἒν
536 339 779 396 πράγμασιν·
811 340 903 382 ἄλλο
936 341 1065 394 μέντοι
1096 359 1130 383 τι
1161 345 1349 384 ποίκιλλε·
1381 343 1543 384 ἐνθένδε
1568 341 1642 398 γὰρ
1674 341 1749 386 οὖκ

224 403 472 458 ἀποδράσεις.
533 408 637 447 Nam
670 408 861 458 synesius
896 408 929 447 si
964 421 1043 447 non
1079 410 1210 459 ipsum
1249 422 1407 449 carmen
1444 411 1670 460 usurpavit,
1709 413 1752 450 ai:

224 473 422 511 rhetorem
457 473 630 523 aliquem
662 473 938 523 antiquiorem,
972 474 1038 523 qui
1068 474 1138 513 illo
1169 487 1264 513 usus
1297 477 1370 525 est,
1401 476 1574 514 videtur*
1591 478 1751 515 secutus

225 550 322 577 esse.
384 538 441 576 At
477 551 556 577 non
598 538 774 587 respexit
814 538 1074 578 Philoxenum
1111 539 1260 578 Himer.
1292 539 1312 577 I
1347 542 1418 579 19:
1457 539 1492 579 εἰ
1528 537 1570 579 δὲ
1607 538 1673 579 καὶ
1708 535 1751 580 τὸ

224 599 352 649 ἄνθος
383 604 450 653 τῆς
477 599 609 652 ὅψεως
633 599 801 655 γράφειν
827 601 1013 655 ἐθέλοιμι,
1039 599 1082 642 τὰ
1108 606 1283 654 ποιητῶν
1307 599 1460 657 ἀνάγκη
1487 602 1751 657 φθέγγεσθαι·

225 660 255 706 ὦ
287 664 570 719 λευκότητος
607 666 685 706 καὶ
721 665 970 720 γάλακτος·
1007 670 1125 707 ταῦτα
1161 664 1235 721 γάρ
1272 665 1352 708 πού
1389 684 1445 716 τις
1475 665 1624 721 ποιμὴν
1654 666 1748 721 παρ’

227 731 389 780 ε’κείνοις
420 735 564 772 ποθῶν
602 730 674 784 τὴν
711 730 926 773 Γαλάτειαν
960 729 1033 785 τὴν
1068 733 1258 786 Νηρηίδα
1293 726 1566 786 προσείρηκεν,
1603 733 1647 774 ἐκ
1683 736 1752 786 τῆς

226 796 367 837 ἑαυτοῦ
404 794 572 850 ποιήσας
610 796 745 850 τέχνης
781 794 823 838 τὸ
861 797 984 850 μέλος.
1045 811 1137 837 nam
1173 799 1247 837 hoc
1284 798 1334 836 ad
1373 798 1569 838 Theocrit.
1601 799 1656 837 XI
1695 800 1752 838 20

224 863 488 914 referendum,
520 865 673 903 frusizra
704 864 810 903 enim
841 865 1031 914 Hartung
1056 866 1272 913 praeeunte
1299 863 1596 903 Schneidewino
1622 865 1663 902 in
1688 863 1750 903 his

223 927 435 968 Philoxeni
465 943 644 969 versum:

535 1004 588 1050 ’Ὦ
618 1007 845 1060 λευκότατος
876 1011 942 1052 καὶ
972 1008 1162 1066 γάλακτος
1192 1008 1430 1061 λευκοτέρας.

226 1096 293 1146 qui
325 1096 487 1145 antiquo
519 1097 638 1145 poeta
667 1096 786 1145 plane
817 1096 1004 1146 indignus
1037 1098 1108 1144 est,
1141 1095 1218 1133 sibi
1247 1094 1406 1133 viderur
1431 1094 1749 1144 deprehendisse.

227 1182 281 1187 -—
323 1161 382 1199 Ex
419 1161 628 1199 Philoxeni
669 1159 841 1210 Cyclope
878 1161 1048 1199 fortasse
1084 1159 1255 1209 pehiizum
1294 1161 1355 1197 est
1392 1159 1648 1209 proverbium
1685 1173 1750 1210 ap.

228 1225 394 1276 Diogen.
427 1225 505 1263 VII
538 1228 610 1265 82:

742 1309 833 1359 Πῦρ
865 1305 927 1347 ἐπὶ
960 1303 1083 1346 δαλὸν
1111 1303 1243 1346 ἐλθόν.

226 1389 286 1429 ἐπὶ
319 1392 397 1430 τῶν
436 1388 580 1442 ταχέως
615 1390 851 1443 γινομένων·
890 1386 967 1430 ἀπὸ
1006 1392 1075 1430 τοῦ
1113 1386 1332 1437 Κύκλωπος
1362 1384 1387 1440 ἡ
1421 1383 1633 1442 μεταφοροῖ.
1682 1379 1749 1430 ubi

224 1456 302 1494 vid.
334 1455 498 1505 interpr.
563 1456 641 1494 Sed
673 1468 767 1505 cave
798 1469 847 1494 ne
879 1457 975 1494 item
1006 1457 1083 1493 hue
1114 1450 1264 1493 referas
1295 1455 1480 1504 proverb.
1512 1467 1573 1505 ap.
1606 1456 1750 1495 Zenob.

224 1522 244 1559 I
272 1523 345 1560 92:
366 1515 448 1559 ’Ὰν
481 1515 623 1560 οἶνον
654 1521 779 1575 αἰτῇ,
811 1518 1050 1560 κόνδυλον
1081 1516 1202 1575 αὐτῷ
1237 1519 1385 1559 δίδου.
1417 1517 1481 1558 ἐπὶ
1511 1522 1590 1559 τῶν
1615 1515 1750 1573 ἆγαθᾶ

226 1582 297 1636 μὲν
329 1581 562 1635 αἰτούντων,
594 1581 705 1624 δεινὰ
737 1583 780 1624 δὲ
810 1582 1103 1638 λαμβανόντων.
1140 1581 1165 1636 ἡ
1199 1582 1242 1624 δὲ
1273 1584 1422 1636 ἱστορία
1453 1577 1532 1624 ἀπὸ
1563 1587 1634 1624 τοῦ
1665 1581 1749 1624 Κύ-

224 1653 392 1700 κλωπος,
424 1646 601 1702 παρόσον
631 1646 791 1702 αἰτήσας
822 1646 934 1690 οἶνον
963 1647 1032 1690 τὸν
1058 1647 1247 1690 Ὀδυσσέα
1284 1652 1362 1689 τῶν
1394 1646 1616 1701 ὀφθαλμῶν
1653 1649 1751 1690 ἐστε-

197 1711 332 1766 ’ρήθη
365 1717 443 1754 κτλ.
473 1716 661 1754 videntur
693 1717 798 1754 enim
823 1716 1091 1767 grammatici,
1123 1716 1191 1766 qui
1222 1717 1319 1755 haec
1350 1716 1401 1753 ad
1427 1714 1610 1765 Cyclopis
1641 1716 1752 1754 fabu-

226 1780 308 1818 lam
332 1780 587 1828 rehtulerunt,
620 1780 778 1818 omnino
805 1780 986 1819 doo‘nrina
1011 1781 1290 1831 intempestive
1315 1781 1378 1819 usi
1404 1793 1508 1830 esse3
1540 1781 1646 1819 reesse
1672 1781 1751 1819 vim

228 1846 429 1894 proverbii
462 1845 623 1894 exponiss
654 1845 774 1884 schol.
806 1846 1009 1896 Aristoph·
1042 1846 1131 1886 Pae.
1166 1847 1267 1885 123:
1300 1845 1478 1896 φαίνεται
1508 1840 1550 1884 τὸ
1582 1843 1645 1883 ἐπὶ
1674 1846 1752 1884 τῶν

229 1909 400 1948 παιδίων
431 1905 641 1962 λεγόμενον
672 1905 836 1961 ἀρχαῖον
867 1907 930 1949 b'v'

507 1987 559 2043 ἢν
592 1988 628 2030 δ’
664 1987 775 2031 οἶνον
807 1992 907 2046 αἰτῇ,
938 1988 1158 2039 κονδύλους
1190 1988 1293 2047 αὐτῷ
1327 1992 1454 2032 δίδου.

224 2071 322 2127 ὑπὲρ
353 2076 422 2114 τοῦ
453 2073 599 2121 ἐθίζειν
628 2071 719 2123 τοὺς
751 2075 897 2122 παῖδας
928 2073 1051 2127 μηδέν
1081 2090 1116 2113 τι
1146 2070 1322 2127 περιττὸν
1354 2074 1484 2114 αἰτεῖν.

954 2191 1025 2233 *6.

319 2279 915 2306 Λυ--ύύυ---Ιυ-ἓ.)

321 2356 655 2411 Συμβαλοῦμαί
681 2371 722 2397 τι
754 2354 884 2411 μέλος
914 2351 1023 2410 ὑμῖν
1055 2356 1118 2406 εἰς
1150 2356 1302 2410 ἔρωτα.

320 2509 376 2544 Fr.
404 2513 436 2543 6
485 2508 620 2543 Aizhen.
639 2507 708 2542 XV
729 2508 859 2543 6921).
883 2505 987 2543 Ἐπεὶ
1013 2504 1051 2542 ὃ
1079 2505 1251 2543 ἐνταῦθα
1276 2507 1342 2542 τοῦ
1368 2504 1481 2552 λόγου
1508 2504 1630 2564 ἐσμέν,
1657 2519 1746 2553 συμ-

226 2558 416 2610 βαλοῦμαί
435 2569 470 2590 τι
495 2555 603 2600 μέλος
627 2553 717 2600 ὑμῖν
743 2554 795 2595 εἰς
821 2553 955 2600 ε’·ρωτα
983 2553 1078 2589 κατὰ
1105 2552 1170 2590 τὸν
1190 2552 1386 2599 Κυθήριον
1406 2566 1582 2600 ποιητην.
1608 2554 1686 2589 Ead
1689 2567 1748 2589 em

226 2603 377 2649 respicit
397 2603 447 2638 Vl
467 2607 533 2638 271
551 2603 597 2637 B:
623 2603 900 2664 Συμβαλοῦμαί
920 2616 954 2637 τι
979 2602 1042 2637 καὶ
1068 2598 1182 2642 αὐτὸς
1207 2600 1316 2647 μέλος
1340 2601 1393 2642 εἰς
1419 2600 1538 2646 ἔρωτα
1562 2602 1612 2648 τῷ
1638 2602 1745 2649 σοφῷ

227 2651 291 2686 καὶ
322 2649 485 2707 φιλτατῳ
519 2651 754 2707 Δημοκρίτῳ
799 2650 967 2694 Respicit
997 2650 1145 2694 Dionys.
1177 2648 1259 2685 Hal.
1294 2650 1339 2684 de
1371 2661 1489 2694 comp.
1521 2638 1621 2684 verb.
1649 2661 1678 2683 c.
1708 2654 1744 2683 1:

230 2698 283 2738 εἰς
309 2696 355 2743 δὴ
381 2698 492 2733 τοῦτο
518 2696 558 2733 τὸ
587 2695 708 2754 μέρος,
735 2693 754 2731 ὃ
782 2698 847 2732 δεῖ
865 2697 1013 2756 πρῶτον
1038 2695 1139 2737 νέοις
1152 2694 1384 2752 ἀσκεῖσθαι,
1409 2693 1669 2753 συμβάλλομαί
1690 2708 1748 2731 σοι

232 2746 343 2789 μέρος
368 2746 430 2790 (Μ.
453 2744 624 2780 Schmidt
650 2742 771 2789 μέλος)
798 2743 851 2784 εἰς
876 2743 940 2779 τὸν
967 2743 1097 2788 ἔρωτα,
1123 2741 1164 2779 τὸ
1191 2743 1276 2800 περὶ
1303 2724 1516 2783 συνθέσεως
1526 2739 1746 2802 ὀνομάτων.

229 2794 267 2826 et
292 2793 448 2827 fortasse
468 2792 581 2828 etiam
602 2792 710 2827 Plato
731 2791 1047 2851 Sympos.185C:
1078 2788 1207 2826 Ταῦτά
1235 2803 1304 2834 σοι,
1331 2789 1417 2834 ἔφη,
1443 2787 1492 2830 ὡς
1519 2787 1559 2825 έκ
1586 2791 1652 2825 τοῦ
1679 2803 1748 2825 πα-

229 2840 410 2885 ραχρῆμα,
436 2833 465 2874 ὦ
493 2840 644 2884 Φαῖδρε,
670 2840 755 2883 περὶ
774 2837 932 2883 Ἔρωτος
953 2835 1219 2884 συμβαλλομαι.
1258 2838 1362 2872 Adde
1381 2837 1554 2872 Proverb.
1577 2838 1748 2882 Append.
