1864 3126
779 128 1055 166 SIMONIDES.
1597 129 1687 171 445

148 242 247 283 haee
278 243 464 284 subiecit:
505 238 600 282 ὥστε
637 238 721 293 ὥρα
753 253 815 282 σοι
846 237 1038 281 σκώπτειν
1070 236 1215 290 αὖτοὺς
1247 236 1300 290 ὦς
1330 237 1544 295 ἀδολέσχοις
1575 237 1685 289 τινὰς

150 304 314 361 νεκροὺς
345 307 410 349 καὶ
442 301 517 349 οὐκ
542 304 695 356 εἰδότας
719 302 889 360 ἡσυχίαν
913 304 1042 360 ἄγειν·
1074 300 1172 347 udae}
1204 319 1245 347 σε
1277 303 1398 359 ἀνήρ
1428 323 1499 356 τις
1529 309 1685 359 Σιμω-

148 372 332 422 viduos
368 369 593 426 ἀμείψεται·
642 370 892 425 ὤνθρωπε,
939 375 1094 412 κεῖσαι
1138 373 1231 420 ζῶν
1273 372 1339 413 ἔτι
1376 375 1553 425 μᾶλλον
1594 374 1686 413 τῶν

146 433 238 480 ὑπὸ
268 442 354 493 γῆς
384 437 583 479 ἐκείνων
614 434 780 492 (Simon.
822 439 871 478 fr.
905 435 990 489 60).
1042 435 1138 490 φέρε
1169 434 1218 490 δὴ
1250 436 1463 478 καὶταῦτα
1488 436 1684 487 ἐξέτασον·

147 499 174 544 ἆ
205 507 371 546 Μοῖσα
407 500 495 558 γὰρ
527 534 536 543 .
568 534 579 544 .
611 536 618 543 .
652 534 660 543 .
696 502 986 556 θεριζομένα
1024 499 1191 558 (Simon.
1236 504 1285 544 fr.
1332 500 1419 557 96).
1487 500 1594 544 ταῦτ’
1636 500 1686 544 οὗ

149 569 263 611 δοκεῖ
287 582 349 611 σοι
380 571 519 621 σαφῶς
545 564 566 610 ὅ
597 566 802 622 ποιητὴς
834 566 976 610 ἑαυτὸν
1002 568 1177 610 ἐπαινῶν
1202 567 1327 622 λέγειν
1353 564 1405 617 ὦς
1429 565 1596 623 γόνιμον
1619 567 1686 609 καὶ

128 631 318 689 μπόριμον
343 635 398 684 εἰς
422 631 469 676 τὰ
495 634 610 688 μέλη;
641 636 679 676 τί
701 631 738 675 δ’
768 631 931 676 ἐπειδὰν
956 633 1064 689 λέγῃ·
1098 631 1157 687 μί
1185 649 1265 686 μοι
1296 632 1596 676 καταπαύετε
1616 667 1624 676 .
1646 667 1654 676 .
1676 667 1684 675 .

150 695 295 749 αὐλός
334 696 501 756 (Simon.
540 702 590 742 fr.
622 696 712 756 46).
780 702 923 753 Itaque
963 702 1238 742 adversarium
1270 702 1399 741 facete
1439 702 1685 752 redarguens

148 766 315 806 adhibet
339 780 501 808 versum
522 767 793 808 Simonidem
818 781 867 807 ex
893 767 1035 808 melico
1056 767 1229 807 carmine
1249 767 1298 807 fr.
1315 763 1436 819 60,*)
1463 770 1504 807 et
1523 767 1686 807 tandem

145 845 330 873 reversus
362 834 411 873 ad
445 834 712 884 propositum,
744 847 769 873 a
795 846 873 885 quo
906 834 1196 882 declinaverat,
1228 834 1345 872 docet
1370 833 1502 884 ipsum
1527 846 1685 884 quoque

145 901 306 949 poetam
337 900 511 951 ingenue
542 900 681 939 laudes
714 912 807 939 suas
839 899 1104 939 testificatum
1137 894 1310 951 esse.**)
1362 898 1448 937 Iam
1483 898 1685 938 Simonide

147 966 189 1003 et
213 953 366 1005 melicis
392 965 522 1015 poetis
548 965 744 1004 absolutis
770 965 919 1018 transit
944 965 1082 1004 rhetor
1101 964 1152 1003 ad
1175 964 1439 1004 historiarum
1461 965 1684 1015 scriptores.

265 1030 312 1069 In
327 1033 466 1081 aperto
486 1030 612 1082 igitur
625 1033 697 1080 est,
718 1030 1032 1084 disputationem
1052 1030 1101 1069 de
1120 1030 1263 1080 titulis,
1284 1029 1326 1069 in
1346 1030 1492 1080 quibus
1505 1029 1683 1070 Graecae

148 1095 333 1136 civitates
349 1095 636 1146 sempiternam
648 1107 783 1134 rerum
796 1097 1004 1146 gestarum
1023 1095 1192 1146 gloriam
1213 1094 1423 1146 magnifice
1444 1095 1686 1145 extulerunt,

149 1160 387 1212 parcebasin
418 1174 524 1212 esse,
568 1161 638 1200 sed
670 1162 716 1200 ut
746 1173 820 1211 par
857 1162 920 1200 est
955 1173 1035 1200 non
1078 1161 1251 1200 alienam
1289 1173 1314 1200 a
1349 1160 1568 1211 proposito.
1624 1160 1683 1199 Si-

147 1223 301 1266 monidi
331 1227 395 1266 sui
424 1226 610 1266 fiduciam
641 1239 721 1267 non
752 1225 927 1266 defuisse
965 1226 1007 1264 in
1045 1226 1239 1277 principio
1278 1228 1319 1266 et
1358 1227 1400 1265 in
1431 1225 1509 1264 fine
1542 1226 1685 1276 capitis

146 1292 285 1332 rhetor
310 1292 601 1343 comprobavit:
627 1292 707 1331 iam
726 1291 1061 1342 quemadmodum
1088 1304 1228 1343 supra,
1253 1292 1323 1331 ubi
1344 1291 1393 1330 de
1412 1290 1535 1341 epicis
1554 1291 1684 1341 poetis

145 1357 271 1398 verba
294 1357 402 1406 fecit,
428 1358 606 1398 ostendit
631 1359 772 1398 heroes
797 1357 840 1396 in
864 1358 1109 1409 carminibus
1134 1357 1360 1398 Homericis
1386 1358 1514 1396 multa
1541 1357 1685 1408 gloria·

146 1425 210 1463 tos
243 1436 349 1473 esse,
387 1424 445 1463 ita
481 1424 546 1463 hic
577 1424 694 1464 docet
723 1423 1007 1471 Athenienses,
1040 1422 1237 1472 Laconas,
1270 1421 1500 1462 Corinthios
1530 1423 1574 1461 in
1604 1435 1686 1462 car-

146 1488 321 1528 minibus
349 1487 588 1528 Simonideis
614 1501 708 1529 suas
734 1489 907 1529 virtutes
934 1488 1075 1528 eximie
1100 1488 1414 1539 praedicavisse:
1446 1487 1685 1528 Simonideis

145 1566 217 1604 per
257 1554 390 1594 omnia
429 1554 570 1605 elogiis
608 1555 738 1594 utitur
780 1555 935 1594 rhetor:
986 1554 1083 1605 quid
1123 1555 1230 1594 enim
1273 1556 1522 1607 perversius,
1565 1567 1685 1607 quam

146 1620 317 1660 aliorum
348 1622 560 1671 poetarum
591 1620 768 1659 carmina
798 1619 1001 1668 adhibere,
1032 1621 1104 1658 aut
1134 1619 1266 1658 aliena
1297 1619 1535 1660 Simonideis
1566 1620 1686 1659 inter-

146 1684 308 1725 serere?
370 1685 512 1736 Itaque
544 1685 676 1724 omnia
706 1686 803 1725 haec
835 1685 1131 1736 epigrammata
1161 1697 1226 1724 res
1267 1684 1383 1724 bellis
1418 1685 1582 1724 Medicis
1620 1685 1685 1724 vel

146 1751 267 1801 paulo
304 1752 397 1790 ante
434 1752 571 1802 gestas
609 1751 834 1803 illustrant3
876 1750 1037 1790 namsi
1068 1750 1268 1789 Aristides
1308 1750 1444 1789 dedita
1482 1762 1605 1802 opera
1635 1749 1684 1788 de

149 1815 279 1855 laudis
312 1815 458 1867 studio,
490 1829 567 1867 quo
600 1829 737 1856 omnes
763 1817 924 1856 omnino
951 1817 1135 1856 civitates
1161 1816 1373 1864 ducuntur,
1406 1815 1685 1866 disputaturus

148 1884 255 1930 erat,
291 1882 473 1932 exempla
511 1882 760 1922 diversarum
792 1882 989 1922 aetatium
1021 1880 1315 1932 proposuisset3
1356 1893 1460 1920 nunc
1497 1880 1683 1931 quoniam

147 1946 196 1984 de
222 1944 422 1986 Simonide
454 1948 535 1985 tam
564 1959 727 1986 suarum
753 1959 875 1998 quam
906 1947 1129 1986 alienarum
1159 1946 1326 1986 laudum
1357 1958 1551 1996 praecone
1577 1945 1684 1994 dicit,

148 2024 195 2051 ex
220 2011 339 2050 huius
358 2014 500 2062 poetae
520 2012 762 2052 carminibus
782 2012 1019 2053 documenta
1039 2015 1155 2052 erant
1179 2011 1363 2063 petenda.
1415 2011 1565 2051 Rhetor
1590 2011 1685 2049 dum

146 2077 306 2126 librum,
339 2077 408 2128 qui
434 2076 649 2117 Simonidis
682 2079 974 2129 epigrammata
999 2078 1246 2126 continebat,
1278 2076 1447 2126 evolvit,
1479 2077 1618 2116 statim
1643 2077 1684 2115 in

148 2142 405 2192 poematium,
438 2142 543 2194 quod
572 2145 691 2193 poeta
724 2144 929 2194 octoginta
954 2156 1078 2183 annos
1109 2144 1229 2182 natus
1261 2142 1495 2193 scripserat,
1527 2141 1683 2192 incidit3

146 2207 227 2246 iam
263 2220 354 2246 cum
391 2208 525 2259 pergit
561 2209 758 2259 explicare
795 2209 1000 2259 volumen,
1040 2209 1217 2248 animum
1256 2207 1431 2246 advertit
1469 2208 1518 2246 ad
1550 2207 1686 2258 elogia

147 2271 319 2322 publicis
337 2274 606 2313 monumentis
623 2273 836 2324 destinata,
856 2287 982 2325 eaque
995 2287 1059 2313 res
1074 2287 1166 2314 eum
1186 2272 1397 2323 permovit,
1418 2274 1465 2310 ut
1478 2273 1684 2322 paulisper

149 2349 173 2376 a
190 2337 397 2387 proposito
411 2336 702 2388 digrederetur.
734 2339 876 2390 Itaque
897 2340 1029 2379 omnia
1043 2339 1347 2390 epigrammata,
1367 2349 1469 2387 quae
1483 2337 1683 2377 Aristides

149 2402 350 2451 adhibuit,
376 2402 418 2441 in
438 2401 679 2443 editionibus
698 2405 919 2443 carminum
939 2403 1276 2451 Simonideomm,
1304 2414 1402 2453 quas
1426 2402 1683 2442 Alexandrini

148 2467 276 2507 critici
308 2464 714 2521 adornaverunt***),
745 2469 841 2508 olim
871 2470 1129 2520 legebantur,
1159 2481 1287 2520 neque
1314 2468 1485 2518 amplius
1510 2481 1584 2518 par
1610 2471 1685 2518 est,

246 2646 280 2693 *)
306 2645 390 2682 Nisi
415 2646 512 2683 forte
537 2646 629 2684 haec
656 2658 804 2693 quoque
829 2647 946 2684 verba
970 2659 1015 2684 ex
1041 2648 1314 2695 epigrammate
1339 2647 1501 2694 repetita
1526 2650 1621 2685 sunt.

222 2741 279 2788 **)
304 2742 364 2779 Fr.
390 2745 447 2778 46.
492 2742 722 2778 Simonidem
755 2742 829 2778 dici
855 2743 1096 2779 manifestum
1122 2745 1196 2787 est,
1235 2754 1355 2788 neque
1386 2754 1552 2789 unquam
1583 2743 1683 2790 quis-

148 2799 261 2834 quam
286 2788 347 2825 hic
372 2789 584 2826 haesitavit.

205 2883 280 2929 **‘)
307 2883 490 2921 Videntur
515 2886 660 2921 veteres
679 2885 918 2932 grammatici
937 2884 1209 2932 epigrammata
1227 2884 1282 2921 ita
1300 2884 1538 2931 disposuisse,
1564 2888 1607 2922 ut
1625 2897 1681 2930 ea,
