1864 3126
210 147 297 190 286
530 160 531 163 ’
778 147 967 184 ΡΟΕΤΑΕ
993 147 1171 184 MELICI.

801 258 895 300 116.
928 257 1026 313 [Ep.
1062 259 1145 311 18.]

306 343 468 382 Βοίδιον
500 338 548 382 οὐ
579 339 738 394 χοάνοις
768 341 1050 395 τετυπωμένον,
1082 339 1165 382 ἄλλ’
1198 339 1277 383 ὑπὸ
1308 340 1438 396 γήρως

366 406 583 459 χαλκωθέν,
615 406 780 462 σφετέρῃ
810 402 986 458 ψεύσατο
1018 407 1114 460 χειρὶ
1144 405 1314 460 Μύρων.

842 595 1104 647 117.[130]

325 681 470 719 Strabo
507 681 603 718 XIV
646 682 749 719 633:
790 678 872 719 Τέω
911 677 954 718 δὲ
985 675 1165 731 Ἀθάμας
1202 678 1273 731 μὲν
1312 677 1501 733 πρότερον
1537 677 1734 735 (ἔκτισεν),

211 741 346 797 διόπερ
373 742 698 797 Ἀθαμαντίδα
728 749 842 785 καλεῖ
867 741 991 797 αὐτὴν
1016 741 1248 796 Ἀνακρέων.
1297 747 1448 786 Eadem
1481 747 1615 796 Steph.
1641 748 1733 798 Byz.

211 823 248 849 v.
282 808 399 857 Τέως.

843 902 1105 955 118.[133]

330 988 445 1027 Plato
477 988 629 1038 Theag.
665 987 813 1026 125D:
852 988 941 1027 ΣΩ.
977 984 1092 1027 Ταῦτ’
1128 987 1249 1038 ἔστιν,
1280 985 1378 1040 ἅπερ
1410 987 1487 1040 ἔφη
1515 985 1735 1040 Ἀνακρέων

209 1049 282 1103 τὴν
322 1052 582 1103 Καλλικρίτην
619 1047 693 1104 (sic
734 1066 777 1102 u⁷
814 1053 935 1103 vulgo
973 1049 1265 1129 Καλλικρήτην)
1308 1052 1555 1093 ἐπίστασθαι·
1595 1049 1620 1105 ἢ
1662 1050 1735 1094 οὐκ

211 1113 330 1157 οἶσθα
360 1113 402 1156 τὸ
435 1110 556 1170 ᾀσμα;
599 1117 683 1156 ΘΕ.
715 1115 845 1170 ἔγωγε.
882 1119 972 1156 ΣΩ.
1014 1118 1063 1157 Τί
1097 1117 1188 1165 οὐν;
1229 1114 1410 1170 τοιαύτης
1446 1115 1551 1166 τινὸς
1589 1117 1655 1158 καὶ
1686 1115 1735 1158 σὺ

211 1182 422 1229 ξυνουσίας
454 1179 662 1232 ἐπιθυμεῖς
699 1178 864 1234 ἀνδρός,
902 1179 1005 1230 όστις
1041 1198 1206 1235 τυγχανε
1190 1199 1222 1222 ι
1259 1179 1465 1235 ὁμότεχνος
1502 1179 1560 1222 ὢν
1596 1185 1735 1223 Καλλι-

209 1246 319 1301 κρίτῃ
350 1248 394 1299 τῇ
427 1242 593 1297 Κυανης
625 1241 701 1300 (sic
727 1245 774 1298 Ἡ,
801 1248 922 1298 vulgo
954 1244 1153 1301 Κυανῆς),
1185 1246 1251 1287 καὶ
1281 1247 1477 1287 ἐπίσταται
1507 1263 1735 1300 τυραννικα,

211 1309 340 1363 ὥσπερ
372 1310 527 1363 ἐκείνην
558 1310 635 1363 ἔφη
669 1307 689 1351 ὃ
721 1308 898 1364 ποιητής,
929 1311 995 1351 ἴνα
1025 1311 1089 1351 καὶ
1121 1308 1170 1351 σὺ
1201 1308 1296 1363 ἡμῖν
1325 1309 1518 1365 τύραννος
1542 1311 1637 1366 γένῃ
1667 1312 1734 1352 καὶ

209 1379 256 1431 τῇ
285 1372 406 1416 πόλει.
467 1376 586 1426 Apud
617 1377 762 1415 Arcad.
797 1379 895 1426 110,
929 1378 981 1416 25
1015 1374 1144 1428 κυάνη
1176 1373 1315 1428 κύριον
1346 1378 1514 1428 legitur,
1547 1379 1616 1418 sed
1647 1392 1735 1418 cum

210 1443 258 1480 de
298 1442 510 1491 bisyllabis
549 1444 713 1492 agaizur,
750 1443 1041 1481 restituendum
1080 1438 1217 1493 Κάνη,
1255 1443 1359 1492 quod
1400 1444 1522 1482 etiam
1559 1443 1738 1482 Schmidt

209 1507 321 1547 vidi'u.
382 1507 536 1546 Nomen
580 1508 778 1546 KYANE
820 1510 1024 1557 comparet
1063 1507 1104 1546 in
1145 1508 1306 1546 vasculo
1348 1508 1477 1546 Musei
1517 1508 1737 1546 Britannici

209 1572 316 1622 quod
342 1573 551 1622 descripsit
577 1572 846 1611 Broendstedt
870 1586 907 1622 p.
936 1575 1004 1621 56,
1030 1574 1167 1622 estque
1192 1572 1274 1610 illic
1299 1572 1406 1610 haud
1431 1572 1550 1611 dubie
1576 1573 1736 1610 Atticae

209 1637 393 1688 virginis,
439 1638 635 1688 siquidem
678 1637 827 1676 ibidem
869 1637 991 1676 fontis
1035 1649 1179 1675 nomen
1222 1638 1627 1675 KAAIPEKPENE
1670 1637 1734 1675 ad-

210 1703 414 1752 scriptum.

841 1793 937 1835 119.
972 1793 1106 1845 [134]

328 1880 456 1919 Schol.
489 1880 621 1929 Apoll.
651 1878 775 1917 Rhod.
808 1879 828 1916 Ῑ
857 1880 958 1918 789:
990 1879 1150 1929 Καλῆς
1182 1873 1244 1916 δι’
1278 1873 1582 1927 ἆναστᾶδος“]
1615 1881 1736 1930 καλῆς

215 1943 270 1994 δέ,
300 1942 387 1996 ἤτοι
418 1941 475 1984 ὅτι
506 1943 681 1995 βασίλεια
712 1939 757 1981 τὰ
789 1939 980 1994 οἰκήματα
1009 1938 1036 1993 ἢ
1074 1939 1131 1982 ὅτι
1168 1939 1346 1995 ἐρωτικά·
1383 1945 1542 1981 τοιαῦτα
1577 1939 1652 1996 γὰρ
1687 1939 1734 1981 τὰ

207 2012 285 2049 τῶν
310 2007 534 2061 ἐρωμένων·
568 2002 620 2056 ὦς
645 2006 710 2047 καὶ
730 2004 953 2059 Ἀνακρέων
978 2005 1042 2046 ἐπὶ
1066 2004 1263 2058 ἐρωμένης
1288 2008 1421 2058 φησίν.
1470 2007 1735 2046 Anacreonizis

206 2077 317 2114 locus
349 2075 539 2114 excidisse
571 2074 742 2114 videtur.

327 2276 486 2314 Maxim.
518 2275 612 2326 Tyr.
644 2275 774 2313 XXIV
807 2277 850 2313 9:
882 2269 935 2312 ‘H
965 2271 1008 2312 δὲ
1045 2275 1114 2313 τοῦ
1149 2273 1272 2324 Τηΐου
1303 2274 1492 2323 σοφιστοῦ
1521 2270 1634 2324 τέχνη
1664 2274 1734 2312 τοῦ

208 2338 330 2381 αὐτοῦ
368 2338 501 2393 ἤθους
540 2339 605 2380 καὶ
642 2337 806 2391 τρόπου·
851 2338 916 2379 καὶ
958 2335 1032 2392 γὰρ
1071 2335 1233 2378 πάντων
1272 2336 1341 2392 ἐρᾷ
1379 2339 1458 2376 τῶν
1499 2338 1630 2376 καλῶν
1667 2334 1733 2375 καὶ

208 2406 362 2446 ἐπαινεῖ
397 2403 546 2453 πάντας
692 2404 758 2444 καὶ
795 2397 916 2452 αὖθις
954 2399 1100 2443 καλὸν
1140 2398 1263 2442 εἶναι
1302 2405 1361 2458 τῷ
1401 2401 1535 2454 ἔρωτι
1574 2398 1627 2440 τὰ
1667 2401 1733 2440 δί-

207 2466 320 2511 καιά
353 2483 460 2522 φησι.

843 2561 1105 2614 121.[136]

330 2649 475 2687 Athen.
507 2649 526 2687 I
561 2651 612 2688 12
627 2649 680 2687 A:
713 2643 818 2699 Παρ’
860 2643 957 2698 ὅλην
995 2644 1038 2685 δὲ
1074 2641 1147 2696 τὴν
1184 2645 1399 2685 συνουσίαν
1434 2641 1659 2695 παρέκειντο
1690 2643 1735 2682 αἱ

209 2809 325 2841 quens
346 2798 578 2842 epigramma
600 2795 822 2832 Anacreonti
842 2794 1142 2837 abiudicandum,
1162 2793 1233 2829 nisi
1253 2793 1348 2828 forte
1367 2792 1521 2827 iunioris
1540 2793 1613 2827 fuit
1632 2793 1728 2826 Ana-

209 2847 431 2935 memssffi'gr·
462 2896 539 2928 110,
590 2893 702 2927 Anth.
730 2891 807 2927 Pal.
834 2890 885 2924 IX
912 2893 998 2925 716:
1023 2889 1091 2924 τοῦ
1117 2885 1235 2924 αὐτοῦ
1260 2884 1557 2933 (Ἀνακρέοντος).

1761 1316 1852 1350 1038
