1864 3126
34 0 60 28 κ
85 36 122 51 ιι·-

0 0 44 222 ,Ρ
78 116 83 121 ’
732 126 1074 166 STESICHORUS.
1583 130 1670 173 213

0 226 6 282 ξ
868 237 939 280 20.
1685 258 1755 292 980

256 323 346 365 sch.
377 323 514 376 Eurip.
540 323 663 364 Andr.
693 325 765 363 10:
797 323 1037 377 Στησίχορος
1068 322 1199 377 μέντοι
1228 324 1378 378 ἱστορεῖ
1396 322 1545 378 (Cobet
1568 328 1668 378 Στη-

135 388 295 443 σίχορον
332 420 341 430 .
367 420 377 430 .
403 422 411 430 .
448 384 654 444 ἱστορεῖν),
691 385 750 430 ὅτι
786 386 973 442 τεθνήκοι
1016 386 1058 443 (ὁ
1090 386 1349 443 Ἀστυάναξ),
1389 389 1454 431 καὶ
1491 387 1560 432 τὸν
1597 388 1670 445 τὴν

135 452 314 509 Πέρσιδα
344 451 599 509 συντεταχότα
630 487 639 497 .
661 486 669 496 .
691 488 698 496 .
730 452 915 508 ποιητήν,
945 452 1004 496 ὅτι
1035 454 1102 496 καὶ
1132 451 1212 497 ἀπὸ
1243 458 1314 497 τοῦ
1344 457 1494 509 τείχους
1523 457 1669 511 ριφείη.

797 584 866 627 21.
899 583 1007 637 [3ο.]

253 670 371 711 Paus.
396 671 431 710 X
459 672 527 720 26,
563 672 605 710 1:
636 667 849 723 Κλυμένην
879 667 952 722 μὲν
983 661 1058 710 οὖν
1087 670 1328 723 Στησίχορος
1359 669 1403 711 ἐν
1429 667 1548 712 Ἰλίου
1578 670 1669 725 πέρ-

133 736 213 777 σιδι
243 736 537 789 κατηρίθμηκεν
568 733 612 775 ἐν
641 738 727 783 ταῖς
757 730 1026 788 αἰχμαλώτοις.
1396 765 1399 767 >

796 863 865 906 22.
898 863 1005 917 [31.]

252 962 370 1002 Paus.
401 962 437 1001 X
470 964 538 1014 26,
571 965 614 1003 9:
647 940 848 1002 Μέδουσα
881 958 924 1001 δὲ
954 960 1172 1015 κατέχουσα
1207 966 1292 1011 ταῖς
1328 961 1459 1015 χερσὶν
1497 959 1670 1015 ἀμφοτέ-

133 1043 220 1080 ραις
247 1022 318 1068 τὸν
348 1023 573 1080 ὑποστάτην
603 1026 668 1068 ἐπὶ
697 1029 766 1068 τοῦ
799 1023 977 1079 ἐδάφους
1007 1023 1196 1080 κάθηται·
1227 1027 1271 1068 ἐν
1302 1026 1346 1068 δὲ
1370 1031 1456 1076 ταῖς
1482 1025 1669 1081 Πριάμου
1712 1083 1715 1086 Δ

131 1089 353 1148 θυγατράσι
372 1089 595 1148 ἀριθμήσαι
614 1089 667 1133 ἅν
686 1108 744 1141 τις
762 1091 829 1133 καὶ
845 1088 994 1145 ταύτην
1017 1089 1115 1132 κατὰ
1140 1095 1210 1134 τοῦ
1230 1088 1424 1146 Ἱμεραίου
1450 1090 1522 1146 τὴν
1547 1089 1670 1150 ᾠδήν.

707 1238 709 1242 ,
792 1220 862 1264 23.
895 1220 1003 1275 [33]

247 1321 439 1373 Harpoor.
471 1335 508 1372 p.
543 1322 645 1362 104:
678 1314 931 1369 Καθελιόν,
962 1315 1048 1359 ἀντὶ
1079 1321 1148 1360 τοῦ
1180 1316 1333 1360 ἆνελών
1356 1315 1384 1372 ἢ
1416 1316 1668 1369 ἀποκτείνας·

131 1383 344 1440 ἐχρήσαντο
376 1384 420 1427 δὲ
451 1383 553 1428 οὕτω
595 1389 648 1444 τῷ
686 1382 848 1438 ὀνόματι
885 1384 950 1425 καὶ
988 1382 1115 1436 ἄλλοι,
1155 1380 1208 1434 ὥς
1246 1384 1312 1425 καὶ
1348 1386 1589 1439 Στησίχορος
1625 1384 1669 1426 ἐν

126 1448 246 1493 Ἰλίου
276 1450 432 1504 πέρσιδι
463 1448 642 1506 (Bekker
669 1447 931 1503 Ἰλιοπερσίδι,
963 1451 1076 1491 libris
1107 1464 1186 1490 non
1218 1452 1507 1501 addicentibus,
1538 1465 1668 1503 nequo

130 1518 260 1558 forma.
286 1510 527 1569 Ἰλιόπερσις,
559 1529 802 1568 quamquam
832 1517 1030 1556 rationem
1061 1517 1194 1565 habet,
1226 1518 1364 1556 tuetur
1395 1517 1543 1557 Athen.
1570 1517 1686 1557 XIII.

131 1585 253 1624 6100
283 1585 355 1623 aut
387 1582 530 1623 Suidas
572 1597 606 1623 v.
633 1577 799 1636 Ἰοφῶν)
830 1579 898 1622 καὶ
932 1583 1148 1634 Σοφοκλῆς
1185 1580 1229 1622 ἐν
1266 1577 1455 1637 Εὐμήλῳ.
1515 1582 1669 1622 Eadem

130 1649 246 1689 Phot.
280 1651 363 1689 122
401 1652 437 1699 1,
470 1648 578 1689 Suid.
603 1662 639 1689 v.
671 1643 868 1699 καθελών,
899 1648 1041 1687 Zonar.
1068 1648 1195 1696 1165,
1229 1647 1299 1687 sed
1330 1647 1517 1687 carminis
1547 1648 1668 1688 titulo

130 1715 288 1755 omisso.
337 1714 479 1754 Utitur
503 1714 799 1765 Harpocration
823 1717 1034 1765 poetarum
1053 1713 1295 1752 testimoniis
1322 1715 1368 1753 ut
1385 1713 1488 1764 legis
1508 1713 1668 1758 Atticae

131 1781 256 1822 verba.
286 1779 330 1821 ἐν
360 1775 442 1835 ὁδῷ
465 1775 649 1820 καθελὼν
674 1780 995 1836 explanarenue
1021 1779 1167 1830 quibus
1191 1779 1325 1818 verbis
1351 1778 1434 1817 dixi
1457 1779 1499 1818 in
1524 1779 1669 1820 Philol.

131 1846 283 1885 XXXII
326 1859 363 1896 p.
403 1847 487 1886 669
529 1858 638 1897 seqq.
700 1845 907 1896 Sophoclis
951 1845 1144 1884 Eumelus
1185 1846 1348 1895 praeter
1389 1844 1495 1884 huno
1537 1846 1668 1885 locum

132 1914 290 1951 tantum
324 1911 374 1951 ab
408 1911 608 1963 Hesychio
640 1906 864 1963 ἆσάμινθος
895 1910 1120 1959 adhibetur,
1147 1910 1217 1950 sed
1250 1909 1439 1960 Sophocli
1462 1913 1560 1961 puto
1586 1911 1669 1950 vin-

130 1976 360 2026 dicandum,
401 1977 507 2028 quod
535 1977 602 2017 Et.
633 1977 686 2017 M.
717 1991 755 2028 p.
789 1979 812 2016 7
819 1978 872 2017 97
882 2007 892 2027 ‚
926 1978 981 2016 85
1021 1976 1106 2015 sine
1137 1978 1279 2027 poetae
1309 1975 1469 2015 nomino
1499 1977 1668 2027 legitur:

132 2038 368 2096 Φοιβανάτω
400 2040 444 2083 δέ
473 2057 530 2092 τις
559 2038 800 2095 ἀσάμινθον.

791 2158 862 2202 24.
894 2158 1002 2212 [26]
1016 2227 1018 2229 Υ

251 2255 398 2297 Athen.
429 2256 529 2295 XIII
562 2259 648 2298 610
663 2257 711 2296 G:
745 2252 844 2296 Ἐὰν
881 2254 953 2308 μέν
988 2256 1045 2304 τίς
1082 2267 1155 2297 σου
1192 2251 1391 2307 πύθηται,
1427 2254 1528 2302 τίνες
1563 2246 1667 2305 ἦσαν

133 2322 175 2363 οἱ
201 2322 256 2370 εἰς
286 2318 356 2362 τὸν
388 2317 552 2374 δούριον
582 2322 706 2363 ἵππον
737 2319 1133 2376 ἐγκατακλεισθέντες,
1159 2317 1248 2369 ἐνὸς
1271 2319 1337 2361 καὶ
1363 2317 1547 2370 δευτέρου
1573 2319 1667 2367 ἴσως

133 2386 232 2439 ἐρεῖς
263 2383 403 2439 ὄνομα,
434 2385 500 2427 καὶ
531 2382 625 2427 οὐδὲ
654 2383 761 2427 ταῦτ’
803 2386 847 2427 ἐκ
876 2389 955 2427 τῶν
985 2383 1252 2440 Στησιχόρου,
1290 2387 1408 2439 σχολῇ
1444 2381 1539 2437 γάρ,
1578 2379 1661 2423 ἀλλ’

136 2452 179 2493 ἐκ
209 2455 277 2504 τῆς
307 2448 477 2493 Σακάδα
507 2454 577 2493 τοῦ
603 2448 780 2506 Ἀργείου
801 2449 919 2493 Ἰλίου
943 2449 1141 2504 πέρσιδος,
1167 2444 1282 2500 οὗτος
1312 2446 1387 2504 γὰρ
1411 2446 1666 2502 παμπόλλους

134 2514 244 2567 τινὰς
267 2516 475 2566 κατέλεξεν.
526 2517 584 2557 Cf.
611 2517 725 2556 Eust.
749 2531 788 2568 p.
817 2519 948 2557 1698:
982 2516 1085 2557 Φασὶ
1117 2514 1159 2557 δὲ
1190 2514 1281 2565 τούς
1312 2516 1367 2564 εἰς
1398 2511 1519 2555 αὐτὸν
1549 2530 1665 2555 κατα-

133 2579 280 2636 βάντας
304 2580 406 2631 τινὲς
432 2580 518 2635 μὲν,
544 2575 602 2622 ὧν
626 2580 693 2622 καὶ
711 2582 963 2635 Στησίχορος,
982 2578 1120 2623 ἑκατὸν
1140 2577 1251 2622 εἶναι.
1278 2582 1426 2621 Eudoc.
1451 2582 1545 2620 1⁶25.
1565 2582 1665 2620 461.

782 2708 884 2752 ²⁸25.
916 2709 1022 2763 [2η

253 2809 342 2848 Sch.
374 2809 513 2860 Eurip.
546 2809 613 2848 Or.
650 2809 780 2847 1287:
809 2799 908 2859 ςΛρα
946 2806 1001 2854 εἰς
1039 2802 1087 2846 τὸ
1118 2807 1188 2857 τῆς
1217 2800 1380 2858 Ἑλένης
1410 2802 1551 2854 κάλλος
1582 2804 1664 2859 βλέ-

135 2883 281 2925 ψαντες
312 2870 386 2915 οὐκ
416 2870 628 2927 ἐχρήσαντο
667 2875 748 2921 τοῖς
785 2871 960 2924 ξίφεσιν;
1000 2866 1086 2912 οἷόν
1122 2886 1157 2911 τι
1193 2869 1259 2910 καὶ
1294 2870 1534 2924 Στησίχορος
1570 2865 1666 2912 ὖπο-
