1864 3126
765 143 1105 183 STEschORUS.
1619 141 1706 184 219

714 261 784 305 ΧΙ.
835 258 1164 304 ΝΟΣΤΟΙ.
1638 268 1708 301 983

834 356 1044 410 33.[34]

291 446 462 486 Pausan.
493 445 529 484 X
561 445 630 494 26,
660 445 701 483 1:
734 437 936 492 Ὡσαύτως
967 440 1010 482 δὲ
1041 440 1107 482 καὶ
1133 437 1419 494 Ἀριστομάχην
1450 439 1635 492 ἐποίησεν
1666 438 1711 480 ἕν

171 507 343 560 Νόστοις
364 503 640 565 (Στησίχορος)
666 506 868 562 θυγατέρα
900 505 971 560 μὲν
990 504 1195 561 Πριάμου,
1223 503 1444 559 Κριτολάου
1470 503 1514 546 δὲ
1539 508 1710 559 γυναῖκα

173 572 275 618 εἶναι
313 579 384 618 τοῦ
413 571 640 623 Ἱκετάονος.
705 576 763 615 Cf.
802 575 852 614 de
884 570 1055 623 Νόστοις
1093 573 1221 614 Tzetz.
1255 572 1503 613 Posthomer.
1538 573 1624 612 750
1667 574 1710 612 et,

175 643 334 684 Phalar.
365 642 493 693 Epist.
521 644 558 682 9.

647 755 742 800 ΧΠ.
792 755 1232 800 ΟΡΕΣΤΕΙΑ.

837 852 906 895 34.
940 851 1046 906 [38]

297 941 473 981 Gramm.
506 940 630 980 Bekk.
662 941 738 980 An.
770 939 810 978 ΙΙ
846 941 942 988 783,
978 940 1049 978 14:
1088 938 1327 990 Στησίχορος
1358 934 1401 976 δὲ
1434 935 1477 975 ἕν
1509 933 1712 989 δευτέρῳ

173 1003 385 1060 Ὀρεστείας
427 1002 497 1047 τὸν
534 1001 786 1058 Παλαμήδην
827 1003 928 1059 λέγει
965 1000 1170 1057 εὑρηκέναι
1211 999 1276 1057 (τὰ
1308 997 1507 1056 στοιχεῖα).
1569 1002 1628 1041 Cf.
1660 1001 1713 1040 ib.

180 1074 277 1124 786,
301 1075 350 1112 11
385 1075 427 1113 et
458 1072 587 1112 Cram.
621 1072 696 1112 An.
729 1070 799 1110 Ox,
831 1070 890 1110 IV
919 1072 1017 1122 318,
1044 1071 1112 1110 19.

178 1196 510 1246 ἐπιμνησθήσομαι
529 1197 594 1234 καὶ
613 1198 742 1244 τοῦδε·
771 1195 870 1233 ἔστιν
892 1193 933 1233 ἐν
953 1196 1002 1243 τῷ
1025 1193 1195 1243 Εὐξείνῳ
1221 1196 1335 1242 νῆσος
1359 1193 1458 1232 κατὰ
1484 1196 1552 1232 τοῦ
1571 1193 1714 1240 Ἴστρου

178 1245 245 1289 τὰς
277 1244 436 1295 ἐκβολὰς
458 1244 642 1292 Ἀχιλλέως
672 1242 768 1292 ἱερά.
806 1241 928 1291 ὄνομα
960 1243 1030 1291 μὲν
1062 1245 1106 1292 τῇ
1142 1242 1243 1292 νήσῳ
1269 1241 1417 1290 Λευκή,
1446 1244 1651 1289 περίπλους
1676 1239 1715 1278 δ’

179 1291 277 1343 αὐτῇ
304 1295 467 1331 σταδίων
494 1295 625 1339 εἴκοσι,
652 1322 660 1330 .
689 1321 696 1330 .
725 1322 733 1329 .
760 1290 798 1334 ἐς
823 1290 964 1337 ταύτην
990 1292 1135 1338 πρῶτος
1162 1289 1363 1328 ἐσπλεῦσαι
1390 1288 1539 1338 λέγεται
1565 1294 1715 1337 Κροτω-

177 1335 1719 1431 ΞίάῖῗὲαῧὲώῗὲἶῗῖύςποῗέἷυΛζῖρῶῖροέἑᾜάίῗᾷἷιέἴνῖἕᾞόέἕς’ό”ξῖξὲπῖ’ἶῖξ

180 1439 321 1475 Αἴαντα
352 1427 419 1474 τ’ὀν
442 1403 590 1479 Ὀϊλῖἔως
608 1418 661 1478 ’ἐς
693 1433 760 1478 τὰς
786 1401 907 1482 μάξεις
932 1401 1261 1482 ἔπικαλουμὲνωνζι
1290 1432 1310 1471 ὁ
1338 1401 1541 1481 Λέὥνυμος
1567 1437 1715 1479 Κροτω-

179 1483 328 1526 νιάταις
364 1485 579 1531 στρατηγῶν
617 1482 726 1532 ἐπῄει
759 1488 837 1525 τοῖς
869 1480 1056 1524 ἐναντίοις
1092 1480 1189 1519 κατὰ
1228 1483 1362 1527 τοῦτο,
1401 1476 1423 1529 ᾗ
1459 1479 1720 1528 προτετάχθαι

180 1535 286 1579 σφίσι
317 1531 382 1568 τὸν
411 1534 550 1569 Αἴαντα
582 1530 710 1578 ἤκουε.
749 1528 991 1576 τιτρώσκεται
1022 1528 1069 1577 δὴ
1103 1528 1143 1567 τὸ
1178 1528 1332 1576 στέρνον
1364 1531 1430 1566 καὶ
1461 1529 1616 1576 (ἔκαμνε
1641 1526 1716 1588 γὰρ

180 1578 255 1617 ὑπὸ
280 1582 348 1617 τοῦ
374 1578 601 1627 τραύματος)
628 1576 791 1626 ἄφίκετο
818 1576 858 1620 ές
883 1576 1073 1624 Δελφούς·
1102 1575 1267 1615 ἐλθόντα
1293 1577 1335 1614 δὲ
1361 1574 1384 1624 ἡ
1412 1579 1546 1614 Πυθία
1567 1581 1716 1613 Λεωνυ-

180 1642 251 1676 μον
282 1625 507 1664 ἀπέστελλεν
540 1625 579 1669 ἐς
608 1628 725 1674 νῆσον
755 1624 824 1672 τὴν
860 1623 1030 1682 Λευκήν,
1063 1624 1234 1662 ἐνταῦθα
1265 1624 1425 1662 εἰποῦσα
1458 1622 1561 1674 αὐτῷ
1593 1622 1717 1671 φανή-

181 1678 318 1713 σεσθαι
349 1674 415 1712 τὸν
441 1677 584 1712 Αἴαντα
616 1675 681 1711 καὶ
712 1671 922 1711 ἀκέσεσθαι
952 1687 994 1710 το
1026 1675 1190 1720 τραῦμα·
1227 1670 1349 1722 χρόνῳ
1383 1671 1444 1718 δέ,
1477 1670 1527 1715 ὡς
1559 1670 1719 1719 ὑγιάνας

181 1721 400 1769 ἐπανῆλθεν
433 1721 475 1760 ἐκ
507 1723 572 1769 τῆς
602 1722 767 1768 Λευκῆς,
807 1720 904 1758 ἰδεῖν
936 1720 1006 1768 μὲν
1039 1721 1207 1766 ἔφασκεν
1235 1719 1414 1767 Ἀχιλλέα,
1447 1720 1544 1757 ἰδεῖν
1576 1719 1618 1756 δὲ
1651 1717 1719 1756 τὸν

178 1769 326 1813 Ὁῖλέως
355 1771 421 1808 καὶ
451 1768 517 1807 τὸν
552 1771 775 1817 Τελαμῶνος
799 1771 959 1814 Αἴαντα,
992 1774 1165 1806 συνεῖναι
1195 1768 1237 1806 δὲ
1270 1769 1335 1805 καὶ
1360 1765 1583 1815 Πάτροκλόν
1614 1780 1720 1813 σφισι

185 1819 250 1856 καὶ
266 1816 486 1865 Ἀντίλοχον·
507 1815 665 1864 Ἑλένην
690 1816 732 1854 δὲ
750 1815 905 1864 Ἀχιλλεῖ
917 1816 987 1875 μὲν
1008 1821 1215 1862 συνοικεῖν,
1241 1814 1449 1862 προστάξαι
1474 1814 1517 1852 δέ
1544 1814 1583 1852 οἱ
1604 1819 1716 1852 πλευ-

182 1879 290 1903 σαντι
316 1865 355 1908 ἐς
368 1863 516 1912 Ἱμέραν
535 1863 630 1912 πρὸς
647 1867 882 1912 Στησίχορον
907 1863 1114 1912 αγγέλλειν,
1140 1862 1189 1907 ὡς
1207 1862 1231 1911 ἡ
1252 1861 1452 1911 διαφθορὰ
1472 1864 1548 1900 τῶν
1569 1860 1719 1909 ὀφθαλ-

185 1915 267 1961 μῶν
294 1911 334 1958 ἐξ
349 1911 502 1960 Ἑλένης
545 1912 667 1950 ένοιτο
687 1911 790 1960 αὐτῷ
817 1914 1039 1960 μηνίματος·
1066 1914 1293 1959 Στησίχορος
1319 1911 1389 1959 μὲν
1416 1910 1478 1949 ἐπὶ
1502 1909 1623 1960 τούτῳ
1648 1908 1719 1957 τὴν

183 1963 476 2010 παλινῳδίαν
535 1963 692 2008 ποίησεν
731 1961 792 2007 (de
830 1961 1019 2007 Leonymo
1054 1960 1272 1998 Crotoniata
1303 1960 1378 1997 vid.
1411 1959 1584 1996 Meineke
1615 1959 1718 1996 Poet.

183 2022 278 2047 com.
305 2010 339 2046 11
366 2013 457 2046 1228
471 2011 599 2056 seqq.).
651 2008 744 2046 Cum
768 2008 976 2045 Pausaniae
1007 2009 1079 2045 hac
1111 2009 1323 2045 narratione
1355 2008 1526 2054 inprimis
1551 2007 1720 2043 conferas

186 2058 324 2095 Conon.
350 2068 409 2104 ap.
436 2058 543 2094 Phot.
570 2057 666 2094 Bibl.
694 2069 730 2102 p.
758 2061 826 2092 133
852 2057 891 2092 et
916 2056 1105 2093 Hermiam
1135 2057 1181 2092 ad
1207 2056 1303 2092 Plat.
1329 2056 1488 2092 Phaedr.
1515 2059 1560 2091 99
1580 2057 1620 2091 et
1641 2059 1718 2091 102.

184 2105 332 2141 Abusus
358 2106 417 2142 his
444 2104 558 2142 Holm
582 2105 678 2141 Hisss.
706 2104 777 2141 Sic.
803 2105 820 2140 I
848 2108 914 2141 166
945 2103 1181 2141 incredibilia
1213 2104 1260 2140 de
1293 2102 1528 2140 Stesichoreo
1553 2102 1719 2138 Helenae

184 2153 349 2190 carmine
388 2154 618 2189 commentus
657 2154 726 2189 est.
764 2172 811 2178 —
850 2151 962 2188 Multi
998 2154 1194 2198 praeterea
1230 2151 1465 2188 Palinodiam
1504 2150 1721 2194 Stesichori,

185 2211 298 2246 quam
324 2200 514 2246 proverbii
538 2201 622 2237 loco
647 2199 825 2237 adhibere
850 2199 1032 2244 solebant,
1056 2199 1275 2246 respiciunt,
1301 2198 1406 2235 velut
1430 2198 1583 2234 Aristid.
1606 2197 1718 2233 1430.

186 2248 221 2283 ΙΙ
247 2252 316 2284 364
342 2250 382 2284 et
406 2248 529 2284 Schol.
555 2247 709 2284 Aristid.
737 2247 789 2283 III
816 2250 895 2283 183.
935 2248 1152 2284 Bachmann
1178 2247 1316 2284 Anecd.
1344 2248 1359 2282 I
1386 2251 1468 2290 327,
1496 2250 1526 2282 1.
1573 2245 1719 2281 Boieso—

186 2295 282 2331 nade
314 2295 383 2332 An.
415 2295 510 2333 Nov.
535 2300 616 2332 297.
667 2294 739 2331 Dio
772 2294 899 2340 Chrys.
928 2294 987 2331 Or.
1016 2295 1050 2330 11
1081 2307 1116 2341 p.
1143 2299 1201 2330 22.
1252 2294 1389 2330 Eudoc.
1417 2297 1496 2330 385.
1548 2292 1720 2328 Eustath.

188 2346 271 2387 849,
291 2346 349 2379 47.
390 2342 448 2379 Et.
470 2343 517 2379 M.
539 2346 621 2387 648,
640 2346 698 2379 40.
737 2342 867 2379 Galen.
894 2342 946 2377 XI
971 2355 1007 2388 p.
1031 2346 1109 2378 195.
1148 2342 1288 2378 Himer.
1315 2342 1375 2378 Or.
1395 2341 1498 2376 XXII
1519 2345 1550 2377 5.
1589 2340 1719 2376 Horat..

187 2390 304 2436 Epod.
335 2394 391 2435 17,
416 2393 461 2426 42
486 2390 613 2436 ibique
639 2390 762 2426 Schol.
807 2390 913 2425 Adde
947 2389 1070 2426 Schol.
1098 2390 1208 2435 Cruq.
1236 2390 1284 2425 ad
1310 2389 1377 2425 Od.
1404 2389 1420 2423 Ι
1448 2393 1504 2424 16.
1548 2388 1722 2423 Irenaeus

187 2438 271 2475 adv.
296 2438 408 2474 Haer.
435 2437 451 2472 I
476 2442 534 2473 22.
584 2436 734 2483 Origen.
763 2436 987 2483 (Hippolyta.)
1013 2438 1096 2474 adv.
1124 2438 1233 2473 Haer.
1261 2436 1311 2473 VI
1339 2441 1394 2473 19.
1445 2436 1574 2471 Liban.
1600 2434 1720 2481 Epist.

187 2490 269 2523 841.
321 2485 473 2522 Lucian.
499 2484 585 2523 Ver.
611 2485 707 2520 Eiet.
734 2484 768 2520 11
795 2488 849 2520 15.
886 2496 953 2530 pro
978 2484 1131 2531 imagin.
1160 2489 1216 2522 15.
1266 2483 1448 2520 Muratori
1473 2483 1612 2519 Anecd.
1639 2486 1721 2519 314.

187 2532 296 2570 Ovid.
317 2535 397 2570 Art.
417 2534 500 2569 Am.
521 2533 573 2568 III
593 2536 650 2568 49.
683 2532 791 2568 Phot.
812 2531 908 2567 Bibl.
929 2536 997 2568 437
1011 2531 1054 2567 A.
1087 2533 1196 2568 Plato
1217 2532 1335 2578 Epist.
1355 2531 1407 2566 III
1427 2534 1497 2567 320
1511 2532 1554 2566 A.
1586 2529 1721 2566 Suidas

187 2592 222 2617 v.
249 2582 488 2627 Στησίχορος.
538 2579 759 2616 Tertullian.
786 2579 832 2615 de
857 2579 969 2615 anim.
997 2591 1026 2616 c.
1054 2584 1110 2616 46.
1137 2600 1182 2606 --
1214 2579 1269 2615 De
1295 2578 1500 2615 Stesichori
1523 2577 1722 2614 Palinodia

188 2628 363 2664 dixerunt
386 2628 563 2664 Welcker
588 2628 722 2673 Opusc.
749 2626 764 2661 I
790 2630 860 2663 208
874 2638 994 2681 seqq„
1031 2627 1073 2663 G.
1100 2627 1289 2663 Hermann
1321 2626 1360 2662 in
1390 2626 1507 2672 praef.
1533 2624 1622 2662 odit.
1650 2625 1721 2662 He-

188 2675 296 2712 lenae
322 2675 558 2722 Euripffleae,
584 2674 770 2711 Fritzsohe
796 2674 842 2710 ad
873 2673 1061 2720 Aristoph.
1089 2674 1358 2720 Thesmophor.
1384 2686 1429 2713 v..
1445 2677 1533 2717 946,
1565 2673 1658 2709 Geel
1682 2672 1722 2709 in

189 2722 320 2759 Museo
340 2723 521 2760 Rhenano
540 2722 591 2759 VI
611 2735 646 2769 p.
669 2727 687 2757 1
716 2721 817 2767 (anni
838 2723 957 2766 1839),
982 2720 1198 2757 Bakbuizen
1225 2732 1296 2757 van
1323 2722 1396 2757 den
1414 2720 1531 2756 Brink
1556 2720 1595 2756 in
1615 2720 1721 2767 Sym-

190 2770 286 2807 bolis
312 2769 542 2807 Batavorum
567 2769 763 2807 litterariis
789 2769 822 2804 V
841 2780 878 2815 p.
900 2771 968 2804 119
981 2779 1098 2815 seqq„
1124 2769 1169 2805 de
1198 2769 1306 2804 Duhn
1332 2769 1377 2805 de
1403 2768 1564 2805 Menelai
1589 2768 1722 2805 itinere

191 2817 379 2864 Aegyptio
404 2830 440 2864 p.
469 2822 514 2854 36
529 2829 618 2863 seq„
644 2827 741 2863 quae
766 2815 986 2862 singulatim
1012 2816 1225 2852 examinare
1251 2827 1325 2852 non
1349 2819 1407 2852 est
1431 2816 1542 2852 huius
1566 2816 1649 2853 loci.

283 2865 363 2902 ΧΠ.
416 2867 569 2903 Orestia.
621 2864 756 2902 Confer
787 2864 921 2900 Athen.
948 2862 1017 2898 XII
1044 2865 1175 2899 513A:
1212 2860 1339 2900 Πολλὰ
1375 2862 1417 2900 δὲ
1453 2864 1527 2899 τῶν
1559 2862 1721 2902 Ξάνθου

192 2914 505 2960 παραπεποίηκεν
530 2910 551 2950 ὁ
578 2914 822 2959 Στησίχορος,
850 2907 972 2958 ὥσπερ
999 2912 1064 2948 καὶ
1088 2909 1157 2958 τὴν
1180 2908 1391 2959 Ὀρεστείαν
1417 2910 1664 2958 καλουμένην.
