1864 3126
0 121 44 135 -..u

518 179 768 218 APPENDIX
792 177 1293 246 ANACREONTEORQ

213 290 258 335 τὸ
288 292 402 347 βέλος
431 290 474 335 τὸ
503 295 581 334 τῶν
608 289 804 346 Ἐρωτων,

216 353 240 401 3
270 375 307 400 τι
336 358 402 400 καὶ
434 355 594 411 Κύπριν
626 354 798 410 δαμάζει.

250 421 304 466 Τὸ
334 421 457 478 ῥόδον
485 420 583 477 τάχα
613 426 816 476 προῆλθεν

217 486 342 542 φέρον
373 488 417 530 ἐκ
441 485 606 541 φθόνου
635 486 678 530 τὸ
710 485 852 541 τύμμα,

157 563 202 595 55
216 550 274 595 ὅτι
303 556 430 607 μῆλον
455 551 667 607 Ἀφροδίτη

218 618 348 672 ἕτερον
378 613 508 671 φυτὸν
539 619 719 674 γεραίρει.

234 682 323 726 ’Ὅτε
354 684 419 725 καὶ
452 679 609 738 Κύπρις
640 684 823 735 δονεῖται,

218 747 300 792 τότε
330 750 396 791 καὶ
428 747 550 805 ῥόδον
579 754 773 791 ποθεῖται.

249 812 403 857 Βελέων
434 813 562 869 μάτην
593 811 769 855 ἆνάσσω·

159 892 205 923 60
217 883 255 923 τί
283 878 328 923 δέ
358 898 424 934 μοι
455 878 566 935 χρέος
598 878 807 934 φαρέτρης,

219 945 281 989 ’ότε
311 944 384 1001 τὴν
415 944 515 1001 ἐμὴν
546 944 748 1001 Κυθήρην

218 1010 360 1068 ῥοδόεν
391 1011 504 1066 βέλος
535 1010 716 1066 δαμάζεις

235 1076 408 1133 ’Ἐλαβεν
438 1076 596 1131 Κύπρις
626 1076 668 1120 τὸ
700 1076 831 1131 τύμμα

218 1144 283 1187 ἐπὶ
311 1148 398 1200 γῆς,
429 1141 505 1199 ἐγὼ
538 1142 580 1185 δὲ
611 1143 786 1197 κέντρον,

162 1218 207 1263 65
222 1207 281 1252 ’ὅτι
310 1207 403 1259 τοὺς
433 1206 585 1258 πόνους
617 1207 815 1262 Κυθήρης

220 1275 377 1330 ἔλαβον,
408 1277 552 1317 ποθῶν
582 1271 796 1327 Κυθήρην.

250 1339 425 1381 Φαέθων
456 1336 618 1392 Κύπριν
652 1336 826 1392 δαμάζει,

196 1416 198 1418 ’
221 1405 331 1459 λέχος
362 1401 470 1447 οἶδεν
501 1404 723 1459 ἐξελέγχειν,

223 1470 315 1525 ἕχον
344 1467 460 1524 ἡλίου
490 1468 532 1511 τὸ
563 1469 727 1523 κέντρον

164 1546 209 1578 70
222 1533 264 1577 τὸ
295 1533 418 1589 ῥόδον
449 1533 608 1588 Κύπριν
638 1532 810 1588 δαμάζει.

255 1599 309 1643 Τὸ
340 1599 462 1655 ῥόδον
492 1598 652 1653 Κύπριν
683 1598 858 1654 δαμάζει,

222 1662 282 1708 ὅτι
312 1664 452 1716 κάλλος
484 1660 572 1720 εὗρε
603 1667 745 1719 μεῖζον.

248 1729 292 1773 Ὁ
306 1730 437 1785 Ἔρως
460 1744 516 1784 σε,
542 1729 691 1786 Κύπρι,
717 1729 859 1785 βάλλει,

223 1795 266 1839 τὸ
297 1795 419 1852 ῥόδον
450 1796 494 1838 δὲ
524 1802 608 1847 ταῖς
634 1794 849 1846 ἀκάνθαις,

1525 178 1527 180 ’
1577 175 1666 219 369

1025 287 1069 332 ‘O
1099 289 1199 332 λέων
1229 258 1365 343 φέρων
1394 286 1437 330 τὸ
1469 264 1631 340 κέντρον

971 391 974 395 .
1002 356 1107 396 ἴδιον
1138 354 1258 408 δέμας
1287 351 1499 407 τιτρώσκει

1002 422 1157 474 Παφίη,
1188 417 1339 474 ῥόδοισι
1368 417 1521 474 βάλλεις

1001 483 1192 540 γλυκερὸν
1224 485 1342 527 σέθεν
1373 483 1414 527 τὸ
1447 488 1571 538 σῶμα.

943 560 988 592 85
1028 548 1204 592 Ἰδίοισιν
1234 548 1437 605 ἆγριοῦται

1003 614 1155 672 ὁολέων
1185 616 1318 665 τυπεὶς
1349 616 1567 670 βελέμνοις·

1004 684 1146 736 Παφίη
1179 681 1222 722 δὲ
1253 686 1336 731 ταῖς
1368 678 1569 731 άκάνθαις

1002 745 1104 790 πολὺ
1136 746 1284 800 μᾶλλον
1314 745 1531 803 ἦγ’ριῶθης.

1033 810 1182 867 Γενεὴν
1213 810 1304 867 τεὴν
1336 811 1545 865 οἰδάσκεις,

946 889 991 920 90
1005 879 1071 920 ἴνα
1101 882 1180 920 τῶν
1210 882 1319 920 θεῶν
1350 877 1556 934 κρατήσῃς.

1034 942 1237 997 Γλυκερὸν
1268 942 1391 999 ῥόδου
1421 942 1464 986 τὸ
1494 941 1624 997 τύμμα

1006 1007 1221 1065 γλυκεροὺς
1239 1007 1392 1059 πόνους
1409 1009 1643 1063 προπέμπει,

1004 1073 1047 1116 τὸ
1079 1074 1122 1115 δὲ
1152 1073 1282 1129 τύμμα
1313 1072 1399 1127 σόν,
1430 1073 1620 1129 Κυθήρη,

1007 1138 1227 1195 φλογεροὺς
1239 1138 1392 1190 πόνους
1411 1139 1643 1194 προπέμπει.

948 1215 992 1247 95
1037 1205 1159 1261 Μέγα
1189 1209 1331 1260 θαῦμα
1361 1210 1438 1248 νῦν
1469 1204 1635 1258 δοκεῦω,

1006 1268 1085 1312 ὑπὸ
1117 1274 1188 1312 τοῦ
1207 1268 1344 1326 ,ῥόδου
1375 1276 1569 1325 κρατεῖται

1007 1338 1165 1389 Παφίη,
1194 1341 1395 1391 κρατοῦσα
1425 1336 1586 1379 πάντων

1009 1399 1193 1455 μερόπων
1223 1406 1333 1444 θεῶν
1363 1419 1401 1444 τε
1433 1401 1599 1457 φύτλης·

1038 1469 1218 1520 Παφίης,
1241 1467 1383 1523 ''Epwg⁷
1415 1466 1575 1518 ὁπλίζου

928 1543 994 1574 100
1008 1531 1206 1587 παλάμαις
1238 1534 1352 1588 βέλος
1381 1536 1564 1588 κομίζων,

1008 1597 1050 1640 τὸ
1083 1597 1206 1654 ῥόδον
1236 1598 1278 1642 τὸ
1310 1603 1378 1654 τῆς
1409 1598 1610 1654 Κυθήρης

1008 1662 1148 1706 ἀθετεῖ
1171 1663 1218 1707 τὰ
1249 1669 1326 1706 νῦν
1357 1663 1572 1719 Κυθήρην.

1042 1730 1195 1773 Βελέων
1226 1729 1392 1784 ἄπειρον
1423 1730 1547 1784 ὤφθη

1010 1794 1053 1838 τὸ
1085 1794 1208 1851 ῥόδον
1239 1794 1280 1838 τὸ
1313 1794 1396 1847 σόν,
1429 1795 1619 1851 Κυθήρη,

170 1872 214 1905 75
229 1864 295 1904 ἴνα
325 1879 411 1912 πως
441 1860 591 1916 λάβωσι
620 1867 760 1916 πεῖραν
800 1871 890 1902 1103
931 1870 997 1902 105
1011 1860 1100 1904 τεὸν
1130 1863 1165 1903 εἰ
1195 1859 1308 1918 μάθῃ
1341 1861 1384 1903 δὲ
1415 1862 1589 1916 κέντρον,

226 1925 306 1970 άπὸ
337 1931 410 1969 σοῦ
441 1931 550 1969 θεῶν
581 1925 778 1969 ἀνάσσειν.

258 1990 367 2034 Κατὰ
399 1997 472 2035 σοῦ
502 1991 548 2034 τὰ
578 1991 671 2043 τόξα
701 1995 826 2044 τείνει,

229 2056 358 2100 νόθον
389 2056 438 2100 οὖ
469 2058 623 2112 πέφυκε
654 2058 792 2100 τέκνον

227 2122 306 2166 άπὸ
337 2128 416 2166 τῶν
447 2125 543 2178 δρυῒ
567 2123 794 2178 τραφέντων

172 2199 220 2230 80
230 2186 352 2231 ’πάλιν
381 2185 409 2242 ἦ
439 2189 559 2245 πέτρα
591 2188 852 2243 στραφέντων.

1010 1925 1200 1982 τρομερὸν
1231 1925 1328 1969 νόον
1357 1930 1543 1982 κομίσσει.

1039 1991 1192 2048 Ὀλύγον
1223 1991 1345 2048 ῥόδον
1377 1992 1574 2048 Κυθήρης

1014 2055 1171 2113 ὄλὺγους
1203 2060 1342 2100 δίδωσι
1373 2057 1563 2113 μόχθους,

1015 2120 1037 2164 ὁ
1056 2123 1114 2165 ’δὲ
1145 2122 1260 2178 βαιὸς
1286 2122 1523 2179 Ἀφροδίτης

935 2199 1004 2231 110
1019 2187 1212 2245 μεγάλους
1231 2188 1363 2244 Ἔρως
1393 2190 1622 2244 προπέμπει.

150 2370 179 2406 Β
212 2366 385 2415 Κυθήρη.
422 2390 461 2396 -
496 2369 540 2405 V.
569 2373 625 2405 52.
658 2384 678 2406 ο
711 2384 762 2416 τι,
795 2371 990 2417 legebatur
1020 2385 1090 2407 οτι.
1123 2392 1166 2397 -
1206 2371 1250 2408 V.
1277 2374 1332 2407 68.
1366 2368 1472 2407 οἶδεν
1498 2370 1545 2414 Β,
1578 2368 1680 2406 εἶδεν

151 2418 360 2476 Matranga
389 2438 411 2442 -
416 2417 502 2452 -.V
530 2421 585 2453 75.
611 2430 707 2463 πως,
727 2417 928 2476 legebatur
952 2419 1041 2460 πῶς.
1067 2437 1112 2445 -·
1138 2420 1167 2454 B
1193 2420 1343 2463 πείραν.
1370 2439 1414 2445 -
1440 2418 1484 2454 V.
1513 2398 1568 2454 7'9.
1596 2431 1682 2462 τρα-

151 2463 300 2511 φέντων
328 2465 368 2508 Β,
395 2465 592 2510 Matranga
616 2462 846 2510 τραπέντων,
871 2467 1037 2502 nondum
1060 2468 1189 2502 tamen
1214 2467 1319 2502 locus
1340 2466 1571 2510 emendatae,
1596 2476 1683 2501 nam

150 2523 272 2558 neque
298 2509 411 2547 πάλιν
431 2511 521 2557 quid
540 2511 613 2548 eibi
634 2511 738 2556 velit,
758 2494 943 2558 intelligo,
970 2525 1090 2560 neque
1105 2512 1348 2560 στραφέντων
1368 2512 1555 2557 convenit,
1581 2513 1685 2549 cuius

151 2560 233 2596 loco
264 2558 481 2614 κρυβέντων
514 2559 572 2595 vel
605 2559 682 2595 tale
718 2559 808 2605 quid
840 2564 1156 2607 exspectaveram.
1208 2561 1387 2597 Solebant
1417 2561 1580 2596 infantes
1613 2560 1683 2595 sub

151 2607 346 2644 arboribus
373 2607 431 2644 vel
456 2606 610 2652 rupibus
635 2618 829 2663 exponere,
890 2618 939 2644 uo
963 2608 1134 2645 nonnulli
1159 2608 1408 2654 grammatici,
1440 2607 1545 2643 velut
1569 2607 1685 2654 Didy-

155 2667 248 2700 mus,
274 2654 488 2691 referebant
513 2654 605 2690 illud
631 2650 708 2690 άπὸ
736 2653 849 2699 δρυὸς
895 2651 934 2690 δ’
962 2652 1039 2691 ἀπὸ
1060 2654 1213 2701 πέτρης
1239 2656 1313 2692 vid.
1335 2656 1520 2691 Schol.11.
1542 2658 1580 2690 X
1599 2659 1684 2691 126:

154 2701 194 2739 οἴ
215 2699 286 2748 γὰρ
311 2702 466 2738 παλαιοὶ
490 2716 536 2738 τα
565 2699 794 2758 ἐκτιθέμενοι
819 2703 942 2748 βρέφη
968 2702 1070 2748 παρὰ
1099 2699 1286 2748 δρυσὶνῆ
1312 2703 1468 2747 πέτραις
1493 2700 1684 2747 ευρίσκον-

154 2763 215 2792 τες
241 2747 415 2808 ἐνόμιζον
443 2747 485 2786 ἐκ
511 2746 653 2785 τούτων
679 2749 913 2806 γεγενῆσθαι
937 2753 1012 2786 κτλ.
1062 2749 1167 2786 Adde
1193 2751 1309 2787 schol.
1328 2749 1483 2787 Hesiodi
1503 2750 1571 2786 Th.
1597 2754 1685 2787 563.

153 2793 811 2881 {“.².':⁹:›'“:f“¹'⁰‘{⁹⁰35032252’13?
840 2801 922 2879 {2:5⁹
946 2793 1157 2880 ‘zzt‘ffif
1165 2795 1459 2886 fffflffffss‘ss‘f.
1480 2798 1687 2891 ἆιὲςθῗ-ἷ,

155 2892 254 2938 quod
271 2851 591 2975 {qamffil'ioefflog
616 2892 821 2938 proposuit,
847 2892 911 2927 sed
928 2858 1010 2928 ²non
1019 2858 1127 2928 neatis
1139 2859 1340 2938 ²⁷assequor,
1367 2893 1459 2938 quid
1483 2893 1613 2930 rhetor
1631 2893 1686 2929 di·

155 2949 238 2975 cere
262 2951 310 2976 vo
326 2951 405 2976 uon
425 2970 432 2978 .

229 3006 358 3032 Pom-Ar.
378 3006 455 3032 Ian..
486 3007 546 3033 111.
1355 3004 1400 3036 24
