1864 3126
211 124 298 165 448
524 127 526 131 “
775 122 967 158 ΡΟΕΤΑΕ
992 123 1174 159 MELICI.

210 238 316 274 runt.
369 234 528 283 Optime
552 235 678 284 igitur
703 235 871 273 meritus
898 237 1096 273 corrector
1122 235 1265 273 codicis
1285 235 1470 286 Palatini,
1502 235 1571 285 qui
1594 235 1733 275 multis

209 301 305 338 loeis
327 299 539 338 Simonidis
566 313 710 339 nomen
741 300 897 351 adiecit,
923 312 1049 349 neque
1081 301 1185 338 enim
1212 300 1391 339 Finslero
1423 300 1734 350 assentiendum,

212 365 279 413 qui
317 364 358 402 in
395 364 497 402 libro
536 365 662 404 bonae
694 365 801 415 frugi
831 365 879 404 de
911 365 1032 403 Anth.
1066 363 1133 403 Gr.
1165 378 1201 414 p.
1239 367 1319 403 136
1360 365 1422 403 his
1453 365 1735 404 additamentis

210 429 328 467 fidem
359 428 545 479 abrogat,
577 442 667 468 eum
699 432 816 468 antea
847 429 896 468 de
927 429 1160 468 correctoris
1191 429 1268 467 fide
1306 432 1347 468 et
1382 429 1580 468 industria
1609 430 1734 468 incor-

210 496 372 543 ruptum
404 494 566 532 tulisset
601 490 853 547 iudiciumss).
927 493 1004 533 Sed
1042 495 1138 534 haee
1175 507 1276 544 quae
1312 495 1392 533 iam
1434 495 1474 532 in
1518 495 1641 544 praef.
1685 495 1736 533 ad

210 559 426 597 Pindarum
457 573 494 608 p.
526 558 605 597 VII
637 560 771 609 attigi,
803 572 882 597 non
914 559 1007 598 licet
1037 560 1101 599 hie
1131 560 1312 609 pluribus
1345 560 1540 609 persequi.

329 623 524 673 Equidem
556 636 717 673 operam
749 625 856 672 dedi,
894 628 937 663 ut
976 626 1108 663 cautio
1139 625 1268 674 magis
1299 636 1418 674 quam
1450 625 1618 664 audacia
1647 638 1738 664 mea

210 689 250 726 in
293 687 641 737 reprehensionem
684 690 879 738 incurrat3
929 702 1048 739 quam
1097 690 1250 729 ineerta
1299 690 1351 728 sit
1396 690 1615 728 multorum
1657 691 1736 740 epi-

210 754 473 803 grammatum
496 754 725 804 auctoritas,
750 767 828 793 non
847 754 1106 805 dissimulavi,
1129 758 1249 804 atque
1270 755 1390 793 etiam
1416 754 1458 792 in
1482 754 1542 802 iis,
1567 767 1738 804 quorum

208 819 306 858 fides
361 819 490 857 minus
540 819 722 866 vacillat,
779 819 929 868 largior
971 820 1101 858 inesse
1150 833 1251 869 quae
1294 820 1451 858 criticos
1496 820 1734 870 suspiciosos

209 885 395 934 reddant3
426 884 492 922 ubi
514 886 716 923 momenta
733 883 775 921 in
793 886 1003 934 utramque
1023 887 1179 934 partem
1197 886 1361 933 nutant,
1387 885 1497 923 nolui
1515 886 1736 936 legentium

1788 8 1823 21 wr

209 950 355 988 iudicia
374 961 576 999 occupare.
629 948 707 987 Sed
732 949 779 987 de
806 949 866 987 his
887 952 1082 999 quantum
1108 951 1205 989 satis
1226 950 1376 989 dietum
1400 950 1441 988 in
1467 951 1847 996 ειᾱηοὲώέοιιοτν-ψ

210 1015 434 1054 Dialectum
467 1014 634 1064 denique
672 1014 1006 1064 epigrammatum
1044 1029 1123 1054 non
1153 1015 1280 1066 magis
1312 1027 1429 1065 quam
1468 1018 1587 1054 antea
1617 1028 1738 1055 ausus

211 1094 300 1119 sum
331 1080 382 1119 ad
413 1080 663 1129 aequabilem
695 1080 828 1130 legem
859 1081 1118 1120 conformare.

832 1331 1112 1365 ΕΠΙΚΗΔΕΙΑ.

861 1414 929 1456 89.
965 1414 1100 1467 [148.]

309 1498 515 1552 Δίρφυος
547 1493 806 1550 ε’δμήθημεν
837 1492 925 1539 ὑπὸ
958 1500 1111 1552 πτυχί,
1144 1497 1262 1552 σῆμα
1294 1493 1335 1538 δ’
1373 1491 1443 1551 ἐφ’
1478 1491 1585 1550 ἡμῖν
1651 1531 1657 1535 .

368 1564 562 1622 ἐγγύθεν
595 1563 798 1623 Εὐρίπου
830 1568 1023 1625 δημοσίᾳ
1052 1566 1248 1623 κέχυταιζ
1281 1561 1286 1566 ’
1649 1575 1739 1607 1148

309 1635 391 1680 οὐκ
423 1634 602 1688 ἀδίκως·
636 1634 798 1694 ἐρατὴν
829 1635 913 1694 γὰρ
947 1635 1234 1693 ἀπωλέσαμεν
1265 1635 1452 1692 νεότητα

370 1716 578 1765 τρηχεῖαν
609 1707 805 1764 πολέμου
837 1706 1069 1764 δεξάμενοι
1100 1708 1304 1764 νεφέλην.

310 1861 435 1906 Epigr.
463 1864 519 1896 89.
545 1861 658 1896 Anth.
679 1860 787 1896 Plan.
809 1865 871 1896 26:
898 1862 1173 1906 Σιμωνίδου.
1222 1861 1338 1896 Recte
1365 1858 1620 1896 Schneidewin
1645 1858 1742 1894 arbi-

216 1910 335 1943 tratur
361 1908 592 1953 epitaphium
613 1919 692 1943 esse
706 1908 1003 1952 Atheniensium,
1030 1908 1093 1952 qui
1112 1908 1152 1943 in
1170 1908 1270 1943 bello
1290 1907 1466 1943 adversus
1481 1905 1742 1942 Chalcidenses

213 1956 320 2001 gesto
353 1954 452 1991 eirca
484 1954 540 1990 01.
568 1958 624 1999 68,
651 1959 671 1990 3
704 1954 932 1997 ceciderant3
971 1955 1018 1990 ad
1049 1966 1121 1990 res·
1141 1966 1185 1990 ea.
1214 1956 1437 2000 tempestate
1469 1954 1594 1998 gestas
1627 1953 1740 1988 etiam

214 2002 290 2038 alia
334 2001 535 2038 Simonidis
579 2001 851 2047 epigrammata
896 2005 963 2037 108
1001 2004 1039 2037 et
1076 2006 1144 2037 132
1187 2001 1384 2046 pertinent.
1428 2021 1474 2027 —
1518 1999 1561 2036 V.
1599 2004 1631 2035 3.
1670 1996 1740 2035 οὐκ

215 2046 357 2090 ἀδίκως
382 2049 554 2084 similiter
578 2049 617 2083 in
642 2049 848 2084 recentiore
874 2048 1000 2084 Attico
1027 2049 1143 2094 epigr.
1164 2048 1314 2094 (Kaibel
1333 2050 1415 2089 381)
1436 2049 1494 2083 est
1510 2046 1738 2082 adhibitum:

220 2099 326 2142 ζηλοῖ
346 2094 381 2131 σ’
405 2093 535 2136 Ἑλλὰς
560 2095 664 2131 mim
689 2098 811 2131 ποθεῖ
829 2091 873 2130 θ’
902 2094 1017 2141 ἱεροῖς
1043 2094 1084 2131 ἐν
1117 2092 1277 2141 ἀγῶσιν,
1302 2092 1450 2138 Εὖθία,
1488 2091 1558 2129 οὐκ
1583 2090 1738 2134 ἀδίκως·

214 2142 258 2185 ὃς
299 2142 427 2201 τέχνῃ,
465 2140 549 2200 ορχὶ
587 2141 700 2188 φύσει
744 2140 785 2178 ἐν
809 2140 1141 2200 ’βοτρυοστεφάνῳ
1186 2143 1363 2191 κωμῳδίᾳ
1406 2140 1613 2199 ἡδογὲλωτι
1655 2139 1741 2176 δεύ-

213 2205 320 2236 τερος
357 2204 410 2226 ων
450 2191 574 2236 ταξει,
611 2191 772 2246 πρῶτος,
795 2189 868 2247 {cmg
919 2192 1008 2245 (pon
1051 2201 1143 2236 opus
1187 2190 1414 2225 correctione
1458 2187 1565 2232 ἔφυς)
1615 2189 1742 2236 σοφίᾳ.
1790 2188 1797 2195 “

217 2239 298 2274 Nisi
337 2239 434 2274 forte
474 2237 682 2274 Simonides
727 2250 798 2273 ουκ
841 2244 982 2278 αϊκως
1023 2237 1189 2283 scripsit,
1236 2237 1279 2272 ef.
1318 2237 1426 2272 Hom.
1459 2235 1500 2271 Il.
1528 2237 1566 2270 X
1593 2238 1662 2270 335
1701 2233 1741 2270 σὲ

216 2285 285 2331 μὲν
311 2284 423 2326 κύνες
447 2282 511 2330 ἠδ’
540 2284 669 2320 οἰωνοὶ
696 2281 891 2330 ἕλκήσουσ’
920 2281 1054 2328 ἆικῶς,
1085 2284 1149 2320 ubi
1173 2283 1302 2320 mirari
1331 2284 1422 2319 licet
1445 2281 1662 2318 Antimachi
1685 2282 1742 2336 in:

219 2333 366 2369 scitiam
385 2333 509 2373 κακῶς
529 2332 760 2378 corrigentis,
785 2331 1086 2377 quandoquidem
1105 2331 1228 2368 ionica
1247 2332 1316 2367 hae
1335 2331 1456 2366 forma
1474 2329 1588 2365 etiam
1606 2329 1744 2375 tragici

217 2382 255 2416 et
273 2381 382 2416 Plato
404 2381 565 2416 comicus
585 2380 643 2415 usi
663 2380 758 2424 sunt,
785 2379 854 2414 nisi
874 2380 973 2425 quod
993 2379 1141 2415 vocales
1161 2379 1387 2415 coaluerunt.
1408 2375 1534 2412 Etiam
1553 2388 1612 2423 ap.
1629 2375 1741 2421 Soph.

216 2428 273 2464 El.
294 2432 361 2464 102
389 2426 503 2468 αἰκῶς
528 2428 567 2462 et
591 2424 733 2467 ἀδικῶς
759 2426 920 2462 confusa.
941 2447 985 2452 ——
1007 2427 1049 2461 V.
1071 2430 1103 2462 4.
1131 2431 1307 2471 τρηχεῖαν
1333 2423 1603 2468 Schneidewin,
1628 2423 1741 2468 vulgo

216 2476 401 2521 τρηχείην,
422 2474 734 2520 quemadmodum
753 2473 897 2509 librarii
916 2473 1062 2519 saepius
1082 2474 1240 2519 peccant
1258 2473 1297 2509 in
1312 2471 1476 2518 antiquis
1488 2469 1740 2516 scriptoribus,

313 2628 346 2675 ³¹⁶)
372 2628 600 2665 Correetoris
632 2628 743 2663 fidem
776 2629 814 2663 et
844 2627 1022 2664 iudicium
1056 2627 1146 2663 satis
1176 2626 1359 2668 illustrat,
1390 2627 1432 2661 ut
1462 2635 1535 2660 uno
1561 2623 1743 2669 defungar

219 2677 399 2723 exemplo,
414 2676 483 2712 VII
495 2680 576 2721 405,
592 2675 659 2711 ubi
676 2675 922 2720 Hipponactis
937 2675 1169 2720 epitaphium
1188 2675 1227 2709 in
1247 2673 1326 2709 cod.
1338 2672 1416 2709 Pal.
1431 2670 1742 2717 quemadmodum

220 2725 320 2769 apud
352 2724 555 2759 Planudem
589 2724 646 2758 est
680 2719 901 2758 ἀδέσποτον.
952 2722 1147 2758 Corrector
1178 2720 1215 2756 in
1246 2719 1421 2773 margine·
1440 2720 1511 2754 ext.
1544 2718 1742 2771 Φιλίππου,

222 2770 260 2805 in
287 2784 334 2806 m.
359 2771 426 2806 int.
452 2769 677 2816 Μιμνέρμου
710 2767 748 2804 οἴ
782 2767 824 2805 δὲ
852 2770 1039 2805 Φιλίππου
1071 2767 1285 2814 adscripsit3
1316 2768 1358 2802 ut
1380 2765 1560 2819 Fmslero·
1579 2764 1739 2818 videtur,

220 2820 416 2862 utrumque
441 2829 576 2854 nomen
608 2817 842 2852 coniecturae
872 2816 1070 2863 indulgens
1102 2814 1339 2857 instauravit3
1373 2813 1414 2848 at
1443 2813 1581 2866 repetit
1608 2812 1673 2846 ille
1688 2823 1744 2866 ,in

220 2875 268 2900 m.
294 2865 360 2900 int.
387 2864 686 2911 parepigraphen
710 2864 847 2899 veteris
881 2864 1059 2909 exempli,
1092 2863 1213 2899 sobrio
1244 2862 1368 2897 autem
1398 2859 1536 2895 iudicio
1566 2870 1654 2894 usus
1685 2870 1742 2894 m-
