1864 3126
807 131 1040 171 ALCAEUS.
1426 192 1438 200 ·
1605 129 1688 172 197

154 247 340 302 quoniam
371 248 478 299 apud
508 246 691 302 Tzetzem
722 245 882 297 Proleg.
906 245 948 286 in
973 216 1183 297 Lycophr„
1209 244 1279 285 ubi
1303 244 1346 284 in
1369 256 1582 299 numerum
1606 243 1687 294 epi-
1702 249 1771 295 96⁵1

153 313 629 367 grammatographorum
659 311 836 351 refertur
862 306 1040 359 Ἀλκαῖος
1071 305 1093 351 ὅ
1125 307 1228 361 νέος,
1258 305 1304 359 ὃς
1332 302 1386 362 ἦν
1415 306 1481 350 ἐπὶ
1508 304 1688 349 Οὐεσπα-

115 401 124 412 ·
155 379 297 421 σιαναῦ
326 379 398 420 τοῦ
420 373 618 431 Ῥωμαίου
648 374 715 416 καὶ
749 374 882 417 Τίτουε
915 389 1055 417 verum
1081 376 1174 415 huic
1198 375 1386 427 nugatori
1411 387 1491 415 non
1516 374 1687 414 multum

154 443 308 497 tribuo3
337 456 431 484 nam
462 444 497 484 si
527 442 719 483 Alcaeum
750 441 992 482 Messenium
1025 441 1515 492 epigrammatographum
1546 452 1689 492 aequa-

152 510 233 551 lem
263 509 347 549 Titi
376 508 590 548 Flaminini
621 506 746 547 fuisse
776 507 943 557 reperit,
981 508 1115 557 potuit
1152 507 1270 547 homo
1310 506 1415 546 male
1452 506 1594 546 doctus
1632 507 1688 546 te-

70 578 73 583 ’
154 587 263 616 mere
293 573 432 614 Titum
461 574 745 624 imperatorem
777 571 1042 624 substituere,
1079 572 1216 612 addito
1248 571 1485 622 Vespasiani
1516 571 1688 622 nomine,

154 653 232 692 quo
262 639 517 692 prudentiam
549 650 663 678 suam
694 638 928 678 ostentaret.
964 659 1013 665 —
1048 637 1228 688 Denique
1260 637 1365 687 quod
1397 639 1460 677 est
1490 649 1552 687 ap.
1583 636 1689 687 Apo-

154 705 246 747 stol.
276 704 373 745 XVI
405 706 483 746 50:
525 699 599 758 τὴν
640 698 767 756 ἀρχὴν
783 697 860 759 ,οὗ
902 698 1058 757 δυνήσῃ
1099 704 1154 758 τῷ
1189 698 1287 742 τέλει
1325 697 1523 753 συνάψαι·
1561 697 1583 743 ὃ
1615 698 1689 754 μὲν

148 766 328 820 ’Λλκαῖος
356 765 460 811 τοῦτ’
495 768 587 822 ἔφη,
617 763 661 810 τὸ
691 763 784 816 τοὺς
814 763 1058 822 ἀνθρώπους
1083 763 1334 809 ἀπόλλυσθαι
1358 761 1411 819 μὴ
1438 764 1688 819 δυναμένους

153 832 226 889 τὴν
256 831 383 889 ἀρχὴν
412 837 482 888 τῆς
512 835 614 887 ζωῆς
650 835 703 889 τῷ
732 830 828 874 τέλει
858 827 1082 886 προσάψαι·
1113 828 1255 882 κύκλος
1285 828 1360 887 γὰρ
1390 824 1453 884 ἦν.
1496 832 1552 871 ibi
1582 845 1687 872 nunc

154 905 262 943 reete
288 897 509 954 Ἀλκμαίων
539 900 774 941 restitutum
806 902 879 950 est,
911 901 1006 940 sunt
1029 899 1135 940 enim
1160 899 1258 939 haee
1283 910 1333 938 ex
1359 897 1528 937 Aristot.
1552 898 1687 939 Probl.

155 967 273 1007 XVII
304 968 329 1007 3
363 966 575 1018 descripta.
