1864 3126
754 168 1029 207 SIMONIDES.
1569 167 1628 210 44
1637 166 1659 210 l

243 285 391 337 Elegia
438 285 518 325 iam
562 286 654 324 ante
699 283 942 323 Simonidem
992 285 1134 334 poetae
1179 282 1348 323 subinde
1392 282 1659 322 familiaribus

127 351 346 403 gratificati
378 352 488 398 sunt,
529 348 599 389 sed
636 349 820 400 princeps
862 347 965 388 Ceus
1003 352 1124 400 poeta
1162 350 1236 388 hoc
1274 349 1493 389 carminum
1532 360 1660 399 genus

125 416 186 457 ita
215 416 445 464 illustravit,
478 416 524 454 ut
555 415 686 466 legem
718 415 831 466 quasi
863 414 1043 454 sanxisse
1074 415 1275 466 videatur,
1317 427 1437 466 quam
1469 414 1538 465 qui
1570 416 1662 464 post

127 482 253 522 secuti
285 482 380 521 sunt
410 481 598 532 religiose
630 483 851 519 servarent.
911 480 1050 531 Neque
1080 493 1176 520 vero
1208 480 1344 520 amicis
1377 482 1534 519 tantum
1567 491 1661 531 gra-

126 546 301 587 tificatus
343 550 422 597 est,
461 546 530 586 sed
568 546 690 586 etiam
728 546 979 598 civitatibus,
1018 559 1119 598 quae
1160 546 1337 586 studiose
1376 546 1460 585 eius
1498 557 1661 596 operam

125 612 380 663 expetebant,
428 615 473 651 ut
523 612 683 663 publica
734 615 993 652 monumenta
1036 613 1190 652 decoris
1236 612 1416 652 versibus
1461 613 1661 651 ornarent.

126 677 345 729 Praecipue
375 690 440 716 res
466 690 490 716 a
514 677 677 717 Graecis
703 678 808 718 bello
834 677 987 718 Medico
1013 679 1219 728 praeclare
1250 679 1390 735 gestae
1417 677 1661 717 uberrimam

125 742 335 783 materiam
365 741 509 794 poetae
535 744 862 794 suppeditabant:
895 744 1070 794 plurima
1093 748 1189 784 tunc
1214 746 1474 783 monumenta
1499 742 1661 782 honoris

117 821 224 860 -ergo
263 811 358 848 sunt
397 810 586 860 excitata,
625 821 726 860 quae
767 810 939 859 posteris
981 810 1198 861 proderent
1238 809 1471 848 memoriam
1512 821 1662 855 eorum,

124 874 194 926 qui
223 887 295 926 pro
326 875 546 914 communis
573 875 728 926 patriae
754 875 944 914 libertate
970 874 1255 926 gravissimum
1282 874 1494 914 subierunt
1526 872 1662 912 discri-

125 952 228 979 men.
291 939 545 991 Singularem
577 942 678 981 hanc
708 941 933 981 animorum
964 941 1179 981 elationem
1206 940 1363 991 spirant
1387 940 1510 979 etiam
1537 938 1662 978 Simo-

123 1005 227 1045 nidis
259 1006 402 1057 elogia,
434 1007 502 1057 qui
534 1007 869 1058 quemadmodum
895 1007 1071 1057 optimus
1105 1006 1271 1058 quisque
1298 1005 1542 1046 Graecorum
1568 1006 1664 1043 tunc

123 1071 324 1111 animatus
348 1072 438 1122 fuit,
462 1073 681 1124 praeclaris
709 1073 893 1112 versibus
925 1085 1061 1111 rerum
1086 1071 1357 1123 magnitudini
1383 1070 1663 1111 convenienter

124 1137 333 1187 expressit.
397 1137 504 1178 Haec
549 1138 697 1189 elogia,
742 1151 844 1188 quae
887 1150 1023 1177 rerum
1068 1139 1276 1188 gestarum
1321 1149 1402 1176 non
1446 1135 1664 1175 interitura

123 1205 382 1244 monumenta
424 1215 510 1243 esse
554 1202 811 1252 videbantur,
862 1206 1005 1254 poetae
1042 1215 1282 1255 generosum
1322 1203 1498 1242 animum
1543 1203 1664 1251 atque

123 1267 276 1319 ingenii
318 1268 544 1309 ubertatem
595 1270 693 1309 satis
732 1281 931 1319 superque
969 1269 1185 1309 declarant.
1254 1268 1310 1307 At
1346 1267 1491 1307 Kaibel
1531 1266 1665 1306 omnia

126 1332 436 1385 epigrammata,
474 1336 619 1386 quibus
658 1335 900 1374 Simonidem
939 1322 1099 1385 publica
1135 1337 1393 1374 monumenta
1435 1334 1477 1372 in
1517 1344 1663 1371 memo-

125 1399 226 1438 riam
263 1412 397 1438 rerum
443 1400 688 1440 Medicarum
726 1400 930 1440 ornavisse
973 1400 1169 1439 traditum
1213 1400 1286 1451 sit,
1338 1411 1426 1439 sese
1469 1399 1665 1450 eripuisse

124 1464 359 1505 arbitratur.
420 1466 494 1505 His
534 1465 725 1506 detractis
762 1466 877 1516 parvi
907 1469 995 1505 erat
1026 1465 1240 1506 moliminis
1272 1465 1429 1516 reliqua
1465 1464 1666 1515 poematia

125 1530 307 1570 censoria
355 1534 452 1571 nota
499 1532 740 1583 adpungere.
831 1531 974 1583 Itaque
1031 1530 1175 1570 Kaibel
1230 1531 1473 1571 confidenter
1541 1530 1666 1570 edixit

126 1607 268 1635 vanam
319 1607 406 1635 esse
457 1596 684 1646 opinionem
733 1598 1020 1648 pervagatam,
1070 1596 1316 1635 Simonidem
1362 1595 1664 1647 epigrammatis

126 1659 342 1700 condendis
384 1662 643 1712 praecipuam
693 1663 851 1702 laudem
902 1664 1157 1701 consecutum
1202 1674 1307 1712 esse,
1350 1674 1469 1712 quem
1513 1662 1665 1713 Byzan-

127 1724 202 1764 tini
252 1725 411 1765 demum
457 1727 676 1778 magistelli
720 1727 1180 1780 epigrammatographis
1225 1728 1500 1767 accensuerint
1543 1723 1665 1779 (Mus.

127 1790 251 1830 Rhen.
302 1786 421 1846 459).
503 1791 606 1832 Sane
662 1793 823 1834 Tzetzes
874 1793 979 1832 Prol.
1028 1793 1227 1844 Lycophr.
1279 1807 1318 1844 p.
1370 1794 1454 1833 258
1506 1792 1666 1844 scripsit

127 1852 545 1910 ἕπιγραμματογρᾶφοι
593 1855 636 1898 δὲ
679 1857 837 1911 ποιηταὶ
879 1859 1108 1911 Σιμωνίδης
1152 1854 1173 1899 ὁ
1216 1855 1402 1909 παλαιός,
1459 1851 1508 1899 οὗ
1551 1853 1666 1910 Ἡρό-

127 1921 241 1969 δοτος
289 1919 498 1975 μέμνηται,
546 1924 614 1975 qui
662 1924 839 1975 respexit
888 1925 1035 1964 Herod.
1086 1925 1165 1964 VII
1218 1926 1325 1975 228,
1376 1925 1445 1964 ubi
1496 1938 1556 1975 ep.
1608 1926 1664 1965 94

127 1986 476 2040 historiographus
509 1989 733 2040 adscripsit.
790 1990 932 2030 Suidas
965 1994 1099 2030 autem
1139 1993 1180 2030 et
1210 1991 1387 2031 Eudocia
1418 1990 1665 2042 Hesychium

128 2054 415 2105 describentes,
454 2068 543 2095 cum
577 2054 790 2095 Simonidis
828 2059 1015 2106 poemata
1051 2059 1275 2109 recensent,
1319 2057 1439 2096 etiam
1479 2051 1664 2109 ἐπιγράμ-

128 2134 228 2170 ματα
253 2123 493 2161 memorant:
524 2121 631 2161 iusto
663 2122 768 2161 enim
801 2122 939 2162 ordine
970 2122 1012 2160 in
1043 2122 1248 2162 veteribus
1275 2121 1516 2161 editionibus
1550 2124 1665 2160 erant

129 2188 314 2234 poemata
338 2186 508 2238 digesta,
534 2187 751 2237 singularis
778 2187 880 2226 liber
906 2187 1207 2237 comprehendit
1229 2188 1534 2238 epigrammata,
1559 2187 1665 2225 hunc

130 2246 432 2302 ἐπιγραμμάτων
486 2252 632 2291 librum
689 2252 957 2292 testificantur
999 2252 1122 2303 Apio,
1172 2253 1354 2304 Trypho,
1405 2252 1665 2302 Hephaestio,

131 2313 403 2364 Herodianus,
439 2315 653 2366 Stobaeus,
690 2317 769 2357 vid.
802 2330 862 2367 ep.
899 2319 994 2368 179,
1036 2319 1130 2368 159,
1174 2320 1269 2366 131,
1306 2319 1401 2366 166,
1438 2318 1533 2367 175,
1569 2318 1665 2356 176.

130 2379 255 2418 Novit
286 2379 384 2419 haec
421 2380 607 2420 veterum
643 2383 998 2433 grammaticorum
1036 2383 1268 2423 testimonia
1304 2382 1447 2422 Kaibel
1486 2376 1558 2434 (M.
1590 2381 1664 2420 Rh.

131 2440 256 2498 451),
294 2444 553 2486 nihilominus
596 2449 717 2497 putat
758 2446 906 2486 Suidae
944 2450 1104 2488 tantum
1142 2451 1183 2488 et
1222 2449 1389 2488 Tzetzae
1426 2447 1666 2486 auctoritate

130 2510 235 2549 inter
277 2510 614 2561 epigrammatum
655 2514 796 2562 poetas
837 2525 924 2552 esee
965 2514 1149 2553 relatum.
1210 2513 1338 2563 Atqui
1373 2512 1537 2563 plurimi
1574 2513 1667 2551 scri-

129 2576 266 2626 ptores
298 2575 389 2615 inde
421 2578 469 2617 ab
502 2576 707 2618 Herodoto
738 2580 780 2617 et
811 2578 1044 2629 Thucydide
1076 2592 1202 2630 usque
1228 2578 1278 2619 ad
1306 2577 1534 2626 Aristidem,
1561 2578 1666 2617 Pau-

131 2642 287 2682 saniam
318 2644 360 2682 et
389 2642 662 2693 Athenaeum,
695 2644 742 2681 ut
770 2643 944 2684 novicios
976 2646 1159 2683 auctores
1190 2645 1533 2696 praetermittam,
1573 2657 1664 2683 cum

133 2831 229 2869 tium
254 2833 408 2870 nomina
432 2834 633 2878 testantur,
658 2833 818 2870 fortasse
849 2845 924 2871 non
950 2835 1130 2871 carebant
1153 2834 1282 2880 titulo,
1313 2834 1351 2870 in
1383 2845 1457 2880 quo
1482 2836 1663 2882 scriptum

134 2882 215 2962 grat
238 2879 533 2935 Amphictyones
559 2880 630 2918 hoc
657 2880 770 2926 elogii
796 2881 936 2920 honore
967 2882 1258 2929 Peloponnesios
1283 2884 1323 2919 et
1347 2882 1665 2922 Lacedaemonios

160 2938 377 2965 ecoravisse.
