1864 3126
759 124 1082 163 PHILOXENUS.
1597 123 1686 167 615

889 235 953 278 15.

252 315 540 376 Τληπόλεμός
570 314 615 375 μ’
650 315 676 362 ὁ
715 314 896 376 Μυρεὺς
919 314 1090 375 Ἑρμᾶν
1121 313 1369 374 ἀφετήριον
1401 316 1513 373 ἕρμα

307 388 566 448 ίροδρόμοις
596 391 740 446 θῆκεν
772 397 874 441 παῖς
905 385 929 433 ὁ
963 391 1273 445 Πολυκρίτεω,

246 459 318 514 δὶς
348 458 439 506 δέκ’
474 458 562 505 άπὸ
596 462 792 504 σταδίων
825 457 1093 516 ἐναγώνιον·
1125 456 1238 503 ἀλλὰ
1271 467 1446 503 πονεῖτε

305 533 541 590 μαλθακὸν
573 531 620 576 ἐκ
651 529 859 588 γονάτων
890 528 1029 575 ὄκνον
1061 527 1360 586 ἀπωσάμενοι.

679 662 744 700 ΕΞ
771 662 976 697 ΑΔΗΛΩΝ
1000 661 1161 697 ΕΙΔῼΝ.

886 747 950 790 16.

253 892 470 947 Ευρείτας
500 886 625 941 οἶνος
656 887 916 946 πάμφωνος.

821 987 823 990 ⁴
886 1010 951 1053 17.

275 1096 527 1147 Antiphanes
565 1110 627 1147 ap.
659 1096 806 1135 Athen.
839 1096 874 1134 X
907 1098 992 1136 446
1013 1096 1068 1135 A:
1112 1094 1348 1148 Παραδίδου
1386 1090 1424 1134 δ’
1469 1092 1559 1147 ἑξῆς
1599 1093 1686 1147 ἐμοὶ

148 1156 286 1203 οἶνον
323 1159 548 1215 (corrigunt
588 1158 677 1217 τὸν)
715 1157 1042 1215 ἀρκεσίγυιον,
1088 1156 1141 1209 ὥς
1176 1155 1319 1211 ἔφασκ’
1362 1156 1600 1213 Εὐριπίδης.
1640 1162 1684 1201 Β.

147 1222 373 1280 Εὐριπίδης
403 1225 478 1283 γὰρ
510 1224 616 1270 τοῦτ’
652 1227 843 1279 ἕφασκενς
876 1229 923 1268 A.
951 1222 1065 1266 Ἀλλὰ
1095 1227 1174 1274 τίς;
1213 1227 1259 1266 Β.
1293 1221 1503 1274 Φιλόξενος
1535 1223 1685 1277 δήπου-

147 1297 234 1334 θεν.
271 1294 319 1335 Α.
351 1290 471 1335 οὐδὲν
503 1293 699 1347 διαφέρει,
738 1286 769 1334 ὦ
799 1290 888 1333 τάν·
923 1290 1089 1347 ἐλέγχεις
1121 1288 1160 1345 μ’
1203 1290 1317 1332 ἕνεκα
1349 1292 1548 1345 συλλαβῆς
1580 1294 1684 1344 μιᾶς.

883 1411 950 1453 18.

269 1497 473 1548 Aristoph.
518 1498 624 1537 Nub.
670 1499 776 1538 335:
823 1491 941 1536 Ταῦτ’
994 1491 1058 1548 ἄρ’
1105 1493 1270 1536 ἐποίουν
1319 1490 1446 1549 ὖγρᾶν
1494 1492 1685 1547 Νεφελᾶν

150 1561 427 1615 στρεπταίγλαν
458 1556 774 1617 (στρεπταιγλᾶν)
814 1558 930 1602 δάϊον
967 1557 1105 1614 ὁρμάν.
1145 1561 1213 1599 ubi
1244 1561 1366 1600 schol.
1397 1562 1516 1600 ταῦτα
1555 1558 1598 1600 δὲ
1630 1560 1684 1608 εἰς

149 1623 363 1677 Φιλόξενον
396 1622 465 1667 τὸν
491 1623 858 1680 διθυραμβοποιόν·
884 1622 926 1667 τὸ
951 1623 1026 1682 γὰρ
1051 1638 1129 1679 στρ
1140 1626 1396 1680 επταίγλαν
1422 1619 1537 1675 οὗτος
1562 1622 1683 1666 εἶπεν.

146 1693 438 1744 Aristophanes
470 1693 539 1732 illo
571 1694 656 1732 loeo
688 1706 768 1733 non
798 1694 931 1744 potuit
956 1693 1218 1733 Philoxenum
1248 1695 1407 1732 notare:
1441 1692 1512 1732 sed
1535 1704 1683 1743 nequa-

148 1772 269 1810 quam
300 1759 584 1810 improbabile,
624 1759 697 1798 hoc
729 1759 922 1799 vocabulo
954 1772 1071 1798 usum
1103 1772 1192 1799 esse
1224 1759 1346 1799 etiam
1375 1760 1518 1809 postea
1547 1758 1680 1798 Philo-

146 1837 306 1875 xenum,
337 1824 378 1863 id
408 1824 515 1875 quod
547 1825 671 1864 istum
702 1825 1011 1876 grammaticum
1041 1825 1083 1864 in
1114 1837 1291 1864 errorem
1322 1823 1490 1864 induxit.

882 1941 948 1985 19.
1591 1950 1682 1983 1266

267 2028 572 2080 Theophrastus
605 2028 654 2068 de
684 2027 826 2068 Ventis
861 2030 934 2069 38:
974 2030 1079 2068 Πνεῖ
1112 2023 1151 2067 δ’
1193 2026 1352 2080 ἐνιαχοῦ
1389 2023 1462 2079 μὲν
1492 2024 1682 2079 χειμέριος

147 2087 188 2148 (ὃ
219 2088 442 2148 Ζέφυρος),
482 2090 581 2134 ὅθεν
619 2092 685 2133 καὶ
722 2089 743 2134 ὁ
781 2090 946 2146 ποιητὴς
983 2094 1111 2146 δυσαῆ
1149 2088 1482 2146 προσηγόρευσεν·
1522 2090 1681 2144 ἐνιαχοῦ

147 2154 190 2197 δὲ
221 2159 382 2211 μετρίως
412 2157 478 2198 καὶ
509 2161 704 2211 μαλακῶς,
739 2154 802 2199 διὸ
832 2158 899 2199 καὶ
931 2154 1141 2207 Φιλόξενος
1172 2158 1302 2198 ἰδίαν
1335 2155 1461 2212 <recte
1496 2157 1678 2197 Meineke

145 2217 332 2276 ἡδεῖαν)
365 2219 487 2264 αὐτοῦ
517 2224 707 2275 πεποίηκε
737 2219 822 2276 τὴν
852 2220 1019 2277 πνοήν,

242 2360 302 2396 Fr.
331 2364 387 2396 15.
427 2361 643 2397 Anth.1‘.a1
664 2361 715 2397 IX
735 2365 821 2397 319·
848 2362 880 2397 A
906 2360 1170 2406 Φιλοξένου.
1198 2360 1297 2396 Corr.
1325 2359 1378 2401 εἰς
1397 2358 1538 2418 Ερμοῦ
1564 2358 1680 2407 &7012-

146 2421 211 2455 μα,
236 2405 330 2452 ὅπερ
355 2405 525 2455 ἀνέθηκε
555 2406 797 2468 Τληπόλεμος
822 2407 987 2454 Μυρεύς.
1010 2431 1051 2435 —
1079 2410 1123 2445 V.
1147 2412 1177 2445 1.
1201 2405 1444 2454 Τληπόλεμός
1468 2405 1508 2455 μ’
1536 2409 1680 2454 scripsi,

147 2457 314 2503 vulgou.
363 2456 479 2492 deest.
513 2477 555 2483 —
591 2469 704 2502 ερμα,
737 2456 903 2493 Dorville
935 2457 1029 2494 coni.
1057 2454 1188 2506 Ερμᾴ.
1218 2477 1260 2482 -
1290 2455 1332 2492 V.
1358 2460 1391 2492 2.
1426 2457 1680 2516 Πολυκρίτεω,

146 2505 214 2540 aut
239 2505 388 2549 Πολυκρ
391 2505 518 2540 ιτίδεω
544 2505 612 2540 aut
635 2502 900 2563 Πολυκράτεος
923 2493 1195 2562 corrigendum.
1219 2524 1261 2530 —-
1283 2503 1325 2540 V.
1347 2508 1379 2539 3.
1406 2503 1464 2545 δὶς
1489 2502 1557 2540 δέκ
1601 2517 1680 2540 anu

146 2552 322 2596 στάδι’,ων
348 2551 494 2588 Hecker
519 2551 552 2587 11
582 2555 647 2587 115
673 2551 731 2592 δὶς
756 2549 852 2587 δέκα
877 2550 949 2598 πρὸ
977 2553 1140 2588 σταδίων
1173 2551 1345 2587 coniecit
1395 2551 1488 2587 Mihi
1513 2551 1678 2588 scriben-

147 2598 236 2635 dum
255 2580 404 2635 vid’etur
422 2596 566 2645 Ερμᾶν
593 2596 895 2645 ἐναγώνιον”
876 2613 1001 2646 ερμα.
1052 2600 1139 2640 ,δὶς
1164 2598 1258 2635 δέκα
1291 2611 1376 2635 που
1402 2599 1565 2635 σταδίων
1590 2612 1678 2644 αφ-

147 2645 344 2693 ετήριον.
366 2667 411 2673 —
432 2646 604 2694 Berglein
625 2647 857 2693 epigramma
875 2647 1082 2684 Philoxeno
1102 2646 1304 2691 abiudicat,
1324 2646 1502 2692 quoniam
1521 2646 1677 2683 Pausan.

148 2694 179 2729 V
206 2698 292 2738 8.1.
318 2694 579 2741 Tlepolemum
604 2694 760 2740 Lycium
786 2694 1085 2741 Olympionicam
1110 2695 1210 2731 circa
1228 2693 1374 2731 Ol.181
1395 2696 1678 2740 commemorat,

146 2743 187 2778 at
211 2753 286 2778 non
310 2707 438 2779 docupit
462 2743 620 2779 eundem
646 2741 837 2778 hominem
863 2745 1021 2787 utroquo
1045 2742 1130 2779 loco
1150 2740 1367 2787 significari.

242 2838 299 2875 Fr.
330 2841 385 2874 16.
436 2837 571 2875 Athen.
600 2838 632 2873 11
658 2839 703 2874 36
729 2836 779 2873 D.
807 2833 851 2874 Ὁ
875 2836 918 2874 δὲ
944 2835 1140 2883 Κυθήριος
1167 2834 1366 2881 Φιλόξενος
1389 2835 1507 2884 λέγει·
1533 2833 1676 2884 ευρρεί·

147 2897 213 2926 τας
237 2888 311 2921 κτλ.
341 2885 455 2922 Recte
476 2884 502 2921 C
523 2886 562 2921 et
581 2884 850 2931 Eust.1‘170,9
872 2881 1053 2931 εὖρειᾛτας
1080 2885 1254 2932 Hartung
1272 2885 1320 2921 ad
1341 2884 1529 2932 Cyclopem
1547 2885 1672 2925 refert.
