1864 3126
707 119 1084 159 ANACREONTEA.
1584 116 1671 159 297

786 244 822 287 1.
855 240 958 300 [65.]
975 240 1020 301 ²¹²)

205 337 456 397 Ἀνακρέων
488 336 601 383 ι’δοᾶν
633 355 685 395 με
928 348 971 381 10
986 334 1130 395 ”Epeos
1165 332 1459 393 ἐχειραγώγει.

211 408 236 457 ὁ
274 409 409 469 Τήῐος
438 408 637 471 μελῳδός
881 422 887 427 ·
997 405 1020 452 ὁ
1055 405 1096 451 δ’
1133 404 1293 460 ἐξελών
1323 405 1526 463 καρήνου

212 481 326 540 ὄναρ
360 482 502 539 λέγων
533 489 791 540 προσεῖπεν·
997 478 1095 537 ἐμοὶ
1127 478 1288 535 στέφος
1321 479 1529 522 δίδωσιν·

211 552 333 612 κᾶγω
367 556 552 612 δραμων
582 551 695 610 πρὸς
723 549 864 596 αὐτόν
997 549 1047 596 τὸ
1081 548 1123 595 δ’
1160 544 1232 604 ὦζ’
1265 547 1590 607 Ἀνακρέοντος.

164 639 186 672 5
211 623 487 684 περιπλάκην
517 623 720 682 φιλήσας.
997 620 1083 681 ἐγὼ
1116 619 1157 667 δ’
1194 619 1218 666 ὁ
1251 619 1401 679 μωρὸς
1432 618 1544 679 ἄρας

212 697 355 756 γέρων
387 695 469 754 μὲν
500 690 579 754 ἦν,
610 694 745 749 καλὸς
776 696 840 752 δέ,
926 706 970 740 15
997 693 1226 752 έὸησᾶμην
1257 691 1461 753 μετώπῳ·
1585 703 1675 737 1047

179 767 183 772 ’
211 768 347 822 καλός
378 785 427 825 γε
457 767 531 812 καὶ
563 771 791 826 φίλευνος·
996 765 1070 811 καὶ
1102 767 1246 823 δῆθεν
1278 762 1382 822 ἄχρι
1413 763 1487 808 καὶ
1520 765 1607 808 νῦν

213 839 262 886 τὸ
295 844 441 898 χεῖλος
472 834 581 895 ὦζεν
613 844 758 896 οἴνου,
999 841 1162 896 ἔρωτος
1193 834 1248 882 ού
1280 836 1517 894 πέπαυμαι.

213 913 430 971 τρέμοντα
462 910 503 956 δ’
540 909 681 957 αὐτὸν
711 909 798 968 ἤδη

816 1032 857 1075 2.
879 1031 995 1086 [48]

573 1115 676 1150 ΤΟΥ
698 1114 878 1149 AYTO'P.
919 1113 1238 1158 (ΒΑΣΙΛΙΚΟΤ.)

166 1204 171 1241 s
217 1198 334 1244 Δότε
365 1216 440 1256 μοι
473 1196 616 1256 λύρην
637 1195 832 1256 Ὁμήρου
1000 1194 1088 1241 ὑπὸ
1121 1195 1359 1254 σώφρονος
1390 1194 1440 1239 δὲ
1472 1193 1638 1250 λύσσης

215 1274 378 1329 φονίης
408 1267 578 1314 ἄνευθε
609 1270 789 1327 χορδῆς·
1000 1266 1108 1325 μετὰ
1141 1270 1367 1325 βαρβίτων
1400 1265 1565 1311 ἀείδων

215 1342 323 1400 φέρε
348 1359 423 1399 μοι
449 1340 644 1385 κύπελλα
669 1342 869 1404 θεσμῶν,
1002 1337 1050 1384 τὸ
1083 1342 1322 1396 παροίνιον
1353 1337 1517 1395 βοήσω.

216 1414 323 1471 φέρε
349 1430 424 1470 μοι
444 1410 626 1469 νόμους,
651 1410 869 1469 κεράσσω,
1003 1410 1105 1455 δότε
1136 1428 1212 1469 μοι
1245 1410 1388 1468 λύρην
1412 1407 1608 1468 Ὁμήρου
1659 1451 1662 1453 ,

169 1499 190 1530 5
215 1484 401 1543 μεθύων
434 1482 554 1537 ὅπως
584 1482 801 1542 χορεύσω,
934 1495 977 1528 10
1003 1485 1166 1540 φονίης
1197 1480 1365 1526 ἄνευθε
1396 1483 1572 1540 χορδῆς.

145 1629 236 1665 nota.
259 1626 454 1664 varietatis
480 1627 514 1674 γ.
541 1626 672 1662 addita
697 1626 745 1663 ad
770 1626 978 1674 marginem
1003 1626 1176 1673 relegans
1203 1627 1406 1672 comparet,
1432 1623 1618 1662 sednihil
1642 1624 1682 1660 in

146 1674 315 1722 margine
340 1675 585 1722 adscriptum:
613 1675 706 1710 haec
724 1685 873 1720 quoque
893 1674 942 1710 ad
961 1675 1207 1721 archetypum
1226 1673 1437 1710 revocanda
1456 1675 1554 1717 sunt,
1579 1672 1681 1718 quod

148 1723 309 1759 fideliter
333 1722 531 1769 descripsit
554 1721 739 1758 librarius.
766 1743 813 1748 --
838 1721 1096 1759 Inscribuntur
1121 1722 1214 1758 haec
1240 1720 1407 1758 carmina
1430 1720 1470 1756 in
1498 1720 1580 1756 cod.
1601 1720 1680 1756 Pal.

145 1768 406 1816 Ἀνακρέοντος
433 1770 552 1816 Τηΐου
585 1766 825 1816 συμποσιακά
856 1767 1062 1817 ἡμιάμβια,
1094 1769 1207 1806 index
1232 1769 1386 1805 Anthol.
1412 1768 1535 1805 Palat.
1563 1768 1605 1803 T.
1631 1767 1684 1803 111

146 1831 181 1865 p.
203 1822 226 1854 4
251 1817 418 1854 exhibet:
445 1814 717 1864 ἄνακρεόντιαε
743 1818 809 1854 καὶ
832 1819 1025 1864 τρίμετραε
1052 1818 1119 1854 τοῦ
1145 1815 1256 1864 ἁγίου
1283 1817 1484 1863 γρηγορίου
1505 1816 1572 1852 τοῦ
1590 1818 1683 1852 θεο-

148 1865 264 1912 λόγον
290 1863 332 1902 g„
358 1866 433 1902 τῶν
461 1863 562 1902 ἐπῶν
589 1862 741 1911 ἐκλογαὶ
766 1863 956 1912 διάφοροι.
1035 1910 1037 1913 Ι
1384 1906 1387 1909 ,

246 1917 277 1950 1.
326 1913 524 1950 Mehlhom
548 1913 589 1950 in
611 1914 689 1950 tres
715 1913 886 1960 strophas
905 1913 1104 1959 quinorum
1122 1924 1296 1950 versuum
1316 1910 1517 1958 discripsit,
1547 1911 1683 1956 quibus

150 1962 224 1998 duo
260 1972 389 1998 versus
426 1961 538 2007 epodi
573 1960 658 1998 loco
695 1961 770 1997 sint
807 1961 976 1998 subiecti.
1026 1961 1104 2008 Ipsi
1133 1960 1291 1998 carmini
1322 1959 1473 1996 Brunck
1503 1959 1680 1995 Βασιλίου

147 2008 359 2064 praemisit,
396 2008 574 2055 quoniam
600 2012 621 2044 2
646 2006 865 2045 inscribitur
888 2009 956 2046 τοῦ
981 2006 1101 2046 αὐτοῦ
1127 2010 1317 2053 Βασιλίου,
1347 2008 1413 2044 sed
1436 2009 1563 2043 tamen
1589 2006 1681 2043 satis

147 2057 291 2093 incerta.
314 2057 408 2093 haec
433 2055 657 2102 coniectura,
682 2056 768 2093 vide
788 2056 848 2095 ad.
868 2061 902 2093 2.
925 2077 969 2084 -
997 2057 1041 2093 V.
1061 2061 1093 2093 3.
1118 2055 1251 2103 λέγων,
1277 2057 1309 2092 si
1333 2055 1424 2102 quid
1449 2055 1682 2098 mutandum,

148 2105 292 2151 γελῶν
323 2104 444 2150 possis
476 2103 654 2150 scribere,
691 2105 829 2142 Baxter
860 2101 956 2150 ὄναρ
986 2103 1100 2152 λέγω,
1138 2108 1354 2150 προσεῖπεν.
1393 2123 1438 2129 -
1479 2106 1683 2148 προσεῖπεν

151 2187 382 2234 Stephanus,
409 2187 489 2225 cod.
515 2164 707 2233 προεῖπὲν.
736 2207 780 2214 -
816 2187 860 2225 V.
888 2191 919 2225 ὅ.
952 2185 1203 2235 περιπλάκην,
1234 2187 1314 2224 cod.
1341 2186 1428 2233 περὶ
1454 2183 1612 2231 πλάκην.
1638 2206 1685 2212 --

151 2235 195 2272 V.
219 2239 251 2271 7.
277 2247 318 2280 γε
339 2234 591 2279 Casanbonus,
617 2233 659 2272 δὲ
687 2235 780 2279 cod.¹
807 2234 921 2283 vulgo
947 2249 999 2273 τε.
1021 2257 1064 2263 -
1091 2237 1281 2281 φίλευνος,
1306 2234 1476 2271 Brossius
1504 2234 1686 2278 φίλοινος,

150 2281 270 2329 possis
296 2283 480 2328 φίλυμνος
504 2281 706 2328 conficere,
738 2283 802 2319 sed
827 2285 930 2320 totus
956 2295 1084 2320 versus
1109 2283 1305 2320 commode
1331 2281 1445 2318 abiici
1470 2282 1613 2327 potest,
1646 2283 1686 2316 et

150 2330 326 2367 cancellis
350 2329 643 2375 circumscripsit
661 2330 770 2366 Rose.
791 2351 838 2357 —
861 2330 906 2368 V.
930 2335 984 2369 16.
1011 2331 1076 2367 καὶ
1102 2331 1238 2377 δῆθεν,
1264 2330 1462 2366 Mehlhorn
1488 2330 1526 2365 et
1551 2328 1681 2364 Iacobs

151 2375 379 2415 κάντεῦθεν.
1724 2407 1731 2413 ,

247 2429 281 2461 2.
331 2425 398 2461 τοῦ
423 2421 554 2462 αὐτοῦ.
581 2425 813 2471 (Βασιλικοῦ)
839 2425 982 2472 scripsi,
1008 2427 1088 2464 cod.
1116 2426 1164 2462 ad
1189 2439 1222 2462 v.
1250 2430 1270 2461 2
1299 2425 1368 2461 τοῦ
1394 2421 1511 2460 αὐτοῦ
1564 2424 1684 2467 ασιλιξ

155 2477 217 2519 ·>·,<-,
248 2473 346 2509 unde
371 2473 485 2519 vulgo
517 2472 584 2509 τοῦ
616 2468 735 2508 αὐτοῦ
761 2475 955 2520 Βασιλίου,
993 2474 1092 2511 Rose
1125 2470 1318 2523 βασιλικὸν
1350 2472 1478 2508 edidit.
1564 2471 1688 2507 idetur

152 2521 325 2557 librarius
350 2520 487 2566 aliquis
506 2531 642 2556 nomen
662 2519 826 2556 auctoris
846 2520 927 2557 sive
946 2522 1149 2558 Βασιλικοῦ
1169 2522 1246 2558 sive
1267 2521 1464 2556 Βασιλείον
1484 2518 1686 2563 addidisse,

152 2568 256 2604 cuius
286 2568 340 2605 rei
377 2568 469 2605 fides
507 2568 557 2604 sit
593 2578 708 2614 penes
743 2568 944 2606 auctorem.
994 2568 1093 2605 Illud
1127 2570 1269 2606 certum
1302 2570 1360 2604 cst
1391 2577 1539 2602 carmen
1564 2571 1585 2602 2
1613 2577 1687 2602 non

154 2627 235 2652 esse
259 2616 309 2652 ab
333 2616 466 2652 eodem
491 2617 602 2662 poeta
627 2614 837 2659 conditum,
867 2615 972 2652 cuius
998 2618 1056 2652 est
1079 2628 1110 2653 c.
1140 2621 1171 2662 1,
1206 2616 1246 2651 id
1271 2614 1371 2660 quod
1395 2614 1456 2650 vel
1482 2615 1686 2651 metrorum

153 2662 352 2700 diversitas
370 2662 512 2711 arguit3
538 2663 583 2699 cf.
606 2674 702 2719 quae
722 2663 768 2699 de
788 2662 952 2717 sylloges
978 2663 1120 2710 origine
1146 2676 1182 2710 p.
1204 2667 1272 2699 296
1300 2661 1519 2708 significavi.
1534 2682 1581 2689 —
1595 2661 1638 2699 V.
1653 2664 1686 2697 4.

157 2709 260 2794 0³⁰³}
271 2707 1215 2805 ‘²3‘3⁶5?ssss{ssssiafffflgssssssffiffiuffiffw
1237 2722 1315 2757 “⁰‘'
1343 2706 1485 2756 ὤμω
1503 2707 1686 2755 ’‘⁸⁹⁰²m'

254 2887 288 2935 *)
315 2888 472 2926 Numeri
497 2889 637 2926 adiecti
663 2890 749 2925 sunt
775 2888 981 2926 editionum
1006 2889 1227 2937 vulgarium.
