1864 3126
758 133 1036 173 SlMONIDES.
1043 131 1053 139 “
1574 131 1659 177 521

129 212 229 292 αὖτε
259 248 413 299 ἑαυτοῖς
442 247 508 290 καὶ
538 252 619 298 τοῖς
649 243 827 302 εὐλόγοις
856 246 923 288 καὶ
954 246 1081 288 ἔοικεν
1111 246 1156 288 ἐν
1186 242 1321 296 αὐτοῖς
1351 241 1453 287 εἶναι
1479 240 1501 287 ὅ
1529 248 1662 299 Σιμω-

129 314 246 358 νίδου
276 310 456 368 μακρὸς
487 310 639 368 λόγος.
671 314 843 367 γίγνεται
873 309 947 367 γὰρ
979 308 1000 354 ὁ
1033 309 1181 366 μακρὸς
1211 308 1341 367 λόγος,
1373 308 1503 365 ὥσπερ
1534 306 1556 353 ὃ
1586 313 1665 352 τῶν

130 375 299 431 δούλων,
331 376 426 421 ὅταν
457 376 581 433 μηδὲν
611 372 720 433 ὖγιὲς
750 378 928 434 λέγωσιν.
961 381 1009 419 ad
1043 393 1162 430 quem
1193 379 1323 419 locum
1355 378 1473 419 Alex.
1505 378 1663 430 Aphro-

129 445 204 488 die.
234 445 280 486 Τ.
310 446 369 486 IV
399 459 436 497 p.
468 447 552 487 827
586 445 619 484 B
653 440 711 497 (p.
745 449 828 487 797
862 448 922 487 ed.
955 440 1134 497 Bonitz):
1166 439 1207 484 τὸ
1241 440 1283 483 δὲ
1315 442 1394 483 καὶ
1424 442 1583 484 ἔοικεν
1613 440 1665 483 ἐν

130 507 295 560 αὐτοῖς
325 507 448 552 εἶναι
482 506 503 551 ὃ
535 511 816 563 Σιμωνίδου
855 506 1036 564 μακρὸς
1072 506 1230 562 λόγος,
1271 507 1395 560 σαφὲς
1432 507 1537 548 ἔσται
1567 522 1666 561 προ-

130 579 309 618 ειποῦσιν
339 578 395 626 τίς
426 575 529 617 ἐστιν
561 571 582 617 ὁ
614 577 844 629 Σιμωνίδου
870 573 996 631 λόγος.
1022 571 1066 616 ‘0
1091 574 1320 627 Σιμωνίδης
1345 572 1389 614 ἐν
1413 577 1494 623 τοῖς
1519 567 1667 627 λόγοις,

130 637 202 691 οὓς
228 635 482 690 Ἀτοὲκτους
513 638 734 695 ἐπιγράφει,
766 646 934 695 μιμεῖται
964 640 1030 682 καὶ
1055 639 1169 695 λέγει,
1194 635 1266 688 οὓς
1292 635 1395 687 εἰκός
1420 637 1498 679 ἐστι
1524 635 1666 693 λόγους

129 705 255 762 λέγειν
286 703 455 756 δούλους
486 703 712 756 ἕπταικότας
742 703 841 760 πρὸς
880 702 1070 756 δεσπότας
1108 701 1352 755 ἐξετάζοντας
1384 700 1529 753 αὐτοὺς
1559 705 1665 753 τίνος

130 770 245 813 ἕνεκα
279 775 400 813 ταῦτα
445 771 663 820 {malausa
706 771 773 813 καὶ
815 777 926 814 ποιεῖ
962 768 1107 820 αὖτοὺς
1151 767 1498 823 ἀπολογουμένους
1541 768 1666 823 λέγειν

129 834 238 879 πάνυ
269 834 396 890 μακρὰ
428 836 494 878 καὶ
524 834 668 888 πολλά,
706 831 826 879 οὐδὲν
868 836 911 878 δὲ
941 833 1048 892 ὑγιὲς
1079 832 1104 890 ἢ
1143 831 1342 886 πιθανόν,
1379 831 1478 875 ἀλλὰ
1509 838 1592 875 πᾶν
1622 831 1664 876 τὸ

129 898 417 955 ἐπιφερόμενον
460 901 640 944 ἐναντίον
681 905 734 960 τῷ
777 900 1094 956 προφρασθέντι·
1136 892 1315 943 τοιοῦτον
1354 896 1429 954 γὰρ
1470 896 1523 950 ὦς
1563 896 1667 950 εἰκὸς

126 964 197 1010 τὸν
236 964 443 1022 βάρβαρον
482 966 548 1008 καὶ
590 968 772 1017 παιδείας
813 965 993 1020 ἄμοιρον.
1062 968 1249 1007 Weloker
1268 1001 1278 1008 .
1294 968 1390 1006 haec
1435 967 1577 1006 retulit
1619 967 1670 1006 ad

133 1033 323 1074 Simonid.
344 1034 508 1085 Amorg.
528 1034 576 1074 fr.
602 1036 668 1087 10,
688 1033 964 1074 Schneidewin
995 1034 1037 1072 in
1068 1033 1206 1073 Museo
1233 1033 1358 1071 Rhen.
1379 1031 1459 1070 VII
1481 1034 1568 1072 460
1583 1045 1667 1084 seq.

133 1099 281 1139 librum
311 1099 490 1150 pedestri
521 1100 700 1139 oratione
731 1101 938 1139 mimorum
968 1099 1009 1138 in
1041 1098 1203 1139 modum
1242 1097 1512 1147 conscriptum
1543 1097 1669 1137 fuisse

130 1167 250 1216 putat
291 1167 333 1204 et
372 1165 527 1205 confert
567 1160 694 1205 Arisiz.
719 1165 843 1219 *Rhea
875 1163 939 1203 III
979 1165 1045 1203 14.
1108 1163 1304 1215 Equidem
1345 1162 1449 1202 nihil
1489 1163 1671 1212 decerno,

130 1231 207 1272 sed'
231 1230 451 1272 cavendum
482 1244 533 1271 ne
565 1243 654 1271 cum
686 1231 760 1271 hoe
786 1225 981 1269 Ἀτᾶκτων
1012 1229 1204 1280 opusculo
1237 1228 1534 1269 confundantur
1558 1225 1671 1280 Σύμ-

131 1311 262 1349 μικτα,
303 1309 406 1348 quae
446 1297 553 1344 haud
591 1296 710 1337 dubie
742 1295 957 1335 Simonidis
989 1294 1202 1347 genealogi
1240 1294 1424 1343 fuerunt,
1456 1295 1504 1333 cf.
1550 1294 1670 1334 schol.

130 1362 263 1412 Apoll.
294 1362 420 1402 Rhod.
453 1362 472 1400 I
507 1363 604 1401 763.
676 1362 816 1412 Neque
859 1356 1010 1413 μακρὸν
1050 1360 1220 1412 ποίημα,
1261 1360 1367 1410 quod
1410 1359 1528 1399 Plato
1573 1360 1670 1411 Lys.

133 1429 215 1467 221
250 1426 286 1465 D
319 1427 417 1466 dicit
447 1426 762 1478 componendum
794 1429 896 1466 cum‘
916 1427 1053 1482 μακρῷ
1084 1421 1205 1479 λόγῳε
1238 1421 1259 1465 ὃ
1292 1421 1335 1464 δὲ
1365 1420 1555 1477 πρότερον
1595 1422 1671 1464 ἐλέ-

128 1506 252 1546 γομεν
283 1491 401 1542 φίλον
427 1487 540 1542 εἶναι,
566 1488 692 1540 ὕθλος
715 1506 772 1539 τις
795 1484 861 1543 ἦν,
888 1487 1017 1543 ὥσπερ
1042 1490 1193 1543 ποίημα
1218 1485 1369 1543 μακρὸν
1395 1490 1669 1543 συγκείμενονε

132 1570 248 1609 quem
296 1557 427 1596 locum
466 1557 730 1607 depravatum
768 1569 855 1596 esse
895 1556 997 1596 vidit
1021 1556 1217 1607 ‚Madvig,
1257 1557 1326 1595 sed
1362 1556 1551 1594 mendum
1591 1569 1671 1596 non

132 1623 313 1673 sustulit3
357 1621 612 1662 scribendum
655 1622 806 1674 ποίημα
849 1635 978 1675 νεκρ
998 1625 1028 1679 ᾧ
1073 1617 1158 1676 (vel
1200 1615 1373 1675 νεκροῖς)
1418 1620 1671 1674 συγκείμενον

131 1701 156 1728 1.
188 1700 223 1728 e.
254 1700 408 1728 neema.

711 1822 786 1874 ΕΞ
823 1824 1091 1872 ΑΔΗΛΩΝ.

753 1937 839 1981 190
852 1937 904 1981 A.
938 1938 1046 1993 [42]

252 2035 436 2076 Clemens
467 2036 582 2077 Alex.
613 2036 672 2075 IV
705 2036 808 2076 375:
847 2030 869 2075 ὃ
901 2033 972 2087 μὲν
1004 2028 1078 2076 οὖν
1115 2035 1345 2088 Σιμωνίδης
1381 2032 1568 2088 καθάπερ
1606 2033 1673 2075 καὶ

133 2099 391 2155 Αριστοτέλης
421 2097 614 2156 ὑγιαίνειν
645 2099 717 2154 μὲν
754 2097 914 2154 ἄριστον
953 2097 1070 2154 ἆνδρὶ
1094 2097 1268 2155 -γροὶφει,
1307 2097 1489 2153 δεύτερον
1530 2098 1573 2140 δὲ
1611 2096 1672 2141 εὐ-

133 2169 220 2219 φυᾶ
249 2165 316 2207 καὶ
345 2163 467 2207 καλὸν
496 2166 695 2222 γενέσθαι,
724 2167 852 2220 τρίτον
886 2165 930 2207 δὲ
969 2170 1152 2208 πλουτεῖν
1185 2163 1350 2215 ἀδόλως.
1410 2167 1671 2206 Manifestum

135 2232 198 2272 est
229 2231 471 2272 Simonidem
503 2233 546 2272 in
576 2235 750 2274 carmine
782 2234 917 2284 aliquo
942 2233 1238 2274 nobilissimum
1264 2236 1304 2272 et
1329 2233 1429 2272 satis
1455 2234 1669 2282 antiquum

135 2297 285 2337 scolion
317 2298 363 2347 8,
394 2299 498 2348 quod
531 2301 577 2338 ut
608 2300 710 2339 solet
740 2299 827 2338 fieri
858 2299 1079 2350 adespoton
1103 2299 1322 2348 ferebatur,
1353 2299 1668 2337 commentatum

135 2374 236 2410 esse,
267 2361 601 2412 quemadmodum
632 2364 754 2403 etiam
785 2363 1048 2414 Epicharmus
1087 2365 1200 2404 scolii
1233 2362 1442 2403 exordium
1475 2362 1671 2412 adhibuit,

135 2427 238 2466 alius
270 2427 441 2466 comicus
472 2428 688 2479 integrum,
722 2431 767 2468 ut
796 2429 976 2478 videtun,
1009 2430 1170 2469 fabulae
1201 2429 1382 2469 inseruit.
1444 2428 1548 2468 Hine
1580 2440 1672 2477 pro-

135 2492 229 2532 clivi
259 2505 393 2531 errore
433 2493 502 2532 alii
539 2494 591 2533 ad
627 2494 886 2543 Simonidem,
927 2494 998 2534 alii
1028 2495 1079 2534 ad
1110 2495 1394 2545 Epicharmum
1432 2493 1672 2532 cantilenam

134 2558 397 2606 rettulerunt,
439 2571 538 2608 quos
580 2558 855 2598 Schneidewin
898 2557 1060 2599 seeukus
1101 2559 1339 2599 Simonideis
1383 2558 1563 2608 reliquiis
1605 2558 1673 2597 ad-

136 2623 312 2674 scripsit;
350 2623 427 2663 vid.
460 2624 581 2663 schol.
619 2623 724 2663 Plat.
755 2623 877 2675 Gorg.
909 2626 991 2664 451
1026 2625 1077 2664 E:
1115 2619 1158 2664 τὸ
1196 2620 1353 2664 σκολιὸν
1382 2625 1496 2663 τοῦτο
1529 2622 1573 2662 οἰ
1600 2620 1672 2675 μὲν

136 2687 366 2740 Σιμωνίδου
410 2689 552 2739 φασίν,
593 2689 636 2729 οί
675 2685 719 2727 δὲ
756 2684 1019 2742 Ἐπιχάρμου,
1063 2690 1161 2729 item
1204 2690 1323 2728 schol.
1356 2689 1525 2743 Afistot.
1556 2687 1671 2729 Rhet.

14 2789 15 2793 ,
48 2756 52 2757 ’
136 2753 178 2791 Π
211 2754 284 2792 21:
316 2753 546 2804 Σιμωνίδου
578 2752 681 2794 ἐστὶν
710 2747 791 2794 ἆπὸ
822 2756 901 2794 τῶν
932 2755 1100 2794 σκολιῶν
1130 2749 1252 2793 αὐτοῦ
1278 2752 1397 2803 ἐπῶν,
1423 2752 1465 2793 οἰ
1492 2748 1531 2792 δ’
1562 2748 1672 2793 Ἐπι-

49 2831 54 2874 j
137 2813 301 2870 χάρμου,
333 2819 501 2870 aliique,
534 2820 611 2860 vid.
643 2820 749 2858 infra¹
786 2819 885 2858 Sool.
919 2820 958 2860 8.
991 2840 1046 2846 -
1080 2818 1192 2864 Quod
1235 2819 1270 2858 si
1307 2821 1509 2858 constaret
1546 2818 1674 2858 Simo-

138 2883 270 2924 nidem
301 2885 453 2935 pariter
484 2887 604 2935 atque
637 2885 855 2924 Pindarum
886 2883 1109 2924 convivalia
1145 2883 1323 2923 earmina
1363 2878 1536 2938 (σκολιὰ)
1568 2886 1672 2936 μελι-
