1864 3126
792 148 1070 187 SIMONIDES.
1608 146 1694 190 397

159 263 307 304 winmn
327 265 490 304 secutus
516 264 585 303 sed
612 263 845 303 dubitanter
870 262 1042 313 Hymnis
1069 262 1273 313 adscripsi,
1299 274 1392 301 nam
1418 260 1552 312 potuit
1571 260 1695 299 Simo-

155 329 271 370 nides
308 330 428 369 etiam
468 324 647 369 εὐκτικὸν
689 321 794 385 ᾆσμα
837 328 1008 368 condere
1046 329 1131 368 eius
1172 328 1351 379 generis,
1396 327 1501 379 quod
1542 328 1696 366 veteres

157 395 343 446 magistri
369 394 423 443 εἰς
447 390 515 443 τὰς
539 389 860 446 προσπιπτούσας
877 388 1118 445 περιστάσεις
1143 393 1293 433 referre
1313 394 1455 433 solent.
1500 389 1697 444 Κατευχαὶ

157 460 199 500 in
237 462 450 511 utramque
487 463 644 511 partem
681 460 758 499 dici
795 460 942 509 solent,
985 459 1054 499 sed
1099 458 1194 497 Anii
1232 461 1274 498 et
1309 459 1482 498 filiarum
1526 458 1697 498 historia

157 526 294 578 arguit
324 539 462 578 preces
492 539 539 566 ac
568 529 665 567 vota
694 526 846 576 potius,
887 538 1006 576 quam
1044 525 1152 564 diras
1191 527 1233 564 et
1272 525 1505 565 devotiones
1536 526 1696 575 poetam

156 591 321 632 fudisse.
371 593 512 644 Neque
529 591 742 632 Simonidis
761 604 917 641 nomen,
940 592 1045 642 quod
1065 591 1162 630 olim
1184 592 1225 630 in
1252 591 1520 642 suspicionem
1546 591 1697 641 vocavi,

158 658 412 698 tentandum:
455 670 562 701 nam.
586 659 619 697 is
657 658 724 709 qui
762 658 812 697 de
849 657 1071 698 Homericis
1109 657 1256 697 fabulis
1296 660 1586 697 commentatus
1623 657 1698 705 est,

158 723 344 775 antiquos
377 726 419 763 et
449 725 577 763 claros
609 723 861 774 potissimum
893 725 1078 763 auctores
1110 723 1292 774 adhibet,
1334 722 1384 763 et'
1405 724 1507 763 hanc
1538 722 1696 774 quidem

158 789 338 830 fabulam
371 802 395 829 a
425 791 556 840 poetis
589 789 773 829 certatim
797 788 1045 828 illustratam
1071 784 1204 843 (velut
1229 802 1253 828 a
1279 788 1523 829 Callimacho
1549 786 1593 828 ἐν
1617 790 1699 836 τοῖς

159 853 334 906 Αἰτίοις,
364 855 443 895 vid.
477 856 599 897 schol.
624 857 721 895 vett.
746 853 948 905 Lycophr.
975 856 1071 894 570.
1100 855 1198 906 580,
1231 867 1348 905 quem
1380 857 1427 894 ut
1458 854 1609 894 assolet
1641 866 1699 892 se-

157 921 295 972 quitur
322 920 488 961 Ovidius
515 922 609 961 Met.
640 921 735 961 XIIl
756 922 841 960 640
855 915 956 974 seq.)
987 920 1140 971 primus
1166 920 1307 971 opinor
1333 919 1556 961 Simonides
1581 921 1697 971 plene

160 988 436 1026 enarraverat:
476 999 570 1025 nam
608 985 848 1037 Cypriorum
887 987 1026 1026 auctor
1065 980 1163 1036 (vid.
1195 986 1314 1025 schol.
1347 985 1440 1036 Lyc.
1480 988 1521 1025 et
1552 982 1698 1039 Tzetz.)

161 1051 333 1092 fortasse
360 1053 530 1092 strictim
563 1055 721 1092 tantum
754 1053 904 1104 attigit.
953 1053 1096 1103 Itaque
1127 1053 1206 1092 iam
1238 1054 1433 1101 retracto,
1465 1052 1571 1102 quod
1604 1052 1695 1091 olim

159 1117 328 1168 conieci,
359 1118 611 1158 scribendum
643 1119 772 1159 videri
803 1115 910 1171 παρὰ
942 1118 1122 1174 Σιμμία
1154 1117 1197 1158 ἐν
1227 1121 1312 1166 ταῖς
1342 1119 1561 1170 κατευχαῖς.

699 1206 702 1209 ’
770 1228 851 1261 ΕΙΣ
875 1227 1090 1262 ANEMON.

822 1300 892 1343 25.
926 1300 1032 1354 [38]

281 1386 432 1426 Himer.
454 1386 564 1427 Orat.
584 1387 646 1426 III
669 1388 741 1427 14:
755 1381 799 1426 ‘O
819 1381 1065 1440 δὲ.(ὂίνεμος)
1085 1383 1285 1440 ἐπιγνούς,
1305 1381 1426 1439 οἶμαι,
1445 1383 1530 1439 τὴν
1549 1389 1588 1426 K
1595 1387 1638 1426 εί
1643 1402 1700 1427 αν

164 1447 296 1506 ᾠδήν,
333 1447 385 1503 ἣν
421 1452 700 1504 Σιμωνίδης
738 1445 861 1508 αὐτῷ
899 1454 1108 1506 προσῇσε
1155 1449 1264 1504 μετὰ
1306 1449 1395 1505 τὴν
1438 1449 1699 1504 θάλατταν,

161 1512 380 1558 ἀκολουθεῖ
407 1514 480 1569 μὲν
511 1511 639 1566 εὐθὺς
668 1521 750 1566 τοῖς
780 1516 927 1570 μέλεσι,
957 1515 1082 1566 πολὺς
1113 1516 1156 1558 δὲ
1187 1515 1361 1567 πνεύσας
1391 1515 1488 1558 κατὰ
1516 1515 1700 1571 πρύμνης

162 1579 297 1635 οὔριος
321 1579 476 1623 ἐλαύνει
501 1579 573 1635 τὴν
598 1578 748 1623 ὁλκάδα
772 1585 824 1640 τῷ
843 1580 1045 1635 πνεύματι.
1096 1585 1210 1623 Adde
1230 1585 1324 1625 ibid.
1346 1586 1485 1636 Eclog.
1505 1585 1603 1624 XIII
1623 1586 1698 1624 32:

162 1650 257 1689 Νῦν
292 1644 368 1702 γὰρ
404 1651 617 1701 ποιητικῶς
654 1647 804 1689 ἐθέλων
846 1647 1006 1688 καλέσαι
1048 1645 1117 1690 τὸν
1159 1646 1326 1701 ἄνεμον,
1370 1646 1451 1690 εἶτα
1488 1645 1562 1690 οὐκ
1598 1648 1700 1703 ἔχων

161 1710 370 1767 ποιητικὴν
400 1710 563 1766 ἀφεῖναι
593 1711 757 1767 φωνήν,
789 1713 838 1755 ἐκ
873 1717 954 1767 τῆς
994 1715 1138 1764 Κείας
1179 1712 1256 1769 (sic
1287 1716 1544 1767 Wernsdorf,
1574 1717 1697 1767 vulgo

163 1777 326 1834 οἰκείας)
357 1777 561 1832 Μούσης
597 1783 823 1832 προσειπεῖν
859 1778 984 1821 ἐθέλω
1022 1777 1092 1822 τὸν
1128 1777 1278 1834 ἄνεμον
1310 1812 1318 1821 .
1351 1812 1359 1821 .
1394 1813 1401 1821 .
1436 1785 1510 1822 33:
1548 1777 1699 1830 ἁπαλὸς

164 1839 202 1883 δ’
225 1839 324 1896 ὑπὲρ
343 1841 528 1897 κυμάτων
547 1841 730 1898 χεόμενος
748 1848 938 1898 πορφυρᾶ
959 1846 1058 1899 σχίζε
1072 1841 1158 1901 (ita,
1181 1848 1236 1887 sic
1249 1851 1357 1887 recte
1372 1848 1522 1896 notavi,
1538 1848 1698 1887 Wems-

163 1909 258 1948 dorf
278 1923 350 1960 pro
370 1904 507 1965 σχίζει)
526 1909 614 1962 περὶ
631 1906 704 1963 τὴν
723 1913 886 1968 πρῷραν
904 1908 950 1952 τὰ
970 1908 1132 1965 κύματα.
1184 1914 1448 1964 similiterque
1468 1914 1551 1953 Ecl.
1572 1914 1607 1952 X
1626 1915 1697 1952 18:

163 1973 230 2014 καὶ
260 1976 387 2028 σχίσαι
418 1972 574 2031 ζεφύρῳ
599 1972 857 2029 πορφύροντα
881 1976 970 2029 περὶ
994 1974 1067 2030 τὴν
1091 1980 1255 2034 πρῷραν
1278 1974 1326 2018 τὰ
1350 1975 1513 2031 κύματα.
1564 1979 1611 2018 In
1636 1980 1698 2018 his

165 2040 377 2081 Simonidis
410 2054 551 2082 versus
583 2042 660 2081 sibi
690 2042 800 2084 visus
833 2045 896 2082 est
927 2043 1202 2085 Schneidewin
1234 2045 1560 2096 deprehendisse:

444 2102 613 2156 Ἁπαλὸς
644 2104 684 2147 δ’
718 2103 817 2161 ὑπὲρ
848 2104 1033 2160 κυμάτων
1063 2105 1246 2162 χεόμενος

449 2169 657 2226 πορφύρεα
689 2174 804 2226 σχίζει
834 2172 922 2226 περὶ
951 2171 1116 2227 πρώραν
1146 2170 1191 2214 τὰ
1223 2170 1395 2227 κύματα,

165 2238 355 2290 Hartung
386 2234 536 2287 ἁπαλὸς
567 2235 605 2278 δ’
639 2235 738 2293 ὑπὲρ
770 2236 895 2292 ἅλμας
925 2236 1135 2293 χευόμενος
1159 2236 1205 2280 τὰ
1231 2244 1420 2294 πορφυρᾶ
1446 2241 1573 2293 σχίσαι
1598 2255 1638 2280 π.
1658 2255 1699 2281 π.

165 2297 330 2356 κύματα.
378 2305 438 2343 Ex
457 2305 627 2344 Himerii
637 2308 817 2356 :utroque
837 2307 922 2346 loco
943 2319 1039 2346 sane
1058 2306 1254 2355 conficias,
1277 2307 1521 2346 Simonidem
1541 2318 1699 2346 carmen

167 2369 216 2408 ad
248 2369 358 2409 venti
390 2369 471 2409 vim
502 2370 739 2420 placandam
763 2371 998 2421 condidisse,
1032 2372 1102 2411 sed
1128 2373 1246 2423 quale
1272 2373 1394 2412 fuerit
1420 2373 1633 2423 incertum3
1665 2374 1699 2412 si

167 2434 391 2491 composuit
420 2434 583 2485 publica
610 2436 850 2476 auctoritate
876 2437 928 2477 ad
953 2440 1236 2488 tempestatem
1262 2438 1549 2487 deleniendam,
1582 2438 1700 2488 quale

167 2512 328 2540 carmen
359 2500 574 2551 Sophocles
604 2500 764 2540 videtur
805 2502 1009 2553 scripsisse
1047 2498 1143 2556 (vid.
1176 2504 1226 2542 de
1257 2503 1342 2542 vita
1373 2503 1491 2553 Soph.
1524 2517 1560 2553 p.
1594 2499 1699 2556 XX),

167 2567 329 2617 poterat
359 2566 434 2605 hoc
464 2578 624 2605 carmen
655 2567 796 2617 hymni
827 2567 999 2618 speciem
1025 2570 1194 2608 referre:
1224 2581 1352 2619 neque
1378 2571 1515 2607 tamen
1540 2568 1700 2607 videtur

166 2631 276 2682 prior
306 2632 477 2672 Himerii
515 2631 625 2671 locus
657 2632 730 2672 hoc
760 2632 937 2683 firmare,
975 2645 1022 2672 ex
1054 2646 1131 2684 quo
1169 2634 1353 2673 coniicias
1391 2637 1573 2684 poetam,
1611 2645 1700 2672 cum

167 2696 210 2736 in
238 2698 340 2737 mari
370 2700 602 2738 versaretur
634 2698 676 2736 et
706 2696 885 2736 adversis
912 2698 1042 2737 ventis
1069 2698 1286 2747 laboraret,
1320 2698 1515 2738 eiusmodi
1541 2711 1701 2738 carmen

168 2763 450 2813 composuisse.
498 2762 587 2802 Nisi
612 2762 718 2802 forte
737 2762 958 2801 Simonides
983 2763 1024 2801 in
1043 2762 1235 2813 carmine,
1261 2764 1366 2815 quod
1392 2764 1442 2803 ad
1469 2763 1700 2814 tragoediae

170 2827 470 2868 similitudinem
501 2841 625 2879 prope
656 2828 843 2877 accessit,
880 2827 1003 2866 alium
1041 2840 1159 2878 quem
1196 2829 1337 2868 ventos
1374 2828 1559 2878 precibus
1598 2829 1700 2869 dele-

168 2893 345 2934 nientem
375 2894 480 2934 fecit.

775 2946 1093 2962 ,κῇ-4.-

1725 1721 1817 1752 1125
