1864 3126
193 139 250 181 26
704 138 707 141 ’
757 141 948 176 ΡΟΕΤΑΕ
974 141 1150 179 MELICI.

192 253 379 293 libertate
418 256 458 293 et
495 254 660 293 audacia
697 267 811 303 usus,
854 255 901 293 ut
936 255 1000 294 vel
1038 255 1086 294 iis
1130 255 1243 305 locis,
1287 257 1355 307 qui
1392 257 1542 308 integri
1578 269 1716 308 prope-

191 318 351 358 modum
384 320 478 358 sunt
509 319 674 368 servati,
717 318 994 359 difficillimum
1027 320 1079 359 sit
1115 323 1255 371 poetae
1286 322 1596 372 ingeniosissimi
1627 334 1715 362 con-

192 384 324 422 silium
356 385 454 425 satis
486 385 655 436 assequi.

310 473 409 512 Cum
453 474 627 523 primum
667 475 739 513 has
777 475 978 525 reliquias-
1004 475 1280 527 redintegrare
1318 488 1498 526 conarer,
1535 475 1714 526 dispares

190 538 397 588 pericopas
429 539 527 578 mihi
563 539 728 579 videbar
766 539 1006 589 discernere,
1042 541 1178 592 itaque
1215 554 1374 581 carmen
1412 542 1501 591 lege
1539 542 1715 582 solutum

190 616 277 642 esse
322 604 616 644 existimabam:
667 605 737 644 sed
778 605 983 644 verissime
1027 606 1310 646 animadvertit
1353 607 1511 646 Ahrens
1556 619 1715 646 carmen

190 670 372 708 constare
403 670 576 719 strophis
608 670 704 709 XIV
735 683 936 719 versuum,
967 671 1087 721 atque
1118 672 1234 711 Blass
1266 672 1376 711 idem
1401 673 1610 711 assecutus
1641 673 1716 713 est.

189 733 254 772 Ita
278 735 369 785 lege
400 749 655 774 numerorum
687 739 846 786 reperta
876 736 956 774 iam
986 736 1081 776 licet
1107 737 1227 776 etiam
1252 738 1460 777 mutilatas
1487 740 1527 776 et
1551 737 1715 778 vitiatas

191 800 376 839 carminis
401 798 538 850 partes
563 802 615 840 ad
637 804 789 846 certam
814 813 995 840 normam
1021 803 1190 853 exigere.
1240 803 1380 853 Neque
1405 805 1559 842 veteres
1585 815 1715 853 gram-

190 865 356 904 maticos
389 867 634 915 strophioum
659 879 745 905 esse
773 879 929 906 carmen
954 866 1086 916 latuit,
1113 868 1182 907 sed
1207 868 1241 907 si
1265 867 1362 907 fides
1392 868 1576 907 habenda
1606 868 1711 908 notis

189 929 231 967 in
261 930 333 968 col.
366 929 406 968 II
437 928 631 984 additis*)
664 932 848 982 strophas
880 931 1082 971 breviores
1121 935 1162 971 et
1198 932 1376 983 dispares
1414 931 1714 985 discripserunt,

188 995 235 1032 ut
255 995 442 1044 strophae
462 995 561 1034 VIII
580 1008 767 1036 versuum
793 1000 834 1035 et
859 998 1047 1046 strophae
1073 998 1131 1036 VI
1156 1011 1345 1038 versuum
1370 998 1534 1037 alternis
1559 997 1714 1039 vicibus

188 1060 442 1101 iterarentur.
505 1061 717 1112 Compar-et
750 1062 854 1101 em‘m
890 1063 1134 1113 paragraphi
1163 1066 1261 1103 nota
1295 1085 1343 1090 —-
1378 1064 1420 1102 in
1451 1064 1521 1103 col.
1547 1063 1588 1102 H
1618 1067 1710 1114 post

188 1139 224 1164 v.
259 1127 280 1164 1
317 1127 484 1166 evanida
516 1127 676 1178 quidem
708 1121 737 1182 (.
758 1157 766 1165 .
787 1122 816 1181 .)
850 1128 919 1167 sed
949 1141 1028 1167 non
1068 1129 1206 1178 dubia,
1244 1129 1385 1168 deinde
1422 1130 1516 1179 post
1545 1143 1581 1170 v.
1617 1132 1640 1170 9
1673 1133 1715 1171 et

188 1204 326 1231 rursus
357 1195 449 1242 post
480 1207 515 1247 v,
552 1195 618 1242 15,
650 1196 695 1233 ut
725 1194 842 1244 plane
874 1195 1065 1245 appareat
1101 1194 1142 1232 ‘m
1179 1195 1318 1233 charta
1359 1195 1567 1244 stropham
1598 1207 1713 1246 quar-

189 1258 273 1296 tam
304 1258 345 1296 in
377 1258 474 1298 duas
499 1260 685 1317 dispares
718 1260 904 1310 strophas
937 1242 1166 1299 octonorum
1194 1259 1373 1308 alteram,
1400 1259 1568 1298 alteram
1601 1272 1713 1299 seno-

187 1335 277 1361 rum
308 1336 498 1363 versuum
530 1325 741 1364 dii-emtam
772 1326 905 1366 fuisse.
968 1325 1070 1364 Tum
1101 1325 1378 1375 paragraphus
1411 1325 1548 1364 addita
1585 1339 1623 1367 v.
1657 1328 1710 1366 25

189 1391 230 1427 et
260 1401 399 1427 rursus
424 1403 459 1429 v.
489 1391 555 1440 29,
588 1390 656 1429 sed
687 1390 842 1429 librarii
872 1391 1159 1442 negligentiam
1185 1390 1250 1429 hic
1276 1390 1368 1428 licet
1392 1390 1710 1430 animadvertere

187 1454 256 1504 qui
294 1454 466 1493 debebat
501 1457 639 1495 notam
675 1470 711 1494 v.
747 1458 825 1510 23,
866 1469 944 1495 non
981 1470 1016 1496 v.
1057 1456 1110 1495 25
1157 1455 1347 1495 subicere.
1411 1455 1493 1496 Col.
1525 1456 1544 1494 I
1581 1457 1713 1495 nullas

187 1521 302 1558 notas
335 1520 510 1571 exhibet,
543 1522 728 1571 quoniam
761 1522 922 1560 sinistra
954 1534 1094 1572 margo
1125 1521 1298 1571 perdita:
1331 1521 1401 1559 sed
1431 1521 1587 1560 librarii
1615 1534 1712 1572 neg-

186 1585 353 1634 ligentia
390 1586 604 1636 culpanda,
643 1587 747 1636 quod
783 1588 895 1626 nulla
930 1590 1117 1625 notarum
1148 1585 1323 1635 vestigia
1352 1586 1394 1624 in
1425 1586 1497 1625 col.
1522 1586 1584 1625 III
1609 1599 1711 1626 com-

187 1645 415 1703 parentffl),
446 1650 524 1689 nisi
556 1650 660 1701 quod
684 1665 720 1690 v.
751 1653 815 1700 10,
848 1652 917 1690 ubi
947 1665 1051 1691 nova
1083 1651 1247 1701 stropha
1277 1650 1435 1689 initium
1467 1652 1583 1703 capit,
1609 1652 1710 1702 legi-

187 1740 254 1777 tur
286 1711 516 1788 >ΟΥΓΑΡᾸ
547 1752 649 1789 quae
679 1742 774 1779 nota
804 1740 971 1779 metrica
1007 1740 1283 1790 paragraphus
1321 1740 1386 1779 vel
1424 1739 1543 1790 διπλῆ
1580 1740 1712 1790 potius

187 1817 274 1843 esse
292 1800 565 1857 videtur***),
586 1817 703 1854 quam
725 1805 888 1855 spiritus
913 1805 1013 1844 lenis
1037 1805 1167 1853 indat,
1187 1804 1255 1854 qui
1279 1804 1483 1854 negationi
1507 1816 1587 1843 non
1611 1805 1715 1843 solet

187 1869 289 1908 addi.
355 1870 501 1908 Verum
533 1870 631 1909 haec
661 1871 832 1921 notatio,
869 1883 988 1920 quam
1025 1870 1066 1908 in
1097 1870 1236 1908 charta
1267 1868 1618 1919 deprehendimus,
1655 1869 1714 1908 in-

187 1936 318 1975 solens
361 1948 525 1985 prorsus
571 1937 649 1974 est:
695 1948 788 1973 nam
831 1936 1084 1986 paragrapho
1126 1936 1343 1974 utebantur
1384 1934 1427 1972 in
1470 1934 1712 1974 carminibus

186 2001 499 2050 monostrophis,
542 2001 613 2039 ubi
657 2001 794 2040 eadem
837 2001 1024 2051 strophae
1070 2001 1218 2050 species
1262 2012 1387 2049 usque
1431 1998 1619 2048 iteratur,
1661 1998 1713 2037 ad

188 2066 373 2116 strophas
406 2066 646 2105 dirimendas
659 2061 724 2118 †),
763 2066 832 2105 sed
871 2067 913 2104 in
950 2066 1025 2105 hoc
1062 2065 1253 2115 carmine,
1291 2064 1361 2103 ubi
1398 2063 1613 2103 secundum
1649 2076 1714 2103 ve-

185 2133 317 2170 terum
361 2132 714 2182 grammaticorum
758 2132 1055 2182 discriptionem
1099 2131 1278 2180 dispares
1319 2129 1507 2179 strophae
1532 2129 1711 2169 'alternis

185 2197 337 2236 vicibus
369 2197 618 2246 copulantur,
650 2197 838 2247 strophae
869 2197 969 2235 VIII
999 2209 1187 2236 versuum
1224 2194 1478 2245 paragrapho
1511 2215 1579 2246 —,
1611 2197 1712 2234 stro-

281 2341 314 2383 *)
340 2339 478 2386 Eggeri
503 2340 713 2385 exemplum
740 2351 823 2375 cum
848 2339 914 2375 has
940 2340 1048 2375 notas
1071 2350 1145 2374 non
1180 2338 1389 2382 exhiberet,
1423 2348 1496 2374 non
1527 2335 1634 2382 potui
1666 2336 1712 2372 iis

185 2387 258 2423 uti:
284 2388 348 2423 sed
374 2388 474 2433 quod
500 2388 568 2424 col.
596 2387 629 2422 11
655 2391 699 2423 29
723 2387 1000 2433 paragraphum
1026 2386 1193 2422 additam
1225 2397 1304 2422 esse
1336 2385 1561 2429 testabatur,
1593 2384 1632 2420 id
1657 2383 1711 2419 in-

188 2435 286 2472 dicio
312 2446 390 2471 esse
418 2435 505 2479 dixi,
532 2434 623 2471 olim
647 2434 844 2480 pericopas
870 2434 1049 2470 diremtas
1075 2434 1200 2471 fuisse.

280 2493 335 2540 **)
362 2494 469 2537 Quod.
493 2493 612 2529 tribus
636 2493 811 2538 deinceps
837 2492 1003 2528 versibus
1036 2496 1090 2538 18,
1119 2497 1173 2535 19,
1200 2497 1246 2528 20
1271 2503 1345 2528 non
1371 2491 1556 2534 subiecta,
1583 2490 1648 2526 sed
1672 2490 1713 2526 in

186 2541 354 2588 margine
386 2540 514 2577 addita
545 2540 693 2576 videtur
719 2561 780 2585 ——,
813 2540 1035 2584 cavendum,
1075 2552 1121 2575 ne
1154 2540 1282 2576 fallaci
1317 2538 1439 2585 specie
1470 2538 1711 2583 decipiamur,

185 2601 271 2625 nam
298 2589 440 2624 scholia
464 2588 597 2635 prioris
623 2587 783 2634 paginae
802 2588 874 2624 hoc
894 2588 976 2624 loco
996 2599 1079 2623 cum
1100 2589 1235 2633 poetae
1254 2586 1420 2623 versibus
1440 2586 1711 2631 propemodum

186 2637 414 2672 coaluerunt.

189 2744 221 2778 R
280 2696 359 2742 ***)
386 2695 564 2778 νεὸτίαὺιιι·
588 2694 688 2730 enim
713 2695 802 2730 nota
834 2693 1080 2741 paragraphi,
1109 2695 1137 2728 ’1
1165 2693 1227 2729 vel
1259 2694 1297 2738 Γ,
1332 2692 1378 2729 ef.
1412 2692 1536 2728 Osann
1570 2691 1710 2728 Anecd.

223 2755 294 2779 om.
321 2756 356 2789 p.
384 2747 428 2778 32
457 2770 463 2778 .
1477 2751 1479 2753 “

272 2803 333 2859 7†)
361 2802 562 2859 Hephaest.
588 2814 628 2848 p.
650 2805 735 2837 133:
760 2797 863 2845 παρὰ
890 2799 959 2846 μὲν
984 2804 1061 2841 τοῖς
1084 2803 1259 2857 λρρικοῖς,
1285 2794 1337 2855 ἄν’
1359 2797 1428 2844 μὲν
1453 2795 1711 2844 μονόστροφον

185 2847 226 2884 τὸ
262 2862 363 2898 ᾳσμα
395 2863 437 2895 ῃ,
468 2847 564 2885 καθ’
599 2846 759 2906 ἕξάστην
796 2850 946 2884 τίθεται
982 2859 1149 2893 στροφην
1180 2845 1204 2893 ἡ
1235 2858 1503 2893 παραγραφος,
1537 2843 1617 2882 εἶτα
1650 2841 1712 2881 ἐπὶ
1770 2849 1802 2899 J

185 2895 314 2938 τέλους
339 2897 405 2932 τοῦ
432 2894 596 2946 ᾄσματος
621 2910 643 2942 η
670 2897 837 2942 κορωνίς.

215 3029 239 3045 Ι
