1864 3126
811 143 1025 180 ALCMAN.
1627 142 1684 185 69

148 273 188 312 p.
221 261 274 300 61
318 259 437 299 huius
474 258 662 298 carminis
700 258 841 296 auctor
866 258 1056 296 -omnium
1094 269 1227 295 rerum
1265 255 1484 306 primordia
1523 256 1686 307 repetiit

147 325 200 366 ab
230 319 439 378 Aethere).
505 324 637 363 Etiam
667 322 931 362 Antimachus
973 323 1018 362 fr.
1051 324 1105 361 42
1141 321 1306 362 Coelum
1339 316 1579 374 Ἀκμονίδην
1618 335 1684 372 ap-

146 390 284 443 pellnt,
317 390 475 430 Charon
507 391 640 429 autem
674 389 803 428 dictus
841 390 904 427 est
941 387 1081 427 eodem
1119 388 1277 427 nomine
1315 389 1548 437 propterea,
1587 401 1683 439 quo-

146 455 256 496 niam
299 455 444 495 malleo
489 455 669 494 armatus
713 450 931 494 sciebatur.
996 452 1185 493 Ceterum
1216 454 1264 493 cf.
1297 452 1400 492 Roth
1445 453 1486 491 in
1529 452 1681 492 Kuhnii

146 520 273 561 diario
315 520 356 559 11
398 521 453 560 44
493 532 575 571 seq.
635 518 696 559 De
733 519 911 558 Acmone
949 518 1068 558 etiam
1116 517 1160 558 Ο.
1200 518 1415 558 Schneider
1454 517 1609 558 Gallim.
1642 517 1682 556 ΙΙ

145 600 185 638 p.
215 587 302 627 415
335 586 539 627 disseruit.

799 687 1036 741 112.[SGJ

263 777 409 817 Athen.
442 776 536 815 XIV
570 777 655 815 624
670 776 721 815 B:
757 770 913 825 Ταύτην
945 770 988 812 δὲ
1019 769 1091 826 τὴν
1122 768 1317 826 ἁρμονίαν
1350 769 1503 826 Φρύγες
1533 775 1682 825 πρῶτοι

145 835 263 895 εὗρον
287 840 355 881 καὶ
385 842 701 894 μετεχειρίσαντο,
733 834 796 879 διὸ
827 837 893 878 καὶ
923 835 1016 887 τοὺς
1045 835 1153 891 παρὰ
1190 841 1272 886 τοῖς
1290 835 1480 889 Ἕλλησιν
1511 834 1684 890 αὐλητὰς

147 909 348 962 Φρυγίους
391 906 457 948 καὶ
502 907 783 957 δουλοπρεπεῖς
822 900 891 952 τὰς
933 904 1199 958 προσηγορίας
1238 903 1355 956 ἔχειν,
1394 898 1478 951 οἷός
1521 902 1623 943 ἐστιν
1660 900 1681 944 ὅ

144 971 251 1027 παρὰ
278 969 691 1033 Ἀλκμᾶνι-Σάμβας
721 970 788 1012 καὶ
814 968 970 1011 ’Έδων
1007 968 1074 1010 καὶ
1114 972 1264 1022 Τῆλος
1302 965 1413 1023 (fort.
1450 964 1599 1016 Τύλος
1630 969 1682 1008 le-

145 1035 354 1096 gendum).

797 1139 1033 1194 113s[57]

264 1224 551 1271 Soh01.'Hom.
582 1229 630 1268 Il.
661 1244 686 1281 γ
718 1228 821 1267 250:
860 1222 1011 1278 Μήτηρ
1048 1222 1255 1278 Πριάμου,
1294 1222 1347 1273 ὥς
1382 1236 1482 1276 φησι
1520 1221 1683 1275 Πορφύ-

147 1292 232 1349 ριος
263 1294 307 1336 ἔν
337 1297 390 1352 τῷ
420 1293 509 1346 περὶ
538 1295 617 1334 τῶν
653 1290 1020 1346 παραλελειμμένων
1055 1294 1108 1347 τῷ
1144 1293 1287 1345 ποιητῇ
1324 1287 1548 1342 ὀνομάτων,
1586 1286 1683 1330 κατὰ

146 1359 220 1414 μὲν
233 1357 431 1414 Ἀλκμᾶνα
460 1355 531 1400 τὸν
561 1355 785 1412 μελοποιόν,
806 1359 1023 1410 Ζευξίππη,
1054 1353 1151 1397 κατὰ
1179 1354 1222 1397 δὲ
1241 1352 1487 1406 Ἑλλάνικον,
1514 1351 1684 1407 Στρυμῶ

144 1423 199 1480 (D
230 1429 272 1467 et
301 1427 385 1467 cod.
417 1426 588 1466 Vindob.
620 1438 657 1465 n.
691 1426 746 1464 49
783 1421 958 1477 Τρυμώ).
1021 1423 1081 1463 Cf.
1113 1423 1261 1463 Eudoc.
1298 1425 1393 1463 194.

799 1551 1034 1605 114.[58]

263 1641 371 1680 Plut.
409 1638 459 1679 de
495 1651 596 1678 mus.
634 1651 666 1678 c.
699 1639 744 1678 5:
786 1640 866 1679 Τοῦ
904 1635 948 1677 δὲ
985 1633 1336 1688 Πολυμνήστου
1374 1634 1441 1675 καὶ
1478 1636 1682 1687 Πίνδαρος

145 1704 211 1746 καὶ
226 1700 398 1757 Ἀλκμὰν
417 1704 460 1745 οἱ
473 1706 552 1744 τῶν
571 1705 698 1756 μελῶν
716 1702 875 1756 ποιηταὶ
899 1698 1212 1755 ἐμνημόνευσαν.
1242 1713 1321 1740 non
1339 1703 1446 1741 recte
1466 1699 1510 1740 Ο.
1534 1701 1678 1739 Mflller

143 1770 282 1813 Alcaei
311 1783 457 1810 nomen
488 1769 733 1809 substituere
764 1769 894 1809 voluit
923 1768 1018 1808 Dor.
1050 1768 1089 1806 II
1123 1769 1221 1807 315.

766 1918 768 1920 ·
800 1895 896 1939 115.
930 1895 1036 1949 [61.]
1066 1846 1070 1849 '

186 2037 188 2039 ‚
264 1985 393 2026 Schol.
425 1985 592 2026 Aristid.
623 1984 687 2023 ΙΙΙ
718 1984 822 2023 49οε
854 1977 898 2021 Ὁ
935 1977 1065 2034 Κρὴς
1103 1978 1158 2034 δὴ
1198 1977 1279 2022 τὸν
1314 1977 1507 2021 πόντον·
1545 1995 1679 2032 παροι-

146 2051 215 2103 μία
247 2049 420 2091 ἐπὶτῶν
451 2048 612 2091 εἰδότων
643 2048 733 2102 μέν,
776 2045 1131 2100 προσποιουμένων
1175 2042 1213 2086 δ’
1260 2042 1438 2100 ἀγνοεῖν·
1482 2042 1568 2085 ἀντὶ
1611 2048 1680 2085 τοῦ

98 2129 101 2132 ·
146 2112 339 2168 νησιώτης
381 2111 520 2168 ἆγνοεῖ
557 2111 630 2167 τὴν
671 2110 882 2154 θάλατταν.
925 2143 933 2152 .
954 2142 962 2151 .
984 2143 993 2153 .
1034 2110 1182 2166 λέγεται
1225 2109 1268 2151 δὲ
1310 2107 1336 2164 ἡ
1381 2111 1571 2163 παροιμία
1614 2109 1680 2149 καὶ

145 2178 285 2229 οὕτως*
318 2177 340 2221 ὁ
371 2176 573 2228 Σικελὸς
610 2175 694 2232 τὴν
730 2174 984 2218 θάλατταν.
1046 2174 1109 2217 Σὺ
1140 2173 1214 2230 ὅρα
1246 2172 1322 2230 (sic
1354 2177 1409 2226 A,
1446 2172 1568 2227 σύρας
1606 2175 1678 2213 BD

146 2246 282 2298 Oion„
313 2248 504 2297 tanquam
536 2246 743 2297 proprium
773 2244 946 2284 hominis
977 2256 1140 2294 nomen,
1172 2245 1273 2282 σῦκα
1304 2243 1492 2282 videntur
1529 2241 1678 2292 legisse

143 2311 326 2363 Apostol.
357 2310 458 2351 XIII
491 2313 528 2362 6,
560 2311 704 2350 Arsen.
737 2304 860 2363 388):
897 2306 991 2364 γάρ,
1023 2309 1140 2362 φασί,
1177 2306 1235 2356 τὶς
1271 2302 1435 2354 Σικελὸς
1465 2301 1679 2358 ἐμπορευό-

146 2391 264 2429 μενος
294 2374 361 2416 mxl
391 2371 637 2429 ναυαγήσας,
668 2369 748 2414 εἶτα
779 2371 968 2427 ἐκπεσών,
999 2374 1063 2415 ἐπὶ
1094 2372 1235 2426 πέτρας
1266 2368 1507 2423 καθήμενος,
1535 2365 1587 2419 ὡς
1611 2386 1678 2423 γα-

144 2443 345 2495 ληνιῶσαν
376 2436 454 2481 εἶδε
485 2436 558 2492 τὴν
587 2435 800 2490 θάλατταν,
831 2435 924 2480 οἶδά
954 2452 1078 2493 φησιν
1109 2435 1134 2479 ἃ
1166 2432 1479 2491 βούλει,.βούλει
1504 2432 1579 2489 γὰρ
1610 2434 1676 2475 καὶ

147 2503 271 2548 αὖτόν
313 2521 359 2559 με
396 2506 574 2559 λαβοῦσα
610 2505 906 2546 καταποντίσαι·
944 2501 1020 2559 ἐγὼ
1058 2502 1101 2545 δὲ
1138 2506 1263 2556 νῆσον
1300 2503 1421 2543 οἰκῶν
1459 2500 1501 2540 ἐκ
1536 2496 1679 2548 παιδὸς

145 2567 237 2613 οἶδα
265 2568 312 2612 τὰ
343 2567 393 2612 σὰ
418 2571 649 2623 σοφίσματα.
706 2566 908 2622 Ἀλκμὰν
939 2568 983 2610 δὲ
1014 2565 1035 2610 ὁ
1066 2564 1224 2621 λυρικὸς
1255 2565 1445 2620 μέμνηται
1474 2567 1542 2617 τῆς
1579 2579 1676 2618 παρ-

145 2638 286 2690 οιμίας.
349 2637 553 2677 Alcmanis
592 2636 867 2676 testimonium
904 2635 1012 2676 haud
1043 2634 1163 2673 dubie
1194 2634 1244 2672 ad
1281 2632 1547 2683 pervagatum
1577 2631 1678 2670 illud

141 2697 184 2743 ‘O
213 2698 326 2755 Κρὴς
356 2698 496 2756 ἀγνοεῖ
520 2697 593 2741 τὰν
622 2697 829 2741 θάλασσαν
867 2697 1031 2755 (Strabo
1064 2699 1098 2738 X
1132 2693 1257 2751 482),
1287 2710 1366 2737 non
1397 2697 1448 2736 ad
1478 2696 1676 2736 novicium

145 2763 167 2809 ὃ
199 2764 361 2816 Σικελὸς
384 2763 457 2820 τὴν
479 2761 690 2807 θάλασσαν
714 2767 990 2807 revocandum.
1046 2764 1123 2803 Sed
1148 2763 1353 2803 Alcmanis
1377 2763 1463 2802 loco
1488 2761 1678 2803 Alcaeum

146 2835 292 2874 testem
323 2833 488 2874 adhibet
518 2833 661 2873 Zenob.
692 2832 729 2871 V
762 2834 836 2872 30:
867 2826 911 2870 ‘O
942 2825 1071 2882 Κρὴς
1106 2824 1190 2880 τὴν
1226 2824 1468 2868 θάλατταν
1505 2825 1569 2868 ἐπὶ
1598 2828 1677 2868 τῶν

147 2895 192 2938 ἐν
220 2893 280 2947 οἷς
310 2895 558 2951 διαφέρουσι,
582 2899 702 2938 ταῦτα
727 2892 890 2950 φεύγειν
914 2892 1269 2949 προσποιουμένων
1293 2889 1318 2947 ἡ
1344 2892 1535 2945 παροιμία
1561 2891 1676 2942 ἐστίν,
