1864 3126
743 134 1086 173 STESICHORUS.
1593 133 1681 177 225

820 246 1000 300 54·[4d
1420 283 1443 299 ,

265 333 393 374 Schol.
421 333 555 384 Apoll.
575 332 700 372 Rhod.
722 332 740 370 I
763 334 869 372 230:
893 327 938 371 ‘O
967 327 1042 386 γὰρ
1076 328 1240 380 Μινύας
1271 326 1416 379 πολλὰς
1447 326 1522 384 εἶχε
1552 334 1682 385 θυγα-

143 396 273 452 τέρας·
304 396 370 438 καὶ
400 394 475 452 γὰρ
507 393 529 438 ὁ
554 393 696 437 Ἰάσων
715 393 945 449 Ἀλκιμέδης
975 395 1054 437 ἐστὶ
1084 399 1153 450 τῆς
1178 395 1389 450 Κλυμένης
1418 399 1488 449 τῆς
1514 392 1682 437 Μινύου

143 459 362 518 θυγατρός,
388 463 627 516 Στησίχορος
659 459 701 502 δὲ
723 458 1026 514 Ἐτεοκλυμένης
1057 462 1200 514 φησίν,
1234 459 1461 515 Φερεκύδης
1493 459 1535 501 δὲ
1556 458 1682 502 Ἀλκι-

144 527 267 582 μέδης
296 531 365 581 τῆς
398 524 601 569 Φυλάκου.

808 608 812 613 ’
878 620 947 664 55.

265 708 394 749 Schol.
415 707 551 759 Eurip.
571 708 691 748 Rhes.
712 707 757 746 5:
777 701 862 745 ’Ότι
882 706 924 746 οἱ
936 702 1095 759 ἆρχαῖοι
1115 706 1170 754 εἰς
1193 709 1294 758 τρεῖς
1319 702 1502 758 φυλακὰς
1520 704 1683 759 νέμουσι

143 769 217 826 τὴν
253 768 376 813 νύκτα
408 804 416 812 .
449 802 459 812 .
491 804 501 814 .
532 772 777 825 Στησίχορον
816 769 859 812 δὲ
896 767 918 813 ὁ
949 771 1180 825 Σιμωνίδης
1219 765 1517 823 πεντεφῦλακον
1558 770 1683 824 φησὶν

144 834 408 879 ὑποτίθεσθαι
448 834 521 891 τὴν
558 834 692 878 νύκτα.
753 838 820 878 Ita.
857 838 1025 887 correxi,
1066 837 1331 888 similiterque
1370 837 1515 889 Vater,
1559 838 1682 888 vulgo

144 904 383 958 Στησίχορος
404 907 444 944 et
462 900 591 943 πάντα
605 899 686 955 φύλ
763 898 853 958 (sed
865 905 901 943 A
916 914 1083 956 στησιχρ.
1103 899 1147 942 δὲ
1166 897 1417 954 ὁσιμωνίδης
1435 898 1683 956 πενταφυλ.),

145 973 192 1010 ut
229 969 451 1009 Simonides
489 970 530 1009 in
568 969 742 1009 carmine
781 970 914 1020 aliquo
952 969 1169 1009 Stesichori
1206 967 1447 1007 sententiam
1486 968 1681 1008 retulerit.

146 1034 224 1075 Sed
260 1035 434 1074 fortasse
472 1035 620 1075 rectius
661 1033 807 1075 Cobet:
857 1033 1159 1086 Στησίχορον
1197 1029 1247 1071 δὲ
1283 1030 1362 1071 καὶ
1399 1032 1683 1084 Σιμωνίδην

144 1101 334 1149 correxit,
366 1102 413 1139 ut
443 1100 546 1152 φησί
572 1101 622 1139 ad
653 1101 962 1152 grammaticum
994 1099 1210 1150 pertineat,
1243 1112 1361 1150 quem
1393 1099 1612 1139 scholiasta
1642 1099 1684 1138 in

145 1167 348 1218 epitomen
379 1166 548 1218 redegit.
598 1165 802 1206 Dindorfio
835 1163 959 1218 φασὶν
989 1165 1134 1216 placet.

806 1275 1016 1329 56.[61]

266 1363 433 1403 Aristot.
454 1364 558 1403 Hist.
578 1363 654 1402 An.
674 1363 710 1401 V
732 1365 776 1402 9:
809 1355 983 1400 Πάντων
1009 1357 1051 1399 δὲ
1077 1357 1348 1402 σπανιώτατον
1378 1361 1479 1401 ἰδεῖν
1506 1356 1683 1401 ἇλκυόνα

146 1427 240 1468 ἔστί·
274 1424 415 1480 σχεδὸν
439 1424 514 1482 γὰρ
540 1426 627 1479 περὶ
652 1423 838 1474 πλειάδος
864 1422 981 1465 δύσιν
1011 1424 1077 1465 καὶ
1101 1421 1248 1478 τροπὰς
1272 1421 1409 1478 ὁρᾶται
1441 1421 1585 1478 μόνον,
1615 1424 1683 1465 καὶ

147 1492 191 1533 ἐν
221 1496 303 1541 τοῖς
333 1489 529 1546 ὖφόρμοις
558 1493 716 1544 πρῶτον
746 1488 842 1532 ’ὅσον
872 1488 1154 1543 περιιπταμένη
1185 1490 1273 1544 περὶ
1303 1487 1344 1531 τὸ
1370 1494 1512 1531 πλοῖον
1536 1486 1683 1542 ἀφανί-

147 1559 247 1606 ζεται
281 1554 423 1606 εὐθύς·
464 1554 526 1599 διὸ
558 1556 625 1598 καὶ
655 1556 893 1609 Στησίχορος
928 1557 1068 1597 τοῦτον
1103 1552 1173 1596 τὸν
1203 1553 1351 1610 τρόπον
1382 1552 1564 1609 ἐμνήσθη
1596 1555 1684 1610 περὶ
1696 1566 1766 1598 990

147 1619 280 1676 αὐτῆς.
1463 1623 1477 1632 ‘

807 1702 876 1745 57.
910 1701 1014 1760 [62]

268 1791 416 1831 Athen.
442 1789 520 1828 XII
547 1789 697 1828 512F:
733 1790 883 1830 Τοῦτον
914 1782 989 1829 οὗν
1021 1784 1108 1843 (τὸν
1126 1784 1339 1843 Ἡρακλέα)
1371 1787 1497 1842 φησὶν
1521 1785 1683 1844 (Μεγα-

149 1851 323 1909 κλείδης)
355 1855 396 1895 οἱ
423 1853 506 1895 νέοι
536 1853 696 1906 ποιηταὶ
726 1851 1082 1902 κατασκευάζουσιν
1113 1853 1156 1894 έν
1187 1857 1330 1910 λῃστοῦ
1361 1851 1526 1908 σχήματι
1557 1850 1684 1908 μόνον

147 1916 526 1974 περιπορευόμενον,
565 1915 683 1967 ξύλον
720 1918 858 1972 ἔχοντα
893 1918 960 1959 καὶ
996 1922 1158 1972 λεοντῆν
1193 1919 1261 1960 καὶ
1303 1917 1410 1969 τόξα·
1454 1920 1521 1961 καὶ
1563 1924 1683 1961 ταῦτα

148 1982 294 2026 πλάσαι
317 1987 474 2039 πρῶτον
493 1985 739 2038 Στησίχορον
756 1981 825 2025 τὸν
836 1980 1048 2038 Ἱμεραῖον·
1075 1984 1142 2025 καὶ
1159 1982 1323 2034 Ξάνθος
1349 1983 1386 2026 δ’
1415 1982 1437 2027 ὂ
1463 1983 1684 2039 μελοποιός,

147 2048 408 2104 πρεσβύτερος
439 2046 498 2091 ὦν
527 2047 793 2103 Στησιχόρου,
832 2046 886 2099 ὦς
915 2050 982 2091 καὶ
1013 2046 1131 2099 αὐτὸς
1161 2046 1183 2091 ὁ
1215 2052 1455 2104 Στησίχορος
1486 2055 1684 2105 μαρτυρεῖ,

149 2113 204 2165 ὥς
235 2129 360 2170 φησιν
390 2112 412 2156 ὃ
443 2116 740 2169 Μεγακλείδης,
782 2111 830 2156 οὗ
861 2113 1006 2168 ταύτην
1036 2112 1142 2173 αὐτῷ
1172 2117 1395 2169 περιτίθησι
1425 2113 1498 2169 τὴν
1530 2114 1684 2169 στολήν,

149 2178 247 2222 ἀλλὰ
277 2179 350 2234 τὴν
360 2177 597 2233 ξΟμηρικήν.
648 2176 782 2221 Πολλὰ
815 2178 859 2222 δὲ
889 2184 967 2222 τῶν
991 2178 1161 2225 Ξάνθου
1192 2183 1515 2235 παραπεποίηκεν
1540 2178 1561 2222 ὁ
1582 2185 1684 2234 Στη-

150 2247 323 2300 σίχορος,
355 2242 485 2299 ὥσπερ
515 2245 582 2286 καὶ
612 2242 684 2298 τὴν
711 2243 928 2299 Ὀρεστείαν
957 2246 1219 2300 καλουμένην.
1269 2248 1328 2288 Cf.
1354 2250 1469 2288 Eust.
1499 2251 1624 2299 1279,
1645 2250 1683 2288 8.

812 2362 882 2406 58.
916 2363 1021 2417 [63.]

231 2425 248 2441 ⁰
273 2449 443 2489 Pausan.
469 2448 525 2487 IX
555 2451 621 2499 11,
651 2450 693 2488 1:
720 2443 1038 2489 Ἐπιδεικνόουσι
1069 2447 1114 2489 δὲ
1144 2446 1206 2503 (οἱ
1230 2445 1420 2503 Θηβαῖοι)
1446 2445 1686 2501 “Ηρακλέους

150 2517 229 2555 τῶν
266 2514 423 2554 παίδων
459 2515 538 2553 τῶν
575 2511 618 2552 ἐκ
650 2509 842 2566 Μεγάρας
878 2516 1032 2566 μνῆμα,
1073 2511 1194 2555 οὐδέν
1229 2531 1264 2555 τι
1295 2511 1441 2567 ὁμοίως
1470 2511 1516 2555 τὰ
1548 2514 1588 2564 ές
1616 2511 1686 2555 τὸν

150 2577 330 2620 θάνατον
366 2578 541 2633 λέγοντες
571 2573 597 2630 ἢ
630 2579 870 2633 Στησίχορος
900 2575 922 2620 ὃ
946 2574 1140 2632 Ἱμεραῖος
1176 2579 1242 2620 καὶ
1278 2574 1487 2628 Πανύασις
1526 2579 1570 2620 έν
1604 2584 1686 2629 τοῖς

154 2642 287 2685 ἔπεσιν
317 2643 519 2697 ἐποίησαν.

812 2736 1020 2789 59.[ο4]

274 2822 478 2863 Plutarch.
505 2823 554 2862 de
579 2822 726 2862 Herod.
753 2821 915 2872 malign.
939 2834 972 2861 c.
996 2823 1067 2861 14:
1102 2822 1187 2862 Καί
1212 2838 1271 2863 τοι
1302 2825 1380 2864 τῶν
1409 2825 1590 2864 παλαιῶν
1619 2821 1686 2865 καὶ

154 2887 298 2941 λογίων
322 2883 482 2940 ἀνδρῶν
506 2883 579 2940 οὐχ
591 2884 786 2940 “Ομηρος,
817 2882 889 2939 οὐχ
918 2882 1122 2938 εΗσίοδος,
1153 2885 1226 2929 οὐκ
1251 2885 1491 2942 Ἀρχίλοχος,
1516 2885 1566 2931 οὗ
1591 2890 1685 2931 Πεί-·

227 2961 357 2987 Pon-u}
376 2961 454 2987 Lrn.
485 2961 545 2987 111.
1358 2960 1400 2991 15
