1864 3126
697 99 1074 155 ANACREONTEA.
1565 117 1652 161 299

190 224 266 270 καὶ
298 224 522 283 Κυθήρην
552 227 770 283 γελῶσαν,
831 222 837 228 ’
964 223 1137 284 ’Έρωτα
1168 223 1462 286 κᾶφροδίτην.
1495 273 1501 280 ,

120 308 168 342 20
191 292 308 355 ὁμοῦ
338 299 458 359 καλῷ
492 300 647 358 Λυαίῳ

299 463 371 489 see.
397 452 684 499 Anthologiam.
1139 465 1210 491 sec.
1238 454 1428 491 Gellium.-

158 559 163 564 ,
222 520 299 559 Τὸν
324 521 490 583 ἄργυρον
515 522 695 571 τορεύσας
1003 522 1082 561 Τὸν
1106 522 1274 571 ἄργυρον
1300 522 1480 586 τορεύσας

208 566 394 617 Ἢφαιστέ
419 585 484 619 μοι
507 573 667 631 ποίησον
991 569 1175 618 Ἤφαιστέ
1202 586 1266 620 μοι
1291 574 1449 632 ποίησον

215 620 446 677 (πανοπλίαν
470 618 541 667 μὲν
567 617 686 667 οὖχί·)
999 622 1211 662 πανοπλίας
1239 619 1309 667 μὲν
1335 622 1439 680 ουχί,

214 663 394 725 ποτήριον
420 666 463 704 δὲ
489 670 620 704 κοῖλον
999 670 1038 705 τί
1059 681 1132 726 γαρ
1156 666 1313 715 μάχαισι
1338 670 1472 716 καμοί;

168 718 190 750 6
215 726 306 751 οσον
332 713 428 774 δύνῃ
456 712 640 774 βάθυνον.
952 719 973 753 5
999 713 1179 775 ποτήριον
1205 714 1248 753 δὲ
1274 719 1403 753 κοῖλον

218 764 320 799 ποίει
345 761 388 799 δέ
415 776 478 810 μοι
503 760 589 799 κατ’
617 761 735 801 αυτοῦ
1000 760 1091 801 ὅσον
1115 762 1212 811 δύνῃ
1263 761 1426 801 άθυνον.

186 805 195 813 ’
216 807 307 868 μηδ’
334 807 452 867 ἄστρα
477 808 568 895 ςιΩηιΫ
596 808 762 858 ἁμάξας,
1000 813 1070 848 καί
1076 825 1154 871 μοι
1178 825 1228 848 πο
1246 825 1280 848 ει
1305 809 1390 848 κατ’
1418 809 1513 848 αὐτό

214 872 268 916 μη
290 870 456 917 στυγνον
519 860 653 906 ρίωνα,
999 856 1087 917 μήτ’
1113 871 1233 916 αστρα
1258 856 1344 918 μήτ’
1372 857 1539 907 αμάξας,

184 944 187 946 ,
217 902 301 942 αλλ’
329 903 519 964 ἀμπέλους
543 907 708 952 χλοώσας
1001 905 1066 955 (μὴ
1092 905 1254 965 στυγνὸν
1277 905 1462 966 Ὠρίωνα.)

147 958 191 990 10
217 954 281 990 καὶ
308 951 469 1010 βότρυας
493 955 678 1000 γελῶντας
932 959 976 991 10
1001 956 1040 991 τί
1061 953 1262 992 Πλειάδων
1288 954 1391 1012 μέλει
1415 969 1496 1002 μοι,

217 999 286 1038 σὺν
311 1002 362 1048 τῷ
388 1002 490 1050 καλῷ
516 1004 658 1052 Λυαίῳ,
744 1002 747 1006 ’
1001 1004 1041 1039 τί
1062 999 1100 1039 δ’
1127 1000 1285 1062 α’στέρος
1311 1001 1486 1048 Βοώτεω;

999 1052 1158 1108 ποίησον
1184 1047 1376 1110 ἀμπέλους
1400 1065 1463 1110 μοι
1520 1071 1559 1105 .

1000 1099 1066 1135 καὶ
1091 1095 1253 1158 βότρυας
1278 1095 1365 1135 κατ’
1393 1097 1522 1135 αὐτῶν

1001 1146 1066 1183 καὶ
1091 1145 1273 1193 χρυσέους
1297 1147 1512 1189 πατοῦντας

931 1198 973 1230 15
991 1191 1097 1254 ὁμοῦ
1122 1195 1224 1244 καλῷ
1251 1196 1381 1243 Λυαίῳ

991 1240 1140 1289 Ἔρωτα
1166 1232 1231 1278 καὶ
1256 1240 1468 1279 Βαθυλλον.

171 1336 213 1372 V.
240 1341 261 1372 3
295 1348 366 1374 om.
394 1336 482 1374 Cod.
509 1337 539 1372 P
564 1339 603 1374 et
627 1338 765 1384 Cram„
802 1338 868 1374 sed
952 1337 997 1374 V.
1023 1342 1057 1374 3.
1092 1339 1303 1379 πανοπλίας
1332 1338 1477 1374 Hertzii
1501 1338 1589 1375 libri
1614 1341 1654 1375 et

121 1383 237 1420 habet
278 1383 485 1439 Planpde83
533 1385 692 1422 fortasse
741 1387 868 1422 autem
905 1387 996 1422 vett.
1010 1386 1093 1422 edd.
1097 1385 1240 1432 ‚vulgo
1256 1387 1482 1422 πανοπλίαν.
1501 1386 1603 1423 -V.
1622 1391 1653 1422 7.

121 1431 235 1468 etiam
270 1431 462 1490 proximus
488 1445 615 1469 versus
641 1435 679 1469 τί
701 1431 772 1479 γὰρ
798 1430 868 1480 μά-
905 1435 975 1471 καί
995 1447 1060 1480 μοι
1084 1435 1187 1470 ποίει
1212 1433 1356 1480 scripsi,
1383 1433 1449 1469 καὶ
1501 1431 1524 1480 ὴ
1551 1435 1654 1470 ποίει

121 1491 223 1525 χαισι
249 1476 367 1526 κάμοί
394 1480 539 1517 librarii
570 1483 718 1517 tantum
748 1481 868 1526 negli-
905 1483 1018 1518 Hertz
1044 1492 1088 1517 ex
1113 1481 1190 1518 suis
1214 1481 1337 1526 libris,
1362 1482 1405 1517 ut
1422 1481 1463 1518 vi
1491 1486 1591 1527 etur,
1617 1483 1656 1518 et

121 1527 250 1573 gentia
276 1528 433 1564 omissus
459 1530 534 1574 est,
559 1540 646 1565 nam
672 1529 761 1565 Cod.
787 1529 866 1566 Pal.
907 1531 996 1566 vett.
1030 1529 1132 1574 edd.,
1161 1528 1277 1575 vulgo
1309 1529 1412 1565 ποίει
1438 1528 1482 1566 δέ
1507 1542 1581 1576 μοι.
1609 1550 1653 1556 -

122 1575 185 1611 hie
209 1574 299 1610 bina
324 1586 470 1622 semper
495 1576 580 1612 cola.
607 1576 763 1623 singulis
788 1589 867 1613 ver·
906 1576 951 1614 V.
971 1581 993 1613 9
1018 1576 1200 1613 omittunt
1224 1578 1314 1613 vett.
1342 1577 1425 1613 edd.
1451 1578 1491 1614 et
1512 1577 1655 1613 Hertzii

123 1621 225 1658 sibus
262 1623 414 1660 exhibet
456 1634 501 1659 ex
538 1624 696 1660 adverso
733 1624 868 1683 posita.
905 1624 1004 1660 libri.
1036 1645 1083 1651 —
1119 1623 1165 1660 V.
1194 1628 1238 1660 10
1269 1625 1308 1661 et
1341 1629 1383 1660 11
1422 1623 1478 1661 ita
1512 1624 1654 1661 Hertzii

123 1690 167 1696 —
192 1670 238 1706 V.
266 1674 298 1707 7.
324 1668 415 1718 μηδ’
443 1668 610 1718 ἁμάξας,
636 1671 724 1708 Cod.
751 1672 791 1710 P.
818 1671 868 1719 μὴ
906 1672 1054 1709 codices
1080 1674 1118 1708 et
1143 1673 1232 1708 vett.
1261 1672 1362 1717 edd„
1389 1673 1454 1709 sed
1479 1672 1594 1731 vulgo
1619 1674 1660 1708 τί

121 1715 280 1765 αμάξας.
906 1717 1134 1756 Πλειαὸεσσι
1168 1717 1302 1765 κάμοί,
1333 1721 1373 1756 τί
1390 1716 1437 1778 ,δ’
1472 1717 1654 1766 αστράσιν

907 1766 1083 1813 Βοώτεω,
1115 1789 1160 1794 -
1191 1767 1236 1802 V.
1266 1771 1319 1804 1.3
1353 1764 1480 1804 αὐτῶν
1509 1768 1654 1805 Hertzii

906 1815 1005 1863 libri,
1030 1816 1143 1862 vulgo
1169 1811 1274 1852 αὐτό.

172 1940 174 1942 .
217 1909 273 1944 Ex
297 1909 355 1946 his
377 1911 534 1966 apparet
558 1911 852 1957 antiquissimam
877 1911 1035 1947 formam
1059 1922 1151 1957 esse,
1178 1922 1292 1957 quam
1311 1911 1464 1947 Anthol.
1491 1910 1655 1955 exhibet,

122 1956 187 1993 ubi
216 1957 340 1994 tenuis
371 1957 561 1994 cantilena.
591 1958 760 1995 versibus
786 1963 830 1994 11
861 1959 935 2004 (vel
963 1964 1021 2005 12)
1053 1960 1218 2004 constat,
1255 1961 1351 1995 hanc
1387 1960 1522 2005 postea
1559 1959 1655 1994 alius

122 2004 206 2050 quis
244 2004 489 2052 amplificavit
526 2005 664 2042 additis
702 2006 873 2043 versibus
902 2010 923 2042 5
956 2009 1340 2053 (4.10.11.14.16)
1378 2010 1417 2043 et
1453 2006 1655 2042 immutata

121 2052 316 2098 paululum
348 2053 532 2099 oratione,
564 2053 743 2100 maxime,
775 2056 818 2091 ut
848 2054 929 2090 fieri
961 2055 1074 2099 solet,
1107 2055 1176 2090 sub
1208 2055 1320 2091 finem
1351 2053 1543 2090 carminis.
1583 2054 1654 2090 hoc

122 2102 248 2136 autem
272 2099 412 2137 factum
439 2102 498 2137 est
522 2101 716 2147 aliquanto
747 2105 835 2138 ante
861 2101 973 2138 Gellii
1004 2103 1187 2147 aetatem,
1219 2114 1332 2148 quare
1364 2102 1428 2138 ille
1459 2103 1653 2148 poetarum

122 2148 328 2183 recentium
360 2148 493 2203 idyllia
525 2149 574 2186 ab
605 2149 664 2185 his
695 2149 892 2186 cantilenis
923 2150 1133 2197 distinguit.
1178 2131 1266 2196 'Neq
1269 2162 1314 2187 ue
1344 2152 1473 2186 tamen
1504 2161 1548 2185 ex
1583 2150 1655 2185 hac

123 2193 245 2230 forma
276 2195 453 2232 continuo
479 2207 525 2232 ea
549 2198 650 2243 orta,
681 2209 795 2244 quam
820 2198 900 2234 cod.
926 2198 1006 2234 Pal.
1033 2198 1202 2242 exhibet,
1234 2163 1299 2234 sqed
1331 2198 1491 2244 primum
1523 2196 1655 2233 tertius

123 2241 260 2288 aliquis
290 2253 416 2280 rursus
443 2244 583 2281 exitum
618 2245 830 2282 cantilenae
862 2246 1095 2282 exornavisse
1126 2245 1276 2282 videtur
1299 2246 1338 2281 in
1331 2211 1461 2281 phunt>
1486 2245 1653 2280 modum:

596 2317 763 2373 Ποίησον
789 2313 980 2375 αμπὲλους
1004 2330 1069 2374 μοι

597 2362 662 2399 καὶ
686 2361 848 2409 βότρυας
871 2361 957 2400 κατ’
985 2361 1130 2421 αυτῶν,

598 2410 675 2446 καὶ
698 2410 946 2452 Μαινάδας
970 2393 1213 2458 τρυγώσας.

597 2459 723 2493 ποίει
747 2456 796 2494 δὲ
821 2456 959 2504 ληνὸν
986 2461 1134 2504 οἴνου,

598 2504 662 2540 nal
687 2504 868 2551 χρυσέους
891 2507 1107 2548 πατοῦντας

591 2549 693 2612 ὁμοῦ
718 2553 820 2601 καλῷ
845 2555 975 2602 Λυαίῳ

591 2598 738 2646 Ἔρωτα
762 2591 1063 2647 καφροδίτην.

123 2670 218 2707 Τιιιιι
244 2671 404 2718 denique
431 2672 525 2709 alius
551 2671 670 2709 tribus
696 2671 755 2708 his
781 2671 923 2708 ultimis
948 2672 1118 2709 versibus
1144 2672 1353 2709 substituit:

597 2742 813 2800 ληνοβοὶτας
830 2743 1046 2785 πατοῦντας

597 2789 684 2832 τοὺς
708 2788 906 2836 Σατυρους
923 2792 1116 2847 γελῶντας

598 2838 662 2874 καὶ
687 2839 846 2896 χρυσοῦς
870 2836 958 2880 τοὺς
976 2836 1142 2884 Ἔρωτας

549 2899 556 2905 ·
597 2887 661 2922 καὶ
686 2884 871 2933 Κυθήρην
895 2887 1074 2933 γελῶσαν.
