1864 3126
0 0 73 45 ‚rs-af
84 15 85 18 =

579 116 804 155 CARMINA
830 112 1115 155 POPULARIA'.
1523 114 1608 160 667

82 227 187 279 νοίᾳ,
218 222 260 263 τὸ
297 223 338 263 δὲ
371 221 467 262 καθ’
497 221 689 283 ἑκάτερον,
716 223 816 261 οἷον·
832 221 990 282 ἥσσων
1016 220 1053 260 ἄ.
1079 236 1118 260 π.
1144 237 1174 261 τ.
1202 221 1250 261 ἐκ
1283 222 1476 265 Θέτιδος
1508 219 1615 258 ἀνέ-

80 272 253 320 θρεψε·
278 269 403 320 ἥσσων
428 269 500 319 γὰρ
527 269 547 308 ὁ
574 273 722 330 χείρων,
748 270 912 328 ἀλγήσας
937 269 1114 329 πονήσας.
1167 270 1242 307 ἔστι
1271 266 1360 306 δὲ
1339 284 1396 307 οτι
1422 271 1569 315 Χείρων
1596 267 1616 305 ὁ

83 320 305 368 Κένταυρος
331 318 518 366 ἐξέθρεψε
545 333 612 356 τον
636 318 803 366 Ἀχιλλέα.
850 320 919 375 ubi·
940 317 1208 364 ἀνέθρεψεν
1235 319 1336 364 quod
1356 320 1443 365 post
1463 317 1621 359 Θέτιδος

83 369 235 407 additur
266 369 312 405 de
345 367 470 404 medio
501 366 727 403 tollendum:
767 371 823 404 est
861 367 961 403 enim
997 366 1140 403 librarii
1178 365 1495 402 additamentum:
1535 376 1622 401 nam

83 412 249 463 ἀλγήσας
280 415 360 453 sive
390 411 557 461 πονήσας
589 415 775 461 significat
801 414 1026 451 Centaurum
1060 414 1230 450 eduxisse
1255 413 1461 470 Achillem,
1494 424 1620 459 quem-

41 503 44 506 ,
83 464 283 501 admodum
305 465 362 500 est
380 474 439 510 ap.
460 462 614 499 Theocr.
637 462 723 498 XIII
746 467 788 498 14
809 459 859 504 ὡς
884 459 987 511 αὐτῷ
1014 459 1110 497 κατὰ
1137 458 1266 507 θυμὸν
1292 457 1312 496 ὁ
1341 465 1430 502 παις
1455 473 1620 497 πεπονα-

113 510 197 553 {voc
234 512 312 558 εἴη,
350 511 445 548 alias
483 507 661 546 ἐκπονεῖν
700 510 853 554 dicitur,
892 499 996 547 velut
1032 521 1091 555 ap.
1131 508 1257 564 Eourip.
1297 508 1376 555 Iph.
1412 508 1495 545 Aul.
1535 511 1621 544 207·

85 558 198 614 Αχιλῆ
200 571 224 595 α
255 559 402 604 Χείρων
436 554 677 601 ἐξεπόνασεν.
723 558 871 650 ᾳΙιαὲιιο
904 557 977 603 Try
1006 557 1169 603 hongn
1171 556 1287 602 phum
1323 556 1487 592 enodans
1521 557 1622 591 recte

83 607 203 644 untur
233 606 347 643 verbo
381 602 588 650 ἐξέθρεψε,
627 604 690 641 ubi
749 616 796 641 uo
854 616 980 641 nonnu
996 604 1025 640 li
1061 567 1169 640 libri
1179 603 1323 639 addunt
1359 600 1525 649 ἀλγήσας
1559 602 1623 639 καὶ

84 651 263 700 πονήσας,
290 664 363 690 ιιοιι
392 653 553 689 debebat
578 633 723 688 'Finckh
723 616 884 688 thilol.
912 651 1032 688 XXIV
1058 655 1128 688 338
1153 651 1213 687 his
1239 652 1403 696 obsequi
1454 650 1624 698 Respicit

85 702 170 747 huc,
196 701 227 738 si
252 702 354 737 recte
381 700 546 746 memini,
572 700 687 737 etiam
708 700 919 736 Demetrius
945 699 1030 746 περὶ
1058 695 1269 745 ἑρμηνείας,
1296 699 1362 734 sed
1382 698 1504 734 locum
1525 710 1623 734 nunc

87 760 160 786 non
186 748 341 795 reperio,
367 749 459 784 item
485 748 639 805 Quintil.
667 747 754 784 VIII
780 752 813 792 6,
840 752 904 784 37·
936 747 1116 793 „Graecis
1146 750 1268 783 tamen
1296 746 1534 792 frequentior,
1559 747 1625 792 qui

85 797 310 834 Centaurum
337 796 502 832 Chirona
526 791 700 841 ἥσσονα
726 796 796 840 (ita
818 798 919 832 recte
940 794 1155 832 emendavit
1174 794 1327 830 Meister
1346 793 1481 830 Philol.
1503 793 1624 829 XVIII

85 845 170 890 518)
195 848 227 881 et
253 841 380 888 ὀξείας
405 844 548 879 insula-s
571 842 688 883 θοὰς
713 843 785 888 (ita
805 843 1079 889 corrigendum)
1106 842 1247 886 dicunt,
1272 851 1338 877 nos
1357 842 1439 887 quis
1457 842 1513 886 fer
1515 845 1566 884 at,
1591 842 1625 877 si

93 891 238 928 Ver-rem
263 903 362 928 suem
387 895 454 927 aut
477 890 624 927 Aelium
652 890 783 927 Catum
809 891 893 935 (hoc
919 890 1062 936 addidi)
1089 890 1234 926 doctum
1258 890 1509 926 nominemus?
1557 869 1624 924 'ubi

86 949 191 976 meae
217 938 464 976 correctiones
495 938 679 984 excerptis
705 937 883 974 Parisinis
917 938 1030 984 plane
1062 938 1344 981 confirmantur,
1380 936 1454 973 vid.
1482 935 1623 972 Halmii

84 986 142 1024 ed.
193 986 300 1030 Quod
325 985 432 1022 addit
457 986 653 1032 Tryphon.
680 985 743 1022 καὶ
769 983 900 1022 πάλιν·

321 1058 390 1104 γῆς
415 1056 558 1093 ἔθανεν
584 1055 842 1104 καταδέσμου,
869 1053 927 1094 ὅτ’
955 1054 1119 1104 ἀγγείων
1146 1053 1384 1103 ἀφάμαρτεν.

84 1131 170 1171 ἀντὶ
195 1134 263 1171 τοῦ
288 1135 379 1175 Αἴας
404 1132 424 1171 ὁ
456 1135 683 1194 Τελαμῶνος
706 1131 964 1181 ἐτελεύτησεν,
997 1131 1057 1170 ὅτε
1084 1134 1160 1170 τῶν
1186 1129 1312 1170 οπλων
1338 1130 1520 1190 ἀπέτυχε·
1558 1134 1625 1179 γῆς

83 1180 156 1228 γὰρ
135 1183 274 1228 ρΑἴας
309 1183 471 1228 γίνεται,
510 1183 635 1228 (κατα)
666 1181 780 1229 ε’σμου
809 1182 1049 1228 Τελαμῶνος,
1088 1179 1252 1228 ἀγγείων
1291 1179 1333 1217 δὲ
1371 1181 1446 1217 τῶν
1484 1177 1623 1225 ὅπλων,

84 1229 181 1266 alius
206 1230 265 1266 est
288 1230 442 1286 griphus
468 1230 588 1266 multo
613 1230 641 1266 il
659 1241 678 1266 e
705 1231 856 1275 quidem
892 1230 1012 1276 magis
1040 1210 1201 1276 ’frigidus
1238 1230 1278 1265 et
1313 1229 1527 1275 perplexus:
1560 1209 1625 1264 ubi

83 1276 227 1314 Finckh
285 1291 328 1323 ης
361 1277 504 1314 ἔθανεν
536 1275 651 1313 κατὰ
685 1278 826 1324 δεσμοῦ
861 1277 1024 1324 scripsit,
1064 1288 1139 1314 non
1170 1278 1281 1313 recte.
1331 1278 1452 1331 Prope
1478 1276 1626 1312 accedit

86 1325 151 1362 ille
175 1290 345 1372 griphus,
371 1336 482 1370 quem
509 1325 607 1362 Sext.
635 1325 773 1371 Empir.
794 1326 878 1362 adv.
900 1326 1016 1361 Math.
1038 1337 1072 1371 p.
1095 1329 1163 1361 673
1190 1324 1355 1369 adhibet,
1382 1323 1446 1370 qui
1465 1324 1624 1361 fortasse

87 1375 128 1456 οἷ.
151 1372 231 1419 ipse
256 1372 421 1409 numeris
455 1372 652 1409 adstrictus
690 1373 781 1418 fuit,
819 1384 1045 1418 quamquam
1077 1371 1273 1420 anapaesti
1310 1373 1454 1418 species
1491 1383 1623 1418 parum

89 1432 108 1457 e
173 1431 259 1457 ans·

125 1432 172 1467 eg
464 1465 707 1517 Ἐβαρβαριζε
734 1464 881 1505 θουλον
908 1467 1015 1510 ’ἕλκος
1040 1467 1128 1515 ἔχον
1153 1469 1244 1515 χερί.

86 1546 110 1584 i
137 1557 168 1583 e.
197 1541 409 1591 ἐσύριζεν
392 1559 412 1582 ο
441 1543 528 1581 Πὰν
555 1543 712 1592 σύριγγα
740 1544 835 1592 ἔχων
863 1543 904 1582 ἐν
929 1547 972 1594 τῇ
1001 1547 1114 1592 χειρί,
1153 1545 1218 1591 qui
1243 1545 1397 1592 griphus
1423 1543 1625 1582 Theocrito

88 1606 171 1630 cum
192 1593 375 1630 Fistulam
401 1594 588 1638 conderet,
615 1594 834 1629 obversatus
861 1596 926 1631 est.
971 1594 1027 1629 Ex
1046 1592 1197 1629 Ant-hol.
1218 1593 1298 1629 Pal.
1318 1593 1415 1629 libro
1435 1592 1534 1637 XIV,
1560 1592 1626 1629 ubi

88 1641 251 1688 plurima
276 1644 407 1678 extant
432 1641 659 1687 aenigmata,
686 1641 846 1678 heroicis
867 1641 1034 1678 versibus
1054 1641 1116 1677 vel
1135 1640 1324 1687 elegiacis,
1350 1641 1488 1687 passim
1509 1640 1622 1677 etiam

84 1689 255 1726 iambicis
287 1689 474 1736 exposita,
511 1688 656 1724 nullum
694 1688 835 1736 recepi,
873 1689 1051 1735 pleraque
1084 1688 1184 1725 enim
1218 1670 1420 1725 admodum
1457 1687 1623 1724 recentia

87 1738 189 1783 sunt,
215 1749 329 1773 unum
356 1738 484 1772 tamen
510 1737 718 1773 alterumve
744 1736 938 1783 aliquanto
964 1736 1172 1782 antiquius,
1200 1737 1303 1772 velut
1328 1735 1413 1771 XIV
1443 1739 1504 1772 18:

339 1804 503 1853 ’Ἕκτορα
530 1804 596 1843 τὸν
623 1804 800 1865 Πριάμου
826 1805 1020 1855 Διομήδης
1047 1807 1207 1844 ἔκτανεν
1235 1804 1333 1853 ἀνὴρ

420 1856 508 1896 αἴας
532 1853 604 1901 πρὸ
635 1853 775 1902 Τρώων
804 1854 907 1902 ἔγχεϊ
930 1853 1185 1902 μαρνάμενον.

87 1927 152 1963 ubi
177 1924 419 1973 μαρνάμενον
448 1926 594 1963 Brunck
620 1926 770 1973 scripsit
793 1937 860 1973 pro
888 1939 1146 1973 μαρναμενος,
1198 1927 1273 1963 uod
1298 1927 1517 1963 mendosum
1543 1938 1622 1962 esse

87 1975 214 2030 arguit
244 1974 340 2010 alius
372 1976 486 2031 poeta
515 1975 587 2011 hoc
618 1974 754 2031 gripho
792 1987 879 2011 usus
915 1975 1026 2011 Anth.
1053 1975 1159 2010 Plan.
1204 1975 1237 2010 II
1263 1979 1326 2032 29,-
1356 1970 1523 2019 Ἕκτορα
1559 1971 1625 2010 τὸν

86 2020 261 2079 Πριάμου
297 2050 305 2059 .
340 2049 348 2058 .
386 2035 433 2057 ον
464 2035 554 2058 ποτε
588 2019 831 2080 μαρνάμενον
866 2019 1060 2068 Διομήδης
1093 2021 1250 2058 ἔκτανεν
1288 2018 1386 2068 ανήρ
1426 2025 1514 2063 αἴας
1551 2019 1623 2067 πρὸ

90 2067 228 2113 Τρώων
255 2074 442 2106 Δαναοῖσι
466 2067 593 2116 μάχην
619 2068 875 2115 προφέροντα.
926 2070 1182 2114 Pentameter,
1216 2081 1288 2115 quo
1315 2069 1442 2116 griphi
1467 2070 1626 2116 augetur

86 2117 288 2154 difficultas
314 2117 468 2164 propter
493 2118 712 2163 ambiguum
738 2118 825 2159 αἴας
849 2116 872 2152 i.
896 2129 926 2153 e.
946 2118 1015 2163 γῆς
1041 2119 1080 2154 et
1099 2119 1206 2162 Αἱας,
1233 2117 1392 2153 fortasse
1418 2118 1552 2163 postea
1578 2118 1625 2152 ab

87 2162 164 2201 alio
190 2165 369 2201 adiectus.
420 2165 463 2200 V.
493 2169 511 2200 1
545 2164 702 2200 adhibet
732 2165 846 2200 etiam
882 2165 997 2201 schol.
1024 2164 1369 2201 Aristid.111509:
1402 2169 1537 2225 γρῖφος
1571 2163 1624 2209 δέ,

88 2210 169 2248 οἷον
193 2208 364 2269 Ἕκτορα
384 2240 392 2248 .
455 2210 622 2248 ἔκτεινεν
648 2208 757 2268 ανήρ.
785 2209 959 2248 ἐνταῦθα
997 2213 1110 2248 δοκεῖ
1140 2225 1210 2258 μεν
1243 2211 1388 2248 εἰδέναι
1421 2210 1462 2247 τὸ
1489 2209 1625 2257 ρηθέν,

90 2256 228 2317 οἷγνοεί
248 2258 309 2302 δέ,
342 2256 400 2295 ὅτι
421 2257 621 2315 Διομήδης
646 2253 693 2314 ἦν
719 2257 818 2315 ἀνὴρ
844 2256 864 2294 ὁ
892 2257 1084 2304 Αχιλλεύς·
1123 2257 1274 2316 ἐκείνην
1309 2257 1380 2305 γὰρ
1414 2259 1496 2304 ἔσχε
1531 2258 1625 2317 μετὰ

91 2319 160 2352 την
188 2306 390 2363 Βρισηΐδα·
415 2302 513 2343 ὅθεν
546 2306 611 2342 καὶ
643 2304 702 2342 τὸ·
737 2300 783 2342 ὃν
809 2303 880 2342 οὑκ
913 2307 1055 2342 ἔκτεινε
1084 2304 1295 2353 Διομήδης,
1329 2305 1510 2342 ἔκτεινεν
1530 2303 1627 2352 ἀνὴρ

91 2351 296 2410 Διομήδης.
347 2353 452 2389 Adde
477 2354 648 2411 Apostol.
675 2354 743 2389 XII
770 2357 814 2390 88
841 2356 878 2389 et
902 2353 1072 2390 Eustath.
1100 2355 1140 2389 ll.
1168 2358 1249 2399 596,
1276 2357 1321 2389 22
1348 2350 1367 2389 ὁ
1396 2351 1514 2390 εἰπων
1540 2356 1631 2400 περί

90 2414 203 2445 τινος,
230 2396 275 2436 ὃν
303 2397 372 2436 οὐκ
392 2397 549 2436 ανεῖλεν
570 2397 589 2436 ὁ
611 2398 784 2446 Διομήδη
788 2414 823 2446 ς,
849 2398 917 2436 τὸν
936 2399 1050 2437 κτάνε
1073 2382 1267 2447 Διομήδης
1284 2398 1392 2446 ανήρ.
1427 2402 1626 2437 Novicium

91 2451 159 2492 est,
186 2448 287 2494 quod
313 2460 358 2484 ex
383 2448 463 2485 cod.
484 2447 581 2485 Flor.
603 2459 686 2484 cum
707 2447 793 2484 aliis
812 2447 957 2495 griphis
978 2448 1098 2484 edidit
1115 2448 1284 2485 Piccolos
1307 2448 1347 2484 in
1367 2449 1517 2485 Anthol.
1541 2452 1624 2485 192.

342 2514 414 2554 Ἢν
442 2516 597 2576 ἐθέλῃς,
622 2517 741 2555 laum
767 2520 898 2575 φωνῆς
925 2521 1027 2577 δίχα
1055 2519 1114 2556 σοὶ
1139 2533 1211 2575 γαρ
1238 2516 1400 2564 ὑπάρχει

424 2565 552 2612 φωνή,
579 2564 662 2612 ἐμοὶ
689 2564 730 2603 δε
757 2580 878 2613 ματήν
905 2564 1021 2613 χειηλε
1049 2565 1293 2614 ανοιγόμενα.

91 2637 340 2684 Antiquorum
371 2637 628 2695 aenigmatum
662 2637 843 2684 reliquiae
874 2639 967 2675 satis
999 2638 1261 2675 memorabiles
1287 2641 1496 2696 supersunt
1528 2641 1628 2697 apud

90 2685 245 2733 Gregor.
266 2684 433 2721 Corinth.
454 2684 541 2729 περὶ
559 2682 709 2730 τρόπων
730 2685 908 2740 (Spengel
930 2686 1221 2731 Rhet.111225):
1247 2683 1368 2730 αὐτὰρ
1396 2684 1480 2722 ἐπεὶ
1500 2684 1630 2729 δαιτὸς

91 2731 159 2781 μὲν
185 2730 288 2779 ἐΐσης
314 2729 353 2776 ἐξ
380 2731 466 2777 ἔρον
493 2745 589 2776 εντο,
615 2733 670 2768 ita
696 2733 793 2769 enim
819 2731 1055 2770 scribendum
1075 2733 1222 2769 videtur
1247 2745 1313 2779 pro
1341 2731 1425 2771 ἐπεὶ
1450 2730 1490 2769 δ’
1517 2730 1629 2772 αυτοὶ

91 2780 161 2827 μὲν
198 2781 366 2826 κνίσσης,
399 2779 464 2816 sed
496 2778 642 2826 reliqua
678 2779 812 2826 quibus
843 2781 998 2826 griphus
1032 2781 1313 2825 absolvebatur,
1352 2781 1627 2819 desiderantur.

92 2839 219 2865 versus
244 2827 452 2863 Hesiodeus
478 2828 628 2874 opinor,
654 2827 967 2884 quemadmodum
991 2827 1044 2884 is,
1069 2827 1134 2874 qui
1159 2809 1367 2874 praecedit,
1400 2829 1438 2864 et
1462 2839 1509 2864 ea
1532 2841 1628 2875 quae

91 2875 380 2920 subsequuntur,
406 2886 501 2920 quae
527 2875 576 2911 ad
602 2885 751 2911 carmen
776 2872 928 2921 Κήυκος
952 2856 1075 2922 γάμον
1101 2875 1289 2921 pertinere
1315 2875 1410 2912 alias
1435 2875 1528 2912 dixi:
1564 2878 1628 2914 sed
