1864 3126
0 2844 27 2950 ἱ

755 150 1095 190 ΒΤΕεῐοΗοιωε.
1202 201 1207 207 ,
1604 151 1692 195 229

822 296 890 341 73.
923 296 1029 350 [53.]

281 390 383 431 Plin.
413 391 518 432 Hist.
550 391 644 431 Nat.
674 390 715 430 II
746 391 811 442 12,
838 391 911 431 54:
945 391 1119 441 „Misera
1148 390 1352 431 hominum
1385 390 1517 430 mente
1550 421 1559 431 .
1580 419 1589 430 .
1610 420 1619 429 .
1651 390 1690 429 in

161 457 384 498 durantibus
417 457 569 498 scelera
598 458 671 496 aut
700 458 871 497 mortem
902 456 1078 508 aliquam
1110 456 1286 496 siderum
1317 459 1506 506 pavente,
1540 469 1619 507 quo
1649 455 1693 495 in

161 525 273 564 metu
302 523 428 564 fuisse
459 522 677 563 Stesichori
708 524 747 561 et
780 521 945 561 Pindari
974 516 1113 562 vatum
1145 521 1334 562 sublimia.
1364 533 1435 561 ora.
1464 522 1598 572 palam
1629 524 1692 562 est

160 589 334 641 deliquio
359 585 494 630 solis.“
530 587 645 628 Adde
670 587 875 627 Plutarch.
900 587 950 627 do
974 587 1048 628 fac.
1074 587 1115 626 in
1146 586 1242 627 orbe
1274 587 1393 627 lunae
1424 600 1455 627 o.
1485 590 1557 628 19:
1588 586 1624 628 εἰ
1647 584 1692 628 δὲ

160 649 236 707 μή,
276 652 390 695 Θέων
424 650 522 707 ἡμῖν
559 645 675 701 οὗτος
706 648 776 693 τὸν
806 652 1047 704 Μίμνερμον
1077 647 1211 700 ἐπάξει
1241 650 1307 691 καὶ
1336 647 1405 692 τὸν
1436 652 1596 692 Κυδίαν
1624 652 1693 693 καὶ

159 715 229 761 τὸν
254 715 498 773 Ἀρχίλοχον,
534 715 632 772 πρὸς
669 716 713 759 δὲ
748 714 900 767 τούτοις
930 716 1173 770 Στησίχορον
1209 715 1276 757 καὶ
1310 713 1391 762 τὸν,
1409 718 1618 771 Πίνδαρον
1648 717 1693 759 ἐν

159 788 244 834 ταῖς
286 783 506 837 ἐκλείψεσιν
549 779 872 836 ὀλοφυρομένους
908 778 978 824 τὸν
1014 778 1292 835 φανερώτατον
1327 777 1591 835 κλεπτόμενον
1626 782 1692 824 καὶ

160 848 281 904 μέσῳ
307 846 448 903 ἄματι
479 846 624 890 νύκτα
655 846 918 903 γινομένην
941 847 1009 889 καὶ
1032 844 1106 902 τὴν
1129 843 1268 888 ἆκτῖνα
1291 849 1361 889 τοῦ
1385 841 1501 901 ἡλίου
1527 843 1693 898 σκότους

160 912 336 969 ἀτραπὸν
372 911 608 968 φάσκοντας.
669 915 729 960 Ex
761 910 988 955 Stesichoro
1017 914 1108 955 fort.
1141 917 1236 954 sunt
1273 914 1398 955 verba.
1433 911 1537 969 μέσῳ
1562 910 1692 966 ’ἄματι

161 977 283 1022 νύκτα
311 979 545 1036 γινομένην,
571 993 813 1033 quamquam
845 981 966 1021 etiam
997 981 1049 1020 ad
1081 979 1248 1032 cydiam
1278 980 1421 1020 referri
1451 983 1631 1031 possunt.

893 1095 962 1140 74.

278 1190 455 1242 Etymol.
479 1158 759 1246 Vindobncpd.
779 1188 965 1230 CLVIII:
985 1184 1129 1238 ''A‘t‘og'
1161 1185 1288 1242 ὄνομα
1318 1183 1426 1241 παρὰ
1451 1184 1691 1244 Στησιχόρῳ.

160 1257 256 1297 Fuit
284 1256 457 1297 fortasse
486 1267 632 1295 nomen
660 1256 769 1296 canis
801 1249 991 1309 (Mutus).

822 1382 890 1426 75.
922 1383 1028 1436 [92]

280 1477 449 1517 Ptolem.
491 1476 706 1529 Hephaest.
745 1488 777 1515 c.
813 1453 915 1515 120:
964 1473 1066 1527 Περὶ
1109 1472 1151 1514 δὲ
1193 1476 1272 1514 τῶν
1314 1470 1421 1526 παρὰ
1465 1471 1692 1530 Στησιχόρῳ

161 1540 411 1595 ζητουμένων
453 1536 744 1582 ἆκεσταλίων
787 1536 1014 1593 ὀρνίθων.
1057 1540 1128 1580 ubi
1167 1540 1314 1580 Roulez
1357 1535 1566 1580 ἀλκυόνων
1607 1533 1692 1592 ὄρν.

160 1609 344 1650 tentavit.

893 1698 961 1741 76.

280 1791 410 1833 Cram.
442 1791 518 1832 An.
551 1790 622 1832 Ox.
651 1791 670 1830 I
698 1791 794 1840 205,
824 1793 896 1830 11:
923 1785 1084 1840 Ἰάπτω,
1116 1785 1223 1843 παρὰ
1253 1784 1296 1830 τὸ
1328 1788 1445 1838 ἴπτω,
1476 1787 1516 1837 ἐξ
1548 1781 1597 1829 οὗ
1627 1787 1694 1829 καὶ

162 1854 223 1899 τό·
256 1855 378 1911 Μέγα
409 1852 449 1897 δ’
478 1856 579 1910 ἴψαο
610 1851 708 1896 λαὸν
734 1851 912 1908 Ἀχαιῶν.
956 1850 1217 1907 Ἀνίψαλον
1247 1854 1397 1894 παῖδα
1426 1852 1504 1906 ἔφη
1537 1849 1558 1894 ὁ
1589 1856 1692 1907 Στη-

161 1923 327 1976 σίχορος.
376 1923 435 1963 Of.
460 1923 514 1964 ib.
541 1923 734 1972 369,19;
766 1916 820 1970 ὡς
845 1918 888 1961 δὲ
912 1916 1020 1972 παρὰ
1050 1916 1093 1961 τὸ
1118 1920 1188 1969 ἴξω
1219 1919 1369 1970 ὶξαλος,
1401 1915 1537 1968 ἰξάλου
1568 1916 1692 1973 αἰγός,

161 1987 305 2029 κονίσω
337 1987 562 2038 κονίσαλος,
593 1983 694 2027 οὕτω
726 1985 794 2027 καὶ
823 1986 906 2038 ἴψω
938 1986 1100 2036 ἴψαλος,
1135 1978 1208 2037 ἀφ’
1244 1978 1293 2026 οὗ
1325 1980 1432 2037 παρὰ
1463 1982 1690 2040 Στησιχόρῳ

160 2047 362 2105 άνίψαλον
379 2053 504 2093 παῖδα
522 2048 591 2093 τὸν
609 2048 776 2105 ἀβλαβῆ.
808 2052 914 2103 quod
939 2052 1213 2092 testimonium
1239 2051 1338 2092 satis
1363 2052 1500 2090 tuetur
1527 2050 1692 2101 scriptu-

162 2132 250 2159 ram
280 2114 496 2170 ἆνίψαλον,
530 2118 636 2169 quod
667 2119 767 2158 alias
799 2113 1020 2168 ἆνίψαλλον
1050 2118 1115 2158 vel
1146 2113 1350 2168 ἆνίψανον
1382 2117 1581 2165 scribitur,
1613 2117 1691 2156 vid.

162 2185 297 2235 Etym.
328 2185 380 2224 M.
412 2198 449 2235 p.
485 2186 582 2233 110,
614 2185 689 2223 46:
728 2179 1017 2233 Ἀνίψαλλον
1053 2178 1174 2236 (VbD
1204 2178 1469 2233 ἆνίψανον,
1506 2182 1693 2232 quemad-

162 2249 324 2288 modum
356 2249 478 2288 etiam
508 2243 771 2302 Hesychius)·
809 2243 878 2288 τὸν
914 2243 1071 2300 ἀβλαβῆ
1103 2280 1112 2289 .
1145 2280 1153 2288 .
1186 2277 1195 2287 .
1228 2279 1236 2287 .
1268 2243 1544 2299 ἀδιάφθορον,
1581 2246 1623 2287 οἱ
1650 2243 1693 2286 δὲ

161 2309 314 2366 ἡλικίας
343 2309 464 2362 τάξιν.
778 2326 784 2332 “

823 2412 892 2455 77.
923 2412 1030 2466 [83.]

282 2504 427 2543 Athen.
455 2503 490 2541 V
521 2503 671 2543 180E:
703 2505 831 2543 Καλεῐ
856 2500 899 2543 δὲ
930 2503 1170 2556 Στησίχορος
1200 2499 1272 2555 μὲν
1302 2498 1374 2554 τὴν
1406 2503 1582 2541 Μοῦσαν
1612 2496 1694 2551 ἆρ-

151 2557 461 2622 ’χεσίμολποκ
504 2567 563 2608 Cf.
594 2568 708 2608 Eust.
743 2569 869 2618 1480,
895 2571 963 2609 22.

896 2683 964 2727 78.

284 2776 418 2827 Etym.
450 2776 553 2816 Gud.
585 2777 660 2824 89,
693 2777 768 2815 31:
806 2771 1080 2827 Ἄτερπνος·
1126 2771 1250 2823 οὕτως
1287 2769 1308 2814 ὁ
1345 2770 1546 2827 ἄγρυπνος
1588 2768 1694 2825 παρὰ

159 2837 376 2895 Ῥηγίνοις,
408 2836 460 2889 ὥς
490 2839 557 2891 καὶ
586 2836 692 2892 παρὰ
720 2835 859 2894 Ἰβύκῳ
891 2837 958 2879 καὶ
982 2836 1221 2895 Στησιχόρῳ.
1261 2840 1321 2880 Cf.
1347 2839 1478 2879 Cram.
1503 2839 1579 2878 An.
1606 2839 1694 2878 Par.

167 2906 225 2946 IV
252 2909 320 2958 61,
346 2909 415 2948 22.
446 2907 580 2959 Essym.
606 2907 658 2947 M.
687 2907 784 2955 163,
810 2907 835 2946 8
862 2907 945 2947 not.

1705 308 1774 341 9⁰3
