1864 3126
0 444 18 632 g

0 953 15 1075 {-

0 1444 10 1483 ξ

759 121 1034 160 SIMONIDES.
1571 120 1659 163 515

245 238 340 280 Alia
351 238 470 291 plane
482 238 620 290 abieci,
632 250 726 278 nani
739 236 864 288 epigr.
880 236 1044 276 Anthol.
1058 235 1115 286 P„
1128 236 1234 287 quod
1247 238 1340 286 post
1352 234 1409 275 XI
1424 236 1449 275 9
1469 235 1660 275 iteratum

125 303 358 357 Σιμωνίδου
384 304 619 346 inscribitur
640 298 708 357 (cf.
732 302 877 342 Iriarte
903 315 940 352 p.
962 296 1050 355 93),
1071 304 1191 341 antea
1209 301 1246 340 V
1271 303 1348 341 161
1367 301 1403 340 Α
1428 299 1661 340 inscribitur

119 363 310 419 Ἡδύλου,
341 370 384 411 οἵ
410 367 455 410 δὲ
480 364 790 421 Ἀσκληπιάδου
823 366 931 406 haud
955 366 1076 405 dubie
1096 365 1342 415 Ascchiadis
1368 368 1440 417 est,
1465 366 1535 417 qui
1560 365 1659 404 alias

125 436 168 475 et
198 434 391 475 Boedium
428 435 680 475 meretricem
717 428 774 487 (V
808 426 912 486 159)
951 433 992 470 et
1029 430 1318 482 cleophontem
1355 427 1412 485 (V
1448 427 1551 484 153)
1581 443 1661 470 me-

126 502 272 540 morat.
310 522 364 529 -
403 501 556 541 Deinde
593 499 717 540 Anth.
749 499 793 538 P.
825 498 906 537 VII
946 499 1028 537 187
1068 498 1138 537 τοῦ
1176 492 1299 537 αὐτοῦ
1336 497 1361 536 i.
1393 510 1427 538 e.
1460 496 1662 536 Φιλίππου

125 564 169 604 in
198 565 284 606 cod.
310 565 342 605 P
367 565 611 616 inscribitur,
643 567 685 604 et
714 564 820 603 infra
850 565 1010 603 tantum
1035 563 1104 602 ubi
1131 562 1328 613 repetitur
1352 563 1445 613 post
1469 561 1549 600 VII
1575 563 1660 601 349

124 629 316 671 Simonidi
358 626 427 685 (cf.
465 633 516 672 ad
553 631 702 671 Simon.
741 643 801 681 ep.
837 622 961 682 110),
999 628 1042 667 iii
1083 627 1291 667 Planudea
1332 639 1428 667 vero
1464 627 1670 667 Leonidae

125 694 335 749 tribuitur3
368 696 582 738 eholiambi
610 696 664 736 ib.
694 695 775 735 VH
802 695 886 735 345
912 693 965 732 ad
996 693 1239 734 Simonidem
1270 693 1400 734 relati.
1413 691 1664 732 Aeschrionis

127 763 233 802 sunt.
273 782 325 790 —-
364 762 487 802 Anth.
519 762 565 803 P.
595 761 652 801 IX
692 763 774 801 147
813 759 1040 809 Antaqorae
1082 761 1163 807 est,
1200 761 1242 798 et
1280 759 1323 798 in
1361 759 1473 798 Plan.
1505 760 1664 798 tantum

125 825 358 878 Σιμωνίδου
388 827 633 868 inscribitur.
667 847 719 854 --
752 826 879 866 Porro
910 825 1034 864 Anth.
1067 824 1179 863 Plan.
1213 826 1320 874 204,
1352 824 1459 875 quod
1489 823 1664 876 Σιμωνί-

126 889 202 932 δον
233 890 476 943 inscribitur,
506 892 641 944 potius
671 891 883 932 Praxitelis
913 892 988 941 est,
1018 890 1098 930 vid.
1124 890 1271 930 Athen.
1296 889 1395 929 XIII
1422 890 1506 930 591
1524 890 1559 927 A
1589 889 1664 928 ita-

129 969 207 1007 que
244 967 368 1008 supra
411 958 592 1007 exhibui,
636 955 971 1009 quemadmodum
1015 955 1124 995 aliud
1167 968 1229 1006 ap.
1270 955 1381 995 Stob.
1419 955 1505 994 Ecl.
1542 952 1664 1005 Phys.

126 1021 147 1061 1
178 1024 217 1074 9,
251 1024 305 1063 16
350 1024 455 1063 male
499 1023 683 1063 adhaesit
725 1021 938 1062 Simonidis
983 1021 1282 1071 epigrammati,
1321 1033 1411 1060 cum
1449 1019 1666 1069 Ayathonis

127 1087 192 1127 sit.
224 1108 280 1116 —-
323 1088 585 1140 Epigramma.
621 1083 840 1128 ἀδέσποτον
877 1080 955 1140 (ita
984 1098 1035 1124 m.
1069 1080 1120 1139 e.)
1157 1086 1199 1125 in
1236 1086 1360 1125 Anth.
1393 1086 1437 1125 P.
1467 1085 1546 1124 VII
1579 1086 1663 1124 306
1688 1128 1694 1131 A

127 1147 250 1207 (adde
280 1152 388 1194 Plut.
420 1154 613 1194 Themist.
645 1166 676 1194 c.
707 1154 733 1193 1.
772 1152 918 1191 Athen.
948 1150 1050 1189 VIII
1088 1152 1173 1192 576
1217 1147 1267 1205 O)
1304 1153 1346 1190 iii
1384 1151 1665 1190 Themistoclis

130 1220 302 1258 matrem
339 1217 615 1260 Schneidewin
659 1213 856 1258 Simonidi
897 1216 1059 1266 tribuit,
1105 1217 1211 1267 quod
1253 1229 1417 1268 prorsus
1457 1218 1664 1256 incertum.

130 1302 187 1310 —
218 1283 391 1333 Versus,
435 1285 504 1335 qui
548 1284 591 1323 in
632 1283 768 1334 Etym.
799 1282 852 1321 M.
883 1295 922 1332 p.
956 1283 1060 1334 135,
1094 1283 1150 1322 30
1193 1283 1317 1334 vulgo
1359 1282 1553 1322 Simonidi
1594 1280 1667 1320 tri-

126 1347 281 1398 buitur,
324 1362 443 1399 quem
485 1348 760 1389 Schneidewin
803 1347 855 1386 ad
891 1347 1099 1386 Simmiam
1135 1348 1292 1398 retulit,
1335 1347 1475 1396 Simyli
1519 1347 1666 1397 elegio-

128 1412 275 1463 graphi
305 1415 368 1453 est
400 1408 469 1468 (de
500 1427 578 1464 quo
610 1414 688 1454 vid.
719 1413 828 1451 Plut.
859 1412 1017 1452 Romul.
1049 1425 1080 1452 c.
1116 1408 1190 1466 17)
1231 1415 1277 1452 ut
1307 1413 1419 1453 codd.
1450 1415 1666 1462 testantur,

129 1479 271 1528 estque
302 1478 359 1517 sic
391 1478 642 1519 scribendus:
674 1473 840 1517 Μύσιον
870 1473 1051 1518 ἆπύοντα
1077 1473 1296 1532 (ἦπύοντα)
1322 1474 1430 1531 παρὰ
1461 1472 1559 1532 ῥόον
1578 1474 1667 1530 Ἀρ-

131 1538 356 1596 γανθῶνης.
420 1543 596 1596 Simylus
628 1544 726 1583 haec
757 1543 806 1582 de
837 1542 1012 1583 Hercule
1036 1543 1187 1594 Hylam
1217 1557 1242 1584 a
1274 1545 1474 1596 Nymphis
1505 1546 1667 1595 raptum

128 1610 346 1658 quaerente
377 1608 538 1649 videtur
569 1609 735 1649 dixisse:
766 1621 860 1648 nam
892 1610 954 1648 cui
983 1621 1062 1648 non
1092 1610 1217 1650 dictus
1247 1610 1378 1659 Hylas
1400 1611 1535 1659 puer?

165 1710 169 1714 .
249 1672 398 1713 Contra
435 1677 621 1725 poteram
659 1675 740 1714 alia
777 1675 1070 1725 epigrammata
1106 1675 1298 1725 adespota
1336 1675 1387 1714 ad
1425 1674 1667 1714 Simonidem

132 1750 336 1790 revocare,
377 1740 447 1779 sed
486 1740 598 1780 nolui
635 1740 754 1779 nimis
797 1738 961 1778 incertis
1001 1740 1240 1779 coniecturis
1283 1740 1512 1791 indulgere:
1556 1741 1669 1780 velut

130 1803 223 1844 huic
252 1807 408 1856 poetae,
439 1818 530 1845 cum
560 1808 654 1858 post
677 1806 875 1845 Medicum
900 1804 1054 1844 bellum
1077 1805 1253 1856 plurima
1277 1805 1318 1844 in
1343 1805 1517 1856 gratiam
1542 1805 1669 1845 Athe-

130 1870 329 1910 niensium
360 1872 630 1922 composuerit
660 1871 963 1922 epigrammata,
994 1870 1151 1910 tribuat
1181 1870 1326 1922 aliquis
1359 1870 1466 1922 quod
1491 1871 1669 1911 servavit

130 1935 326 1987 Harpocr.
356 1932 457 1989 πρὸς
485 1938 531 1991 τῇ
561 1935 698 1977 πυλίδι
721 1931 887 1989 Ἑρμκῆς·

344 2025 574 2084 Ἀρξοὶμενοι
603 2032 750 2084 πρῶτοι
780 2029 956 2083 τειχίζειν
985 2025 1093 2070 τόνδ’
1130 2025 1335 2083 ἀνέθηκαν

415 2097 565 2149 βουλῆς
594 2093 662 2136 καὶ
693 2090 824 2148 δήμου
857 2090 1025 2148 δόγμασι
1055 2091 1298 2148 πευθόμενοι.

134 2192 205 2231 sed
234 2193 356 2231 tenue
386 2192 651 2242 poematium,
682 2203 810 2242 neque
842 2190 948 2230 claro
980 2192 1073 2232 vate
1104 2191 1284 2242 dignum.

139 2308 402 2357 ἐστεφανώθη.
448 2311 589 2347 Santen
621 2309 784 2347 coniecit
815 2306 1032 2357 Ὀλύμπια
1064 2310 1136 2352 δὶς
1167 2308 1433 2358 στεφανῶθην.
1475 2331 1518 2337 -—
1557 2310 1601 2347 V.
1634 2316 1668 2347 3.

134 2358 243 2395 codd.
268 2359 426 2403 utroque
452 2358 534 2394 loco
559 2354 810 2403 ἄριστόδημος
833 2355 982 2440 &gaude
1007 2354 1132 2399 ἄλεῖος
1157 2357 1294 2403 πάλαι,
1320 2358 1392 2394 nisi
1417 2358 1518 2404 quod
1543 2357 1666 2405 priore

134 2405 159 2442 1.
185 2404 443 2452 ἄριστοδάμας
468 2404 679 2450 ACE(SF1),
704 2402 809 2445 ἅλιος
833 2404 860 2441 C
897 2404 1008 2451 (sm).
1059 2405 1226 2442 Correxit
1252 2406 1430 2452 Scaliger.
1475 2406 1553 2441 Iam
1580 2417 1667 2442 vero

136 2453 396 2489 Aristodemus
428 2453 489 2499 (de
522 2463 595 2497 quo
626 2452 770 2488 Krause
802 2451 980 2506 Olympia
1009 2456 1079 2489 250
1100 2464 1175 2499 seq.
1207 2465 1281 2490 non
1312 2455 1414 2490 recte
1446 2452 1667 2499 disputavit)

140 2511 212 2537 sec.
238 2500 443 2537 Eusebium
467 2500 571 2535 lucta
595 2499 687 2535 vicit
712 2498 908 2545 Olympiae
935 2498 991 2536 Ol.
1019 2503 1076 2543 98,
1102 2501 1307 2546 eademque
1334 2501 1459 2537 aetate
1482 2500 1670 2537 Daedalus

135 2546 318 2584 Patroclis
343 2548 442 2584 filius
467 2546 593 2583 floruit
617 2546 678 2592 (cf.
698 2546 826 2582 Brunn
850 2547 948 2583 Hist.
967 2547 1162 2583 Artificum
1181 2548 1198 2583 1
1217 2551 1314 2593 278),
1340 2547 1469 2593 itaque
1495 2548 1566 2583 hoc
1592 2547 1669 2593 epi-

74 2606 76 2608 *
137 2606 308 2642 gramma
327 2594 510 2632 Simonidi
529 2592 680 2630 omnino
700 2592 1002 2630 abiudicandum.
1046 2593 1177 2631 Iacobs
1198 2594 1382 2632 Simonidi
1403 2595 1550 2639 minori,
1577 2595 1669 2630 Har-

138 2647 234 2689 tung
257 2642 435 2679 Simmiae
459 2642 624 2679 tribuere
650 2640 791 2685 voluit;
822 2640 917 2677 mihi
947 2641 1237 2688 Hephaestionis
1261 2654 1363 2679 error
1388 2642 1541 2678 subesse
1565 2641 1669 2678 vide-

138 2690 216 2727 tur:
240 2690 399 2727 fortasse
413 2688 622 2726 Simonides
642 2687 788 2735 saepius
805 2687 845 2724 in
864 2688 940 2724 suis
959 2689 1240 2735 epigrammatis
1255 2689 1415 2726 disticho
1436 2689 1672 2726 subiunxerit

138 2736 351 2774 trimetrum
375 2737 589 2782 iambicum,
614 2737 657 2772 ut
679 2735 773 2772 haec
797 2734 964 2781 poemati
988 2734 1109 2771 forma
1127 2738 1379 2783 Σιμωνίδειον
1405 2736 1571 2783 potuerit
1588 2736 1669 2773 iure

49 2815 58 2822 .
137 2784 276 2830 vocari,
302 2787 341 2822 et
365 2795 449 2821 cum
474 2784 566 2821 artis
590 2782 762 2831 magistri
781 2781 944 2829 exempli
962 2781 1044 2819 loco
1063 2783 1135 2820 hoc
1154 2784 1278 2830 ipsum
1298 2784 1543 2839 epigramma,
1560 2784 1670 2839 ·quod

140 2841 165 2874 a
188 2831 379 2916 Sim-{mide
411 2831 575 2870 alienum
613 2832 681 2876 est,
712 2829 981 2876 adhibuissent,
1012 2829 1078 2866 ille
1110 2834 1251 2869 temere
1281 2831 1356 2879 ipsi
1387 2831 1571 2868 Simonidi
1601 2831 1669 2868 ad-

138 2889 270 2926 scripsi
289 2907 298 2916 .

1308 2940 1383 2976 33*

1693 1341 1783 1382 1186
