1864 3126
829 137 1043 175 ALCMAN.
1642 140 1698 181 29

162 249 226 290 Ex
262 250 328 299 iis,
371 262 469 301 quos
507 252 706 300 recenset,
744 250 1045 300 Enarsplmrus,
1077 251 1239 296 Sebrns,
1271 253 1490 297 Enteiclaees,
1524 252 1699 300 Eurytus

162 315 284 356 etiam
325 315 376 355 ab
414 315 659 367 Apollodoro
699 319 1003 366 enumerantur,
1043 316 1263 365 Lycaeum
1299 318 1350 357 ab
1389 318 1474 369 ipso
1507 316 1698 356 Alcmane

161 379 345 432 additur,
388 381 580 432 quattuor
622 382 784 421 nomina
820 382 868 421 de
907 383 1135 423 coniectura
1179 383 1472 435 redintegrata,
1510 382 1698 427 Alcimus,

161 445 354 492 Bucolus,
391 446 554 492 Scaeas,
590 445 731 495 Alcon,
777 460 874 498 quos
911 447 1181 498 Apollodorus
1226 452 1267 490 et
1309 463 1357 489 ex
1399 451 1514 500 parte
1553 448 1698 487 Pausa-

159 512 250 553 niae
293 511 545 553 testificatur.
608 513 713 552 Illud
757 513 940 564 inprimis
985 514 1261 563 memorabile,
1306 515 1355 554 ab
1400 515 1591 554 Alcmane
1636 514 1699 553 hic

163 590 231 619 eos
262 578 515 629 potissimum
547 579 763 630 recenseri,
795 592 964 629 quorum
990 580 1224 619 memoriam
1249 583 1507 620 monumenta
1537 582 1700 619 vetusta

161 642 333 695 Spartae
371 646 603 693 servarunt,
640 644 681 683 id
719 643 826 695 quod
858 643 1077 684 Pausaniae
1109 645 1225 685 docet
1256 647 1317 684 III
1353 648 1424 694 15,
1461 650 1502 684 1:
1545 643 1622 684 ἔστι
1655 642 1698 684 δὲ
1711 653 1781 687 820

159 709 228 761 τῆς
264 708 401 759 στοᾶς,
443 704 468 761 ἣ
507 704 614 761 παρὰ
652 704 721 749 τὸν
759 709 1034 749 Πλατανιστᾶν
1076 710 1302 763 πεποίηται,
1345 707 1488 763 ταύτης
1531 707 1722 750 ὄπισθεν.

159 768 292 830 ἡρῷα,
316 769 360 814 τὸ
386 771 458 827 μὲν
477 771 683 827 Ἀλκίμου,
707 770 748 814 τὸ
776 771 824 813 δὲ’
840 770 1156 828 Ἐναραιφόρου,
1187 775 1252 816 καὶ
1277 773 1497 829 ἀφεστηκὸς
1522 772 1571 816 οὐ
1596 772 1698 815 πολὺ

163 837 348 892 Δορκέως
374 835 573 894 (Δερκέως
592 836 690 894 Va)·
722 835 764 880 τὸ
797 837 839 879 δὲ
871 839 935 880 ἐπὶ
965 838 1088 896 τούτῳ
1115 843 1290 895 Σεβροῦ·
1321 843 1468 890 παῖδας
1499 840 1542 880 δὲ
1565 837 1696 881 Ἵππο-

160 902 333 954 κόωντος
364 902 465 947 εἶναι
496 905 687 962 λέγουσιν.
737 901 816 946 ἀπὸ
849 904 892 945 δὲ
922 909 992 947 τοῦ
1018 906 1201 959 Δορκέως
1227 904 1351 962 (MVa
1375 903 1572 961 Δερκέως)
1604 904 1697 959 κρή-

165 987 243 1024 νην
267 967 340 1024 τὴν
363 973 531 1025 πλησίον
555 975 624 1013 τοῦ
644 967 781 1030 ἡρῴου
801 973 1014 1026 Δορκείαν,
1040 969 1082 1013 τὸ
1109 972 1152 1013 δὲ
1177 975 1321 1027 χωρίον
1342 970 1384 1014 τὸ
1413 971 1503 1027 (aut
1529 974 1698 1012 delenda

161 1037 259 1078 haec
288 1039 448 1091 vocula,
479 1043 551 1080 aut
575 1041 722 1080 excidit
746 1035 918 1094 aliquid)
951 1036 1124 1092 Σέβριον
1154 1035 1249 1094 (scr.
1269 1035 1522 1093 Σεβρεῖον)
1554 1041 1696 1079 καλοῦ-

163 1114 227 1143 σιν
257 1096 338 1144 ἆπὸ
369 1106 438 1145 τοῦ
468 1106 638 1159 Σεβροῦ.
693 1107 764 1145 τοῦ
795 1105 967 1158 Σεβρίου
1000 1103 1044 1144 δέ
1075 1103 1178 1145 ἐστιν
1210 1105 1254 1146 έν
1286 1106 1393 1162 δεξιᾷ
1425 1107 1561 1158 μνῆμα
1588 1100 1698 1144 Ἀλκ-

136 1170 306 1221 ’μᾶνος,
338 1162 370 1226 ᾧ
400 1166 608 1223 ποιήσαντι
640 1166 793 1228 ᾅσματα
825 1165 945 1210 οὐδὲν
970 1169 1009 1218 ἒς
1034 1166 1188 1223 ἡδονὴν
1218 1168 1350 1212 αὐτῶν
1375 1167 1595 1223 ἐλυμήνατο
1620 1172 1698 1210 τῶν

160 1229 372 1275 Λακώνων
401 1230 427 1287 ἡ
459 1238 636 1289 γλῶσσα,
672 1232 811 1290 ἥκιστα
847 1235 1092 1289 παρεχομένη
1131 1234 1174 1277 τὸ
1213 1235 1417 1289 εὔφωνον·
1454 1232 1617 1287 Ἑλένης
1654 1233 1697 1274 δὲ

158 1294 244 1352 ἱερὰ
282 1298 349 1339 καὶ
373 1294 633 1352 Ἡρακλέους,
670 1304 739 1353 τῆς
778 1299 849 1353 μὲν
886 1303 1053 1355 πλησίον
1089 1306 1160 1344 τοῦ
1197 1300 1327 1355 τάφου
1363 1304 1450 1343 τοῦ
1467 1298 1697 1353 Ἀλκμᾶνος,

157 1365 210 1420 τῷ
242 1362 286 1404 δὲ
317 1362 512 1419 ἐγγυτάτω
551 1369 622 1408 τοῦ
652 1368 821 1420 τείχους,
859 1367 902 1408 ἐν
934 1365 1039 1425 αὐτῷ
1071 1367 1114 1409 δὲ
1145 1366 1298 1423 ἄγαλμα
1323 1365 1563 1420 Ἱίρακλεόυς
1594 1364 1698 1405 ἐστὶν

161 1425 425 1483 ὡπλισμένον·
455 1428 498 1472 τὸ
530 1429 575 1471 δὲ
606 1435 735 1485 σχῆμα
765 1435 836 1473 τοῦ
867 1429 1087 1487 ἀγάλματος
1118 1431 1185 1474 διὰ
1210 1431 1282 1487 τὴν
1306 1431 1406 1487 πρὸς
1427 1427 1698 1473 Ἱπποκόωντα

158 1494 226 1536 καὶ
255 1493 349 1545 τούς
379 1498 526 1545 παῖδας
557 1494 687 1550 μάχην
711 1497 897 1551 γενέσθαι
922 1498 1113 1553 λέγουσιν.
1163 1502 1299 1552 itaque
1325 1500 1515 1551 Spartani
1539 1500 1697 1539 Alcma-

160 1562 224 1602 nis
255 1565 557 1603 monumentum
588 1576 634 1602 eo
666 1564 752 1614 ipso
785 1565 870 1605 loco
903 1569 1202 1617 exstruxerunt,
1234 1567 1298 1606 cui
1329 1567 1575 1606 adhaerebat
1599 1565 1696 1615 Hip-

162 1628 491 1679 pocoontidarum
527 1630 737 1679 memoria,
779 1645 898 1682 quam
934 1633 1054 1682 poeta
1090 1634 1165 1672 hoc
1202 1633 1376 1672 carmine
1406 1633 1696 1672 illustraverat.

157 1693 288 1733 Erant
323 1696 535 1744 praeterea
573 1695 653 1734 alia
684 1696 1096 1747 Hippocoontidarum
1131 1701 1390 1739 monumenta
1427 1698 1593 1738 seorsim
1625 1698 1697 1736 illa

158 1761 318 1813 quidem
360 1761 431 1801 sed
468 1761 576 1800 haud
612 1762 671 1801 ita
709 1764 847 1812 procul
885 1763 1060 1815 condita,
1105 1766 1183 1804 vid.
1214 1765 1332 1805 Paus.
1364 1765 1426 1803 III
1461 1766 1534 1816 14,
1567 1763 1633 1804 δι’
1657 1762 1696 1811 ἐς

155 1828 296 1867 τοῦτον
333 1821 404 1866 τὸν
441 1822 592 1879 δρόμον
632 1823 730 1867 ἰόντι
761 1823 841 1868 ἀπὸ
872 1831 942 1869 τοῦ
973 1825 1104 1881 τάφου
1135 1832 1214 1870 τῶν
1241 1827 1410 1884 Ἀγιδῶν
1442 1829 1518 1869 ἔστι
1550 1826 1621 1880 μὲν
1652 1827 1695 1868 ἕν

156 1887 338 1948 ἀριστερᾷ
369 1894 504 1944 μνῆμα
523 1887 744 1944 Εὐμήδους
774 1890 1080 1947 (Ἱπποκόωντος
1112 1893 1155 1935 δὲ
1185 1893 1252 1935 καὶ
1282 1888 1397 1944 οὗτος
1422 1891 1443 1936 ὃ
1464 1889 1695 1948 Εὐμήδης),

158 1955 236 1997 ἔστι
262 1954 304 1996 δὲ
329 1953 485 2011 ἄγαλμα
509 1953 676 2010 ἀρχαῖον
693 1954 947 2012 “Ηρακλέους,
973 1953 1004 2016 ᾧ
1029 1957 1205 2001 θύουσιν
1229 1961 1270 2001 οἷ
1292 1965 1482 2013 σφαιρεῖς.
1516 1963 1557 2000 et
1575 1962 1627 2001 ib.
1652 1963 1693 1999 7:

159 2017 258 2075 πρὸς
299 2020 341 2062 δὲ
380 2025 451 2063 τοῦ
493 2019 644 2076 δρόμου
683 2026 729 2079 τῇ
766 2021 866 2078 ἀρχῇ
903 2023 1145 2078 Διόσκουροί
1177 2025 1216 2066 τέ
1254 2027 1352 2067 εἰσιν
1387 2022 1592 2078 ἆφετήριοι
1630 2024 1694 2064 καὶ

159 2083 293 2141 ὀλίγον
323 2085 560 2141 προελθόντι
589 2084 724 2145 ἡρῷον
745 2087 964 2141 Ἄλκωνος·
993 2089 1063 2133 τὸν
1088 2091 1132 2132 δὲ
1153 2090 1335 2133 ’Ἄλκωνα
1359 2091 1540 2146 λέγουσιν
1559 2088 1705 2131 ‘Imm-

159 2150 334 2202 κόωντος
363 2154 489 2194 παῖδα
513 2149 630 2194 εἶναι·
662 2151 769 2208 παρᾶ
795 2153 839 2195 δὲ
860 2153 1060 2206 ’Ἁλκωνος
1083 2154 1125 2198 τὸ
1152 2154 1285 2215 ἡρῷον
1310 2153 1564 2204 Ποσειδῶνός
1592 2155 1694 2196 ἔστιν

156 2215 285 2271 ἱερόν,
317 2219 537 2272 δωματίτην
568 2218 612 2260 δὲ
643 2216 967 2275 ἐπονομάζουσιν.

278 2309 336 2348 Ut
366 2322 469 2360 quae
500 2311 674 2353 conditio
707 2312 760 2351 sit
790 2313 954 2353 chartae
986 2313 1144 2364 planius
1185 2314 1370 2364 cognosci
1408 2314 1536 2363 possit
1572 2314 1692 2362 atque

156 2373 368 2414 universae
399 2375 609 2429 reliquiae,
631 2376 816 2417 carminis
847 2378 1032 2418 Alcmani
1068 2379 1109 2418 in
1147 2379 1277 2417 medio
1314 2381 1532 2430 ponantur,
1571 2379 1692 2417 etiam

157 2451 246 2489 eae,
272 2453 372 2491 quas
403 2440 510 2480 infra
540 2444 721 2492 repetere
739 2444 883 2494 -nolui,
919 2445 1108 2495 quoniam
1144 2445 1263 2483 nimis
1300 2444 1467 2484 mutilae
1506 2457 1551 2483 ac
1588 2445 1692 2483 male

156 2505 318 2545 habitae
351 2507 456 2556 sunt,
489 2507 640 2547 subieci
670 2511 928 2561 apographon
953 2511 1005 2549 ad
1031 2510 1255 2560 exemplum
1279 2510 1508 2549 Pax-isinum
1540 2510 1693 2560 quanta

158 2571 273 2620 potui
304 2585 400 2612 cura
430 2574 472 2612 et
501 2574 696 2624 religione
726 2575 890 2627 factum,
916 2576 985 2615 sed
1018 2576 1233 2615 tenendum
1259 2578 1334 2625 est,
1358 2576 1505 2615 multas
1532 2576 1691 2614 litteras

157 2632 371 2688 ambiguas
403 2639 444 2677 et
482 2639 671 2678 obscuras
711 2652 817 2680 esee:
855 2655 930 2693 ego
970 2641 1140 2691 singulis
1178 2641 1274 2680 locis
1313 2640 1354 2679 id
1393 2642 1552 2679 secutus
1591 2652 1692 2689 sum,

157 2703 205 2740 ut
234 2713 322 2741 eam
354 2703 527 2754 speciem
566 2704 794 2745 litterarum
833 2706 1080 2756 exhiberem,
1118 2718 1220 2756 quae
1258 2705 1307 2743 ad
1348 2706 1518 2755 exempli
1555 2705 1690 2744 simili-

158 2766 339 2806 tudinem
382 2769 561 2819 proxime
607 2770 823 2810 accederet.
885 2771 1047 2810 Tertiae
1090 2774 1225 2810 autem
1270 2771 1441 2821 paginae
1486 2771 1690 2822 integrum

157 2834 418 2885 apographon
454 2848 478 2874 a
501 2835 671 2887 ‚Blassio
712 2837 937 2876 confectum
980 2836 1151 2875 exhibui.
1215 2834 1465 2886 [Scripturae
1508 2848 1607 2887 quas
1651 2837 1691 2875 in

158 2898 297 2939 charta
327 2902 463 2940 extare
488 2900 605 2941 Blass
637 2902 812 2941 testatur
843 2903 966 2942 etiam
998 2902 1039 2941 in
1065 2914 1154 2954 pag.
1176 2901 1196 2940 I
1216 2904 1257 2941 et
1276 2901 1316 2940 11
1348 2905 1532 2953 receptae
1564 2900 1687 2952 sunt]
