1864 3126
792 151 833 188 SI
839 151 1068 189 MONIDES.
1606 153 1689 195 461

885 262 979 305 106.

254 342 406 388 Τῶνδὲ
437 341 535 389 ποτ’
571 343 620 387 ἐν
652 341 876 399 στέρνοισι
908 342 1244 402 τανυγλώχινας
1276 341 1457 396 ὀϊστούς

312 417 476 459 λοῦσεν
507 418 723 473 φοινίσσᾳ
753 416 927 472 θοῦρος
946 413 1082 473 ’Ἁρης
1113 414 1301 470 ψακάδι,

252 483 353 530 ἀντὶ
386 483 429 530 δ’
464 483 781 530 ἀκοντοδόκων
813 482 996 543 ἀνδρῶν
1028 494 1221 544 μνημεῖα
1251 485 1495 531 θανόντων
1603 499 1692 531 1154

311 555 446 615 ἅψυχ’
483 556 694 615 ἐμψύχων
725 554 807 601 ἅδε
838 556 1025 601 κέκευθε
1055 557 1192 611 κόνις.

792 678 1058 732 107.[167]

244 757 425 804 Ἑλλάδι
456 759 529 804 καὶ
564 761 851 820 Μεγαρεῦσιν
884 758 1128 818 ἐλεύθερον
1161 754 1280 818 ἆμαρ
1313 759 1458 814 ἀέξειν

253 914 379 961 Epigr.
410 919 488 950 106.
546 915 698 952 Anthol.
732 916 810 952 Pal.
845 914 912 950 V11
944 918 1031 950 443:
1065 925 1157 951 corr.
1190 915 1426 969 Σιμωνίδου·
1461 914 1488 950 C
1521 914 1575 956 εἰς
1605 913 1694 956 τοὺς

157 960 347 1004 πεσόντας
378 976 455 1008 παρ
488 959 749 1008 εὐρυμέδοντα
782 960 955 1009 ποταμὸν
989 961 1155 1008 ἓλληνας.
1206 962 1389 998 Disseruit
1426 962 1472 997 de
1511 963 1581 997 hoc
1613 974 1694 999 car-

157 1010 256 1046 mine
287 1009 436 1046 Becker
466 1010 482 1045 I
514 1013 595 1046 224.
636 1010 669 1045 lI
701 1015 782 1047 291.
834 1009 1082 1047 Schneiderus
1115 1009 1399 1046 demonstrativi
1430 1009 1578 1056 generis
1610 1021 1691 1046 esse

154 1057 396 1101 existimavit,
422 1057 522 1102 quod
548 1058 595 1093 ab
622 1057 751 1104 inepto
775 1059 924 1094 rhetore
945 1058 995 1092 sit
1013 1057 1154 1102 fictum,
1175 1056 1437 1093 Schneidewin
1457 1057 1692 1094 abiudicavit

155 1104 356 1148 Simonidi,
388 1105 566 1151 quoniam
598 1117 656 1141 res
689 1106 736 1142 ad
768 1105 1086 1150 Eurymedontem
1118 1107 1247 1149 gestae
1280 1104 1356 1140 sint
1385 1108 1500 1151 poeta
1524 1105 1601 1141 iam
1626 1105 1689 1146 de-

153 1153 295 1197 functo,
319 1152 467 1188 Hecker
490 1154 627 1198 tuetur,
653 1164 802 1191 carmen
827 1153 889 1188 vel
915 1151 1076 1188 maxime
1109 1151 1299 1188 Simonide
1326 1152 1483 1198 dignum
1507 1152 1692 1189 iudicans.

154 1200 226 1236 Hic
256 1210 405 1246 quoque
435 1200 636 1246 incertum,
670 1212 766 1247 quae
797 1200 888 1236 fides
922 1200 972 1235 sit
1003 1199 1191 1236 lemmatis
1223 1199 1304 1236 cod.
1336 1199 1382 1244 P,
1416 1211 1504 1235 nam
1537 1199 1577 1235 in
1608 1200 1690 1246 ipso

154 1247 345 1294 poematio
376 1247 471 1283 nihil
502 1247 616 1293 inest,
650 1249 752 1294 quod
782 1259 947 1295 pugnam
980 1247 1029 1283 ad
1060 1246 1379 1293 Eurymedontem
1404 1247 1692 1294 intelligendam

152 1306 233 1332 esse
265 1294 432 1331 suadeat.
484 1295 524 1331 Si
555 1296 788 1342 epigramma
822 1296 862 1331 in
892 1294 1047 1340 antiquo
1078 1295 1299 1341 anthologio
1332 1295 1509 1331 lemmate
1542 1296 1695 1332 carebat

153 1344 192 1379 et
222 1343 472 1389 praecedebat
502 1342 581 1379 sive
613 1355 671 1389 ep.
707 1348 773 1380 105
807 1343 884 1379 sive
919 1346 1004 1386 142,
1037 1342 1097 1378 vel
1128 1343 1344 1388 utrumque,
1376 1342 1534 1388 proclivi
1567 1354 1690 1379 errore

152 1391 303 1436 poterat
326 1388 502 1426 librarius
527 1390 663 1427 iterare
689 1390 941 1427 summarium.
986 1389 1118 1435 Neque
1143 1390 1263 1426 audeo
1290 1401 1452 1435 carmen,
1472 1390 1574 1435 quod
1592 1402 1686 1436 quas

153 1448 211 1474 res
223 1438 348 1492 gestas
362 1439 507 1483 spectet
525 1448 674 1483 prorsus
701 1438 928 1485 ignoramus,
955 1436 1138 1472 Simonidi
1162 1437 1396 1474 abiudicare:
1422 1437 1583 1474 alterum
1603 1450 1690 1474 sane

153 1485 340 1521 distichon
359 1484 515 1530 argutiis
534 1483 693 1538 insigne,
721 1486 787 1522 sed
801 1485 974 1522 versatile
1001 1486 1135 1530 poetae
1156 1485 1346 1531 ingenium
1356 1484 1496 1531 ubique
1509 1485 1689 1522 asciscere

154 1533 251 1569 solet
275 1532 455 1568 orationis
480 1532 583 1568 filum
609 1534 785 1570 lustituto
810 1533 1033 1569 conveniens
1059 1531 1256 1577 variamus
1281 1544 1348 1579 pro
1374 1532 1527 1578 ingenio
1548 1544 1687 1578 eorum,

152 1580 288 1626 quibus
307 1582 485 1625 poemata
503 1580 716 1616 destinavit.
737 1602 775 1607 —
798 1581 841 1617 V.
859 1585 889 1616 1.
910 1577 997 1615 ποτ’
1026 1576 1068 1615 ἐν
1088 1580 1271 1624 Meineke,
1297 1580 1495 1627 legebatur
1513 1579 1617 1618 ποτε.
1642 1602 1683 1606 -

152 1627 431 1674 τανυχλώχινας
456 1627 485 1662 Ρ
511 1640 559 1663 111.
586 1641 616 1664 s.
643 1630 682 1664 et
706 1628 850 1671 Iacobs,
877 1627 991 1674 vulgo
1016 1630 1308 1673 τανυγλωχῖνας.
1323 1649 1367 1654 -
1389 1627 1433 1664 V.
1449 1632 1480 1664 2.
1498 1629 1689 1678 φοινίσσᾳ,

152 1675 411 1733 Ριφοίνίσσαι.
439 1695 482 1701 -
511 1673 661 1721 ψακάδι
687 1676 715 1734 {a
740 1688 785 1712 ex
810 1687 902 1712 corr.
929 1688 978 1711 m.
1005 1686 1047 1730 ⁸2⁹
1077 1674 1151 1732 fuit
1175 1672 1351 1721 ψακάδα)
1386 1675 1467 1712 cod.
1495 1676 1597 1730 Pnal„
1622 1684 1690 1721 ψε-

153 1723 244 1759 καδι
276 1722 434 1759 Brunck.
469 1743 513 1749 —-
548 1723 590 1759 V.
618 1728 650 1759 3.
677 1723 774 1768 αντὶ,
809 1723 956 1760 Hecker
982 1723 1072 1759 olim
1099 1735 1194 1767 ουτι,
1224 1723 1324 1768 quod
1355 1725 1489 1770 postea
1520 1734 1600 1770 lpse
1626 1724 1691 1760 ab·

151 1769 252 1806 iecit.
291 1791 334 1796 —
374 1775 557 1817 μνημεῐα,
600 1771 687 1807 fort.
725 1775 902 1826 μναμεῖα.
942 1791 986 1797 -
1025 1766 1296 1806 ἀκοντοδόκων
1337 1771 1431 1807 alias
1476 1782 1549 1807 non
1594 1771 1688 1818 legi-

152 1821 230 1854 tur:
263 1819 361 1854 huuc
392 1818 516 1864 ipsum
551 1829 699 1854 versum
732 1830 866 1865 opinor
896 1829 991 1864 resp.
1017 1818 1079 1853 Et.
1106 1817 1157 1852 M.
1185 1822 1248 1863 50,
1273 1821 1318 1854 55
1351 1830 1581 1864 quamquam
1615 1830 1691 1855 non

154 1866 254 1902 recte
287 1862 308 1901 ὁ
347 1862 556 1911 ἐπιτηρῶν,
587 1864 639 1912 μή
670 1879 743 1902 που
774 1863 938 1913 ἀκοντίῳ
965 1865 1087 1914 βληθῇ
1115 1865 1400 1923 interpretatur²
1431 1877 1521 1902 nam
1553 1867 1611 1902 est
1635 1867 1693 1903 vir

152 1913 272 1958 fortis,
299 1912 364 1958 qui
389 1912 550 1949 telorum
575 1914 672 1950 ictus
698 1914 867 1960 excipere
893 1924 968 1949 non
987 1912 1146 1949 dubitat.
1176 1934 1214 1939 —-
1245 1913 1289 1949 V.
1309 1918 1343 1950 4.
1369 1915 1459 1958 αδε,
1485 1914 1514 1949 Ρ
1540 1908 1623 1950 ἆδε.
1650 1934 1687 1940 ——

152 1960 261 1996 Hunc
299 1971 447 1996 versum
478 1960 717 1997 subditicium
750 1963 880 1998 censet
917 1961 1048 1997 Iacobs
1086 1960 1237 2005 iniuria,
1271 1961 1558 2007 μνημεῖα-1111111
1585 1962 1688 1998 aliud

150 2009 207 2044 est
231 2019 346 2052 quam
369 2008 547 2052 λείψανα,
580 2007 723 2045 cineres
749 2010 788 2045 et
813 2019 932 2052 ossae,
958 2019 1054 2054 quae
1079 2010 1193 2054 poeta
1224 2006 1356 2054 ἄψυχα
1382 2008 1486 2053 dicit,
1521 2011 1688 2045 mortuos

151 2055 252 2101 ipsos
279 2052 483 2102 ἐμψύχους,
511 2056 814 2102 quandoquidem
840 2056 912 2093 viri
937 2056 1051 2092 fortes
1077 2055 1193 2092 etiam
1251 2060 1311 2092 ost
1342 2058 1501 2092 mortem
1535 2058 1689 2093 aeterna¹

153 2102 284 2149 vigent
313 2103 502 2140 memoria.
561 2103 750 2140 Antitheti
781 2104 900 2150 figura
937 2103 1027 2139 satis
1065 2105 1191 2139 t'uetur
1244 2101 1416 2150 μψύχων,
1454 2104 1500 2140 cf.
1535 2104 1688 2140 Aristot.

151 2150 260 2187 Rhet.
285 2150 336 2186 111
366 2155 408 2187 10
434 2149 725 2193 κινδυνεύοντος
750 2149 822 2198 γὰρ
848 2147 967 2187 αὐτοῦ
994 2148 1157 2187 ἱκετεύει
1181 2149 1204 2196 ἡ
1232 2149 1365 2196 εἰκών,
1391 2148 1433 2187 τὸ
1461 2148 1614 2197 ἄψυχον
1641 2149 1688 2196 δὴ

154 2195 335 2243 ἔμψυχον,
360 2195 403 2233 τὸ
422 2195 629 2245 ὑπόμνημα
649 2200 723 2235 τῶν
743 2200 810 2245 τῆς
828 2197 972 2239 πόλεως
999 2197 1130 2244 ἔργων.
1167 2199 1321 2235 Frustra
1346 2199 1438 2235 haec
1465 2199 1688 2235 coniecturis

155 2246 413 2289 tentaverunt,
462 2245 566 2281 velut
602 2246 763 2283 coniecit
802 2246 975 2282 Meineke
1013 2243 1134 2291 ἅψυχ’
1175 2243 1372 2292 εὖψύχων,
1410 2246 1558 2282 Hecker
1598 2245 1687 2281 olim

154 2288 277 2337 ἄψυχ’
306 2289 536 2338 ἒμψυχῶντ’,
563 2293 735 2340 Hartung
759 2290 882 2339 α”ψυχ’
910 2290 1071 2339 ἀψύχων
1096 2290 1210 2329 τάνδε
1233 2290 1522 2330 κέκευθεκόνιν.
1574 2293 1689 2330 Deni-

157 2350 229 2384 que
255 2338 401 2375 Hecker
425 2341 558 2385 postea
581 2341 778 2387 proposuit
802 2338 925 2387 ἅψυχ’
960 2338 1139 2387 ἐμψύχων
1164 2337 1233 2377 ἅδε
1261 2339 1489 2382 κέλευθος
1516 2339 1537 2376 ἔ
1541 2353 1587 2387 χε
1598 2354 1622 2376 ι.

245 2433 373 2480 Epigr.
403 2437 480 2471 107.
531 2434 683 2471 Boeckh
709 2435 817 2481 Corp.
843 2435 955 2471 Inscr.
982 2435 999 2470 I
1021 2439 1133 2471 1051:
1163 2433 1215 2471 Τό
1238 2433 1457 2494 ἐπίγραμμα
1476 2435 1552 2470 τῶν
1573 2432 1615 2471 ἐν
1634 2436 1684 2471 τῶ

152 2481 325 2529 Περσικῷ
357 2480 506 2530 πολέμῳ
539 2474 818 2518 ἀποθανόντων
850 2483 915 2518 καὶ
948 2481 1134 2529 κειμένων
1168 2479 1344 2518 ἐνταῦθα
1370 2481 1521 2528 ηρώων·
1547 2473 1687 2518 ἀπολό-

156 2541 275 2574 μενον
307 2527 349 2565 δὲ
382 2529 433 2575 τῷ
466 2526 587 2575 χρόνῳ
611 2525 805 2570 Ἑλλάδιος
841 2527 861 2565 ὁ
901 2527 950 2574 ἄρ
975 2528 1099 2576 ιερεὺς
1132 2527 1389 2576 &ustauhans
1414 2558 1421 2565 .
1468 2558 1474 2564 .
1503 2558 1511 2565 .
1539 2558 1546 2565 .
1575 2558 1582 2565 .
1610 2532 1686 2565 Σι-

155 2577 367 2635 μωνίδης.
400 2573 581 2612 Ἑλλάδι
619 2578 692 2612 κτλ.
751 2575 898 2623 Μέχρις
955 2574 1000 2622 φ’
1047 2574 1154 2623 ἡμῶν
1194 2576 1234 2613 δὲ
1280 2574 1302 2622 ἡ
1347 2591 1374 2613 π
1399 2580 1455 2618 λις
1497 2577 1562 2612 καὶ
1599 2578 1687 2614 ταῦ-

153 2636 221 2669 ρον
258 2621 438 2670 ἐνηγιζεν.
496 2623 697 2670 Respicere
735 2624 882 2660 videtur
911 2624 984 2660 11οο
1015 2627 1299 2661 monumentum
1326 2625 1483 2661 Pausan.
1516 2624 1531 2659 I
1558 2628 1620 2669 43,
1647 2629 1686 2661 3:

154 2670 226 2707 εἰσὶ
263 2669 306 2707 δὲ
339 2668 458 2717 τάφοι
489 2671 734 2717 Μεγαρεῦσιν
780 2668 822 2707 ἔν
859 2672 902 2719 τῇ
942 2669 1068 2708 πόλει·
1108 2672 1171 2707 καὶ
1210 2669 1276 2707 τὸν
1313 2671 1383 2718 μὲν
1421 2675 1500 2712 τοῖς
1537 2669 1687 2708 ἀποθα-

153 2719 285 2754 νοῦσιν
322 2716 505 2765 ἐποίησαν
539 2717 635 2754 κατὰ
671 2716 739 2764 τὴν
773 2715 1034 2764 ἐπιστρατείαν
1066 2719 1133 2755 τοῦ
1166 2717 1314 2764 Μήδου.
1367 2718 1500 2755 Kaibel
1531 2720 1688 2765 garruli-

154 2768 273 2802 tatem
305 2767 344 2802 et
373 2766 577 2803 dictionem
610 2778 741 2812 parum
773 2766 984 2811 elegantem
1019 2766 1198 2811 castigat,
1224 2766 1454 2812 miraturque
1480 2767 1578 2802 unde
1598 2766 1686 2803 Hel-

155 2812 278 2849 ladius
309 2812 504 2850 resciverit
536 2813 737 2850 Simonidis
768 2825 846 2850 esse
878 2812 1127 2859 epigramma,
1160 2824 1244 2849 cum
1276 2816 1411 2860 poetae
1443 2824 1579 2850 nomen
1610 2826 1684 2851 non

158 2859 271 2896 fuerit
300 2860 470 2897 additum
502 2861 657 2906 antiquo
689 2861 878 2907 exemplo3
911 2860 1067 2897 fortasse
1099 2872 1143 2896 ex
1174 2861 1316 2897 scholio
1349 2860 1572 2898 Theocriteo
1597 2861 1685 2908 (vid.

155 2906 198 2942 fr.
221 2910 303 2953 199)
328 2908 487 2945 ascitum
513 2920 594 2945 esse
618 2911 752 2955 poetae
771 2919 917 2945 nomen.
954 2907 1191 2955 Receperunt
1209 2907 1343 2954 opinor
1360 2909 1399 2945 in
1418 2908 1597 2955 ordinem,
1622 2910 1684 2956 qui
