1864 3126
203 147 289 190 358
552 145 554 149 '
764 143 954 180 ΡΟΕΤΑΕ
980 145 1157 182 MELICI.

413 339 487 387 Εἰς
516 335 584 378 τὸν
615 335 736 378 αὐτὸν
766 336 893 392 γάμον
924 342 991 379 τοῦ
1023 336 1305 392 αὐτοκράτορος
1336 338 1518 388 Λέοντος.

314 418 408 461 'Amic
440 418 511 473 τὴν
541 417 669 471 πόλιν,
700 424 866 472 πολῖται,

289 485 427 538 βροτέη
459 483 567 538 χάρις
598 482 795 538 κεχύσθω·

289 548 457 604 γαμικὸν
489 550 601 604 μέλος
634 552 843 601 δονείσθω,

292 613 456 669 δροσερὰ
487 613 585 669 κόρη
619 615 832 668 στεφέσθω.

257 691 276 721 5
322 678 618 733 Δαφνοφόρους
632 678 838 734 θαλάμους
857 683 922 723 καὶ

611 745 905 800 ροδοπλόχμους

292 813 575 863 ἓλκεσίπεπλον,
606 810 724 862 ἄναξ,
758 811 921 865 δέχνυσο

278 931 281 933 -
611 874 784 929 νύμφην.

318 940 408 983 Ἐπὶ
439 938 707 995 χρυσόπαστον
738 939 847 983 οἶκον

294 1006 415 1060 ζαθέη
447 1002 546 1060 κόρη
579 1008 740 1059 βαδίζει,

294 1071 624 1126 χαριτοβλέφαρος
658 1069 744 1123 ἄρτι

239 1149 281 1179 10
294 1140 449 1194 θαλερῷ
480 1136 555 1192 νέῳ
587 1141 783 1178 πλακεῖσα.

320 1199 557 1256 Ἱμερόφωνε
605 1199 722 1255 κόρη,
765 1201 929 1256 χρύσεον

615 1265 770 1320 ἄστρον,

298 1330 554 1388 εὖγενόφωνα
616 1332 709 1385 μέλη
766 1333 930 1387 δέχνυσο

616 1401 746 1440 ταῦτα.
799 1430 801 1432 -

317 1462 398 1504 Ἴδε
429 1467 512 1512 πῶς
542 1460 697 1504 ἅπαντα
727 1466 863 1518 χαίρει,

300 1527 419 1570 καλὸν
452 1525 504 1577 ὡς
535 1528 603 1582 ἔαρ
636 1527 678 1569 δὲ
709 1526 850 1582 λάμπει

245 1606 286 1637 15
302 1592 467 1649 λογάδος
499 1589 611 1649 γάμῳ
644 1595 826 1647 φερίστης

301 1657 392 1713 μετά
423 1656 637 1712 κυμβάλων
667 1657 895 1713 προθύμως.

327 1723 478 1765 Ἐπέων
529 1721 735 1776 ἡδυτάτων
778 1726 935 1777 ἴδμονες

622 1787 774 1843 ἄνδρες,

302 1854 346 1896 τὰ
388 1857 647 1907 ποσίκρουστα
691 1854 783 1907 μέλη
828 1856 935 1895 δεῦτε

623 1923 767 1960 τελεῖτε.

1098 423 1288 475 Νομίμως
1319 421 1438 462 Λέων
1468 420 1650 475 ποθήσας
1665 436 1671 446 ’

1011 497 1056 527 20
1070 489 1226 541 ξεναγεῐ
1249 484 1360 542 γάμῳ
1392 488 1567 535 πολίτας·
1600 492 1604 496 ’

1070 549 1180 603 ὅθεν,
1213 546 1243 592 ὦ
1274 553 1382 603 φίλοι
1412 550 1613 605 παρόντες,

1071 614 1176 669 παρὰ
1207 614 1387 657 παστάδα
1418 621 1597 671 τρυφᾶτε.

1103 683 1262 733 Εἴσιθι,
1294 686 1416 735 χαῖρε,
1448 680 1573 736 κρότει
1611 684 1701 732 ξαν-

1389 745 1536 796 θόπαις
1562 752 1704 800 φῦλον,

1071 810 1345 867 άργυρόπαστα
1375 810 1504 868 κύκλῳ
1546 811 1703 866 δώματα

1391 879 1512 931 βαῖνε.

1015 952 1058 982 25
1098 939 1256 995 Ῥοδέην
1288 940 1410 995 φύσιν
1442 940 1636 984 συνεύνου

1076 1004 1153 1062 σύ,
1170 1006 1302 1059 Λέων,
1334 1009 1623 1061 παραγκαλίζει·

1075 1069 1120 1112 τὰ
1139 1070 1273 1113 πόθου
1293 1072 1458 1126 βέλεμνα
1476 1074 1612 1114 τοίνυν
1646 1082 1736 1113 1094

1077 1134 1242 1189 ὑποδύς,
1272 1136 1394 1192 τρύγα
1424 1136 1470 1179 τὰ
1501 1142 1614 1191 μῆλα.

1095 1200 1225 1253 ΓΉλιε,
1263 1201 1502 1256 φωτοφόρον
1539 1201 1708 1258 σύζυγον

1398 1263 1520 1322 εὗρες,

1021 1344 1066 1374 30
1081 1330 1241 1387 ἀστέρας
1291 1331 1498 1385 εὖστεφέας
1546 1335 1692 1382 παῖδας

1399 1398 1580 1454 ένέγκοις.

1112 1463 1210 1517 Φέρε
1242 1462 1447 1516 λαμπάδας
1477 1465 1646 1517 κομίζων

1081 1531 1213 1582 χαρίεν
1244 1529 1357 1582 μέλος
1387 1532 1600 1583 προσοίσω·

1082 1592 1208 1649 ψόγος
1240 1592 1423 1647 οὐδαμῶς
1453 1592 1527 1648 γάρ
1557 1594 1636 1635 ἐστι

1087 1661 1273 1713 νομίμους
1303 1655 1455 1714 γάμους
1486 1661 1682 1714 λιγαίνειν.

1086 1821 1588 1830 ιιιιιιιι

227 2124 301 2171 Εἰς
331 2119 373 2162 τὸ
406 2118 563 2174 λοετρὸν
594 2118 635 2162 τὸ
668 2120 710 2162 έν
740 2124 785 2176 τῇ
816 2121 996 2175 βασιλείῳ
1029 2118 1129 2175 αὐλῇ
1154 2118 1232 2162 ὑπὸ
1259 2119 1430 2170 Λέοντος
1461 2124 1530 2162 τοῦ
1561 2116 1747 2173 αὐτοκρά-

779 2202 891 2240 τορος
922 2185 1198 2238 οἰκοδομηθὲν.

335 2264 431 2310 Ἀνά
466 2265 539 2322 τὴν
569 2267 684 2310 πόλιν
716 2270 863 2310 δονεῖτε
1097 2268 1210 2323 μέλος
1241 2266 1424 2323 ὀργάνων
1464 2270 1501 2309 τί
1528 2272 1659 2317 τοῦτο;

277 2429 282 2432 .
320 2395 509 2432 Leontis
536 2406 694 2430 carmen.
723 2400 757 2430 3.
801 2396 915 2432 Extat
940 2397 1037 2442 apud
1064 2396 1245 2441 Matrang.
1279 2399 1356 2431 564.
1409 2395 1625 2431 Inseribitur
1654 2395 1693 2430 in
1719 2395 1747 2430 B

232 2443 367 2500 ἕτερον
385 2439 659 2488 ανακρεόντιον
685 2443 750 2478 τοῦ
777 2440 894 2479 αὐτοῦ
920 2445 1123 2502 μαγίστρου
1147 2443 1298 2484 λέοντος
1323 2442 1376 2483 είς
1400 2439 1465 2478 τὸν
1491 2439 1608 2478 αυτὸν
1627 2440 1748 2499 γάμον

228 2492 294 2527 τοῦ
321 2487 469 2535 αὐτοκρ.
498 2494 554 2534 A„
580 2491 618 2525 et
643 2489 817 2525 similiter
842 2491 878 2526 in
905 2491 1059 2530 Pinace:
1086 2489 1214 2536 ἕτερον
1241 2488 1514 2535 ανακρεόντιον
1539 2490 1605 2525 τοῦ
1631 2485 1748 2524 αὐτοῦ

226 2538 280 2580 είς
304 2537 370 2574 τὸν
394 2536 517 2592 γάμον
541 2538 608 2572 τοῦ
635 2533 785 2583 αὕτοκρ.
812 2540 853 2573 Λ.
884 2559 926 2564 -
964 2538 1006 2574 V.
1035 2543 1066 2574 3.
1095 2539 1123 2573 B
1149 2540 1347 2574 δονεῖσθω.
1373 2558 1417 2563 ——
1444 2537 1487 2572 V.
1517 2540 1570 2573 12.
1595 2532 1748 2582 εὖγενό-

227 2599 338 2629 φωνα
368 2585 429 2621 vix
462 2586 664 2629 integrum,
699 2585 782 2620 fort.
816 2582 1123 2633 παρθενόφωνα,
1149 2585 1193 2621 cf.
1221 2589 1259 2628 2,
1287 2589 1331 2620 18
1357 2586 1395 2620 et
1419 2588 1458 2628 5,
1484 2589 1516 2619 2.
1543 2604 1586 2609 ·—
1620 2583 1664 2619 V.
1693 2588 1747 2619 17.

228 2635 256 2668 Β
283 2634 444 2679 ιδμονες.
472 2653 516 2658 -
541 2631 585 2667 V.
614 2636 669 2668 18.
695 2630 725 2665 Β
750 2634 920 2668 τελειται.
948 2654 991 2658 —
1025 2633 1068 2669 V.
1097 2638 1152 2668 20.
1179 2632 1255 2677 By
1235 2629 1350 2678 γάμῶ.
1381 2652 1423 2657 -
1458 2631 1498 2667 V.
1525 2635 1580 2666 23.
1607 2629 1746 2674 ξανθό-

229 2694 317 2721 παις
342 2681 475 2737 φῦλον
489 2679 663 2725 expedire
689 2691 843 2725 nequeo,
869 2680 914 2716 cf.
942 2685 975 2723 2,
997 2683 1052 2716 59.
1081 2684 1112 2724 5,
1142 2684 1183 2715 19
1210 2678 1378 2715 Piceolos
1404 2679 1676 2724 ξανθοπεδίλφ.
1704 2699 1748 2704 —-

230 2729 271 2763 V.
299 2732 356 2763 26.
382 2725 488 2762 Λέων
514 2727 555 2771 Β,
581 2726 779 2772 Matranga
804 2726 912 2764 Λέον.
960 2727 1099 2763 Deinde
1123 2727 1207 2763 fort.
1234 2726 1511 2783 παραγκαλίζου
1538 2725 1748 2771 legendum.

233 2796 273 2800 —
301 2775 342 2810 V.
372 2779 428 2810 29.
454 2774 484 2808 Β
504 2755 596 2819 ἥλιε.
618 2794 662 2800 -
689 2774 731 2809 V.
753 2779 810 2809 31.
836 2773 1034 2821 λαμπάδας
1054 2775 1093 2819 Β,
1118 2772 1314 2820 λαμπάδος
1331 2773 1536 2818 Matranga.
1558 2793 1601 2798 —-
1629 2772 1671 2808 V.
1693 2777 1748 2808 35.

233 2822 425 2857 Cuculium
451 2821 684 2857 intercidisse
710 2822 846 2857 notavi.

327 2892 512 2928 Leontis
539 2903 688 2928 carmen
714 2896 746 2927 4.
791 2892 906 2929 Extat
930 2893 1029 2939 apud
1054 2892 1293 2939 Matrangam
1325 2894 1410 2935 565,
1443 2890 1507 2926 ubi
1538 2889 1752 2926 inscribitur
