1864 3126
240 132 298 174 42
734 123 736 126 “
806 132 997 169 POETAE
1022 132 1197 169 MELICJ.

443 238 581 283 νύκτα
614 237 674 283 δι’
710 237 960 297 ἀμβροσίαν
992 238 1067 284 ἅτε
1099 239 1258 298 σήριον
1685 255 1755 287 836

445 310 611 368 ἄστρον
645 309 931 368 αὐειρομέναι
963 310 1189 369 μάχονται.

255 454 328 488 στρ,
359 439 407 479 ς’.
451 428 565 473 Οὔτε
596 427 681 485 γάρ
713 446 754 472 τι
785 428 1021 488 πορφύρας
1098 415 1105 426 ⁸
1711 444 1758 478 30

375 513 419 545 65
446 499 605 552 τόσσος
635 499 787 556 κόρος,
821 498 925 545 ὥστ’
962 499 1148 558 ἀμύναι,

445 570 547 615 οὔτε
579 574 777 623 ποικίλος
809 570 988 630 δράκων

441 641 733 699 παγχρύσιος,
767 640 874 687 οὐδὲ
906 646 1037 700 μίτρα

443 716 589 757 Λυδία
619 715 841 758 νεανίδων

445 819 775 830 ..........
801 802 864 830 ων
896 784 1092 843 ἄγαλμα,
1626 796 1666 832 Ρ.
1692 796 1755 836 ΠΙ,

231 953 350 986 τερον,
378 936 489 975 ὁπότε
518 937 747 986 σημαντικὸν
773 940 839 975 τοῦ
866 938 1016 986 ἱματίου
1042 935 1066 986 ἢ
1093 939 1159 976 καὶ
1190 939 1257 976 τοῦ
1282 936 1457 986 ἀρότρου,
1490 937 1540 982 ὥς
1570 941 1634 977 καὶ
1658 938 1754 988 παρ’

227 985 406 1033 Ἀλκμᾶνι,
433 983 526 1022 ἀλλά
560 987 624 1023 καὶ
657 984 750 1032 παρ’
775 984 992 1036 Ἀντιμάχῳ·
1026 985 1088 1024 ἀεὶ
1120 985 1262 1034 φάρεος
1286 986 1514 1047 ’ἔατεύουσιν
1547 987 1642 1035 ἔχων
1674 990 1754 1035 (scr.

229 1036 300 1080 γῆν
327 1034 536 1081 χατέουσαν
564 1033 646 1080 ἐ’χ.)·
675 1031 792 1076 οὕτως
818 1032 859 1071 ἐν
884 1040 964 1076 τοῖς
988 1031 1236 1082 ἀντιγράφοις
1262 1048 1426 1081 ευρηται.
1461 1034 1593 1081 φάρος,
1619 1036 1650 1072 si
1675 1047 1757 1073 ara-

228 1084 328 1117 trum
352 1084 469 1125 notat,
496 1084 666 1128 correpta
691 1083 813 1128 priore
840 1083 984 1128 syllaba
1009 1084 1150 1119 dictum
1175 1095 1253 1119 esse
1285 1085 1480 1130 poetarum
1509 1095 1596 1119 usus
1623 1084 1758 1130 arguit,

222 1132 343 1175 *atque
374 1130 470 1165 hanc
503 1129 792 1176 explicationem
823 1132 971 1176 praeter
1004 1131 1250 1176 Sosiphanem
1282 1133 1405 1177 (quem
1440 1130 1479 1166 in
1505 1131 1632 1176 aliquo
1659 1142 1758 1168 com-

229 1177 411 1213 mentario
439 1178 483 1213 de
509 1178 580 1213 hoc
606 1189 714 1213 versu
740 1178 986 1223 disputavisse
1014 1179 1135 1223 credo,
1161 1189 1385 1224 quamquam
1411 1178 1526 1213 Brink
1551 1178 1588 1214 in
1610 1179 1757 1226 tiagoe-

229 1225 301 1260 diis
325 1225 448 1270 ipsum
474 1225 546 1261 hoc
570 1224 794 1260 vocabulum
820 1225 1033 1261 adhibuisse
1059 1226 1259 1271 existimat,
1292 1226 1550 1271 comprobavit
1575 1226 1756 1262 Herodia-

228 1283 307 1317 nus,
334 1272 439 1307 cuius
466 1273 668 1314 auctoritas
693 1284 752 1308 me
778 1275 915 1317 movet,
941 1275 984 1308 ut
1002 1273 1099 1308 hanc
1117 1273 1339 1319 scripturam
1359 1284 1504 1318 sequar,
1530 1285 1756 1320 quamquam

228 1320 318 1365 quid
344 1320 414 1355 iste
434 1319 526 1355 ritus
547 1319 618 1355 sibi
643 1319 748 1364 velit,
773 1320 1002 1366 ignoramus:
1031 1332 1117 1356 nam
1144 1322 1308 1356 aratrum
1334 1321 1372 1356 in
1391 1320 1533 1356 Dianae
1553 1322 1666 1357 sacris
1691 1321 1756 1357 ad-

227 1366 349 1403 hiberi
381 1367 560 1403 insolens:
593 1368 658 1403 sed
684 1369 827 1403 veteres
859 1368 1081 1413 interpretes
1114 1367 1219 1403 velut
1244 1367 1488 1414 Sosiphanem
1515 1379 1590 1403 non
1613 1370 1756 1404 temere

226 1414 266 1450 id
300 1415 487 1459 statuisse,
521 1417 826 1451 consentaneum:
860 1425 1066 1460 cognomen
1098 1414 1240 1451 Dianae
1274 1413 1444 1451 Εὐλακία
1478 1417 1552 1462 (ap,
1585 1415 1755 1462 Hesych„

230 1462 294 1497 ubi
319 1462 490 1498 Meineke
516 1459 696 1497 εὐλάκεια
721 1462 852 1508 suasit)
878 1473 1053 1507 quorsum
1079 1464 1232 1508 spectet,
1266 1463 1492 1508 ambiguum.
1544 1463 1619 1498 Alii
1642 1463 1756 1499 inter-

230 1509 474 1555 pretabantur
497 1514 634 1554 vestem,
667 1510 818 1546 solenne
851 1510 990 1545 deabus
1016 1522 1159 1554 munus,
1191 1510 1278 1545 hinc
1302 1510 1339 1545 in
1366 1511 1495 1546 charta
1520 1509 1642 1556 φᾶρος
1666 1510 1755 1546 scri-

229 1558 343 1602 ptum.
395 1557 467 1592 Sed
505 1557 583 1592 sive
622 1554 743 1602 φάρος
780 1557 859 1592 sive
898 1558 1020 1602 φᾶρος
1057 1557 1289 1603 probaveris,
1325 1554 1456 1607 Ὀρθίᾳ
1492 1569 1560 1603 pro
1598 1554 1753 1604 όρθρίαι

231 1603 382 1648 (Brinck
416 1601 570 1654 ὀρθρίᾳ)
607 1606 707 1640 recte
743 1605 837 1639 mihi
873 1605 1002 1640 videor
1033 1604 1249 1640 restituisse.
1285 1625 1327 1630 —
1359 1605 1404 1640 V.
1436 1609 1491 1640 62.
1523 1601 1590 1646 ἅτε
1623 1602 1754 1651 σήριον

228 1653 353 1695 (antea
379 1653 518 1697 σείριον
552 1651 699 1697 scripsi)
730 1649 867 1697 ἄστρον
900 1648 1144 1697 αὖειρὸμὲναι
1176 1652 1319 1688 correxi
1350 1652 1500 1688 chartae
1533 1652 1755 1698 scripturam

227 1699 658 1743 mecffloNAcwoN
691 1699 848 1744 (Ahrens
874 1696 1011 1744 ἄστρον
1038 1699 1107 1734 sibi
1133 1699 1260 1735 videre
1284 1698 1386 1734 visus
1412 1701 1493 1743 est).
1550 1700 1630 1736 Hoc
1654 1699 1753 1736 enim

225 1747 360 1783 chorus
399 1746 507 1782 dicit:
546 1747 630 1781 Hae
665 1757 730 1791 per
768 1750 932 1782 sanctam
972 1750 1108 1782 noctem
1142 1750 1184 1782 ut
1221 1747 1382 1782 lucidum
1421 1748 1523 1782 siclus
1567 1748 1755 1784 nobiscum

227 1798 366 1830 certant
391 1795 612 1839 pernicitate
636 1794 677 1828 in
708 1794 843 1830 choreis
869 1794 1028 1839 ayendis.
1079 1793 1133 1829 Cf.
1161 1794 1262 1839 Ibyci
1292 1794 1335 1828 fr.
1364 1798 1402 1829 3:
1430 1793 1630 1839 φλεγέθων
1654 1788 1752 1843 ᾇπερ
1804 1797 1807 1800 ’

226 1838 290 1876 διὰ
316 1838 435 1876 νύκτα
461 1838 610 1886 μακρὰν
642 1842 762 1886 σείρια
787 1838 1087 1887 παμφανόωντα.
1136 1840 1242 1876 Adde
1274 1841 1432 1886 Hesych.
1459 1842 1612 1898 Σειρίου
1638 1839 1754 1883 κυνὸς

227 1890 353 1934 δίκην·
386 1889 589 1933 Σοφοκλῆς
621 1886 684 1923 τὸν
710 1885 880 1936 ἅστρςόον
912 1886 1021 1932 κύνα,
1053 1885 1073 1923 ὁ
1109 1887 1150 1924 δὲ
1181 1885 1381 1934 Ἀρχίλοχος
1418 1885 1484 1923 τὸν
1515 1885 1631 1934 ἣλιον,
1657 1886 1753 1938 ’Ἰβυ-

225 1949 289 1976 κος
315 1934 357 1971 δὲ
382 1934 507 1970 πάντα
533 1933 578 1970 τὰ
604 1932 732 1980 ἄστρα.
777 1938 959 1982 Αἴρεσθαι
984 1936 1029 1971 de
1056 1935 1186 1971 sideris
1212 1937 1297 1971 ortu
1321 1936 1473 1981 dictum,
1504 1936 1547 1970 ut
1573 1938 1629 1972 est
1652 1937 1752 1982 apud

229 1983 342 2028 Soph.
380 1983 475 2018 Phil.
511 1987 600 2019 1331
642 1981 721 2018 ἔστ’
756 1979 805 2018 ἂν
834 1980 937 2029 ἥλιος
968 1984 1065 2030 αἴρῃ.
1106 1982 1270 2027 Medela,
1303 1994 1415 2028 quam
1446 1995 1479 2018 v.
1513 1987 1554 2019 61
1578 1995 1652 2029 seq.
1685 1983 1750 2018 ad-

224 2031 330 2066 hibui
363 2031 543 2066 Ahrensio
575 2030 657 2066 visa
682 2032 739 2066 est
769 2031 934 2066 omnium
958 2030 1225 2076 infelicissima,
1258 2030 1323 2066 sed
1348 2031 1448 2076 quod
1478 2029 1557 2076 ipse
1590 2031 1752 2067 coniecit

223 2075 421 2122 ἄγεσέριον
451 2077 487 2113 h,
521 2089 551 2114 e.
577 2082 746 2114 aestatem
778 2079 963 2114 adducens
993 2079 1152 2114 metrum
1187 2077 1369 2123 pervertit
1399 2079 1436 2113 et
1466 2078 1565 2123 quod
1589 2077 1752 2124 virgines

227 2137 310 2160 cum
341 2124 553 2160 Pleiadibus
586 2126 792 2171 comparari
818 2125 1007 2161 existimat
1038 2125 1100 2160 vix
1132 2124 1304 2170 cuiquam
1338 2125 1563 2170 probaverit.
1620 2125 1751 2161 Canini

228 2171 440 2218 οἷγεσείριον
466 2172 623 2218 scripsit.
647 2194 690 2198 —
717 2173 759 2208 V.
776 2177 830 2209 64.
859 2170 943 2208 οὔτε
966 2173 1151 2208 corrector
1169 2172 1330 2216 chartae,
1357 2173 1438 2208 erat
1463 2169 1554 2208 οὔτι.
1587 2173 1694 2208 Hunc
1713 2174 1752 2208 et

228 2233 260 2255 v.
283 2231 359 2265 seq.
397 2220 588 2255 Alcmanis
615 2221 763 2256 nomine
783 2232 827 2256 ex
846 2219 1107 2265 Aristophanis
1127 2219 1364 2265 grammatici
1388 2219 1662 2256 commentariis
1687 2220 1751 2256 ad-

227 2267 377 2313 scripsit
395 2267 509 2303 schol.
530 2267 636 2303 Hom.
658 2268 700 2304 ll.
727 2270 759 2303 E
779 2272 865 2304 206:
892 2267 984 2314 φησὶ
1010 2264 1080 2313 γὰρ
1105 2263 1125 2301 ὁ
1142 2264 1400 2325 γραμματικὸς
1420 2263 1684 2313 Ἀριστοφάνης
1708 2264 1749 2303 τὸ

224 2312 445 2360 ἀμύνεσθαι
465 2344 471 2351 .
489 2344 496 2350 .
512 2342 520 2350 .
539 2315 719 2350 τίθεσθαι
733 2315 798 2351 καὶ
811 2312 895 2351 ἀντὶ
915 2315 1027 2361 ψιλοῦ
1048 2314 1116 2350 τοῦ
1130 2315 1389 2358 αμείψασθαι·
1411 2314 1521 2360 φέρει
1533 2312 1604 2359 γάρ
1619 2315 1750 2372 χρῆσιν

227 2361 269 2397 ε”κ
294 2375 332 2397 τε
358 2359 554 2408 Ἀλκμᾶνος
573 2359 636 2407 τό·
664 2359 714 2398 οὗ
739 2360 824 2408 γὰρ
850 2360 1092 2408 πορφύρας
1115 2360 1247 2402 τόσος
1271 2359 1404 2406 κόρος
1434 2358 1536 2398 ὥστ’
1571 2358 1747 2407 ἀμυνα-

226 2412 335 2445 σθαι
368 2409 515 2455 (eadem
540 2409 643 2447 Eust.
670 2414 755 2456 546,
782 2412 859 2456 29):
892 2410 955 2445 uhi
981 2406 1204 2455 ἀμύνασθαι
1229 2420 1274 2444 ex
1298 2409 1442 2445 librarii
1467 2419 1588 2445 errore
1614 2410 1749 2454 ortum,

226 2456 336 2502 quein
373 2468 448 2493 non
479 2457 640 2493 debebat
670 2458 784 2492 Brink
815 2458 990 2503 probare:
1021 2468 1108 2492 nam
1138 2456 1263 2492 media
1297 2457 1417 2492 forma
1440 2467 1568 2492 versus
1593 2466 1748 2491 numero

226 2506 353 2550 aperte
380 2505 605 2541 adversatur.
649 2505 764 2540 Recte
790 2504 1057 2549 Aristophanes
1084 2500 1327 2548 ἀμείψασθαι
1353 2500 1542 2549 (ἀμεῖψαι)
1568 2503 1748 2549 interpre-

226 2554 337 2596 tatur,
363 2563 449 2587 nam
476 2552 660 2588 sententia
677 2553 770 2587 haec
789 2553 858 2587 est:
881 2562 1156 2596 purpurearum
1174 2553 1325 2587 vestium
1343 2562 1418 2587 mm
1436 2554 1543 2586 tanta
1561 2554 1611 2586 est
1630 2551 1748 2595 copia,

225 2603 266 2634 ut
290 2603 431 2634 mutare
456 2600 574 2643 liccat,
600 2599 912 2645 quemadmodum
937 2600 995 2634 est
1014 2598 1081 2635 Od.
1102 2599 1138 2636 Ξ
1155 2602 1241 2634 521:
1268 2601 1423 2643 χλαῖναν
1449 2625 1456 2632 .
1479 2627 1485 2634 .
1509 2625 1517 2632 .
1543 2593 1568 2642 ἦ
1593 2595 1633 2632 οἱ
1653 2610 1748 2642 παρ-

226 2643 394 2682 εκέσκετ’
422 2643 593 2692 ἀμοιβάς.
616 2667 660 2674 ——-
686 2647 730 2684 V.
751 2651 807 2682 66.
834 2643 996 2689 δράκων,
1022 2646 1068 2681 cf.
1088 2645 1242 2680 Luciani
1259 2645 1384 2682 Amor.
1404 2649 1470 2680 412
1497 2643 1637 2688 οἱπερὶ
1657 2658 1745 2689 καρ-

225 2698 309 2734 ποῖς
334 2694 399 2729 καὶ
425 2695 595 2740 βραχίοσι
620 2691 833 2739 δράκοντες.
868 2693 1028 2738 Hesych.
1056 2690 1165 2737 ὄφιες
1190 2721 1197 2728 .
1226 2721 1233 2728 .
1262 2721 1270 2728 .
1296 2692 1360 2729 καὶ
1384 2690 1425 2728 τὸ
1458 2692 1619 2737 χρυσοῦν
1644 2704 1747 2736 περι-

226 2739 455 2786 βραχιόνιον.
476 2744 515 2777 et
534 2739 653 2786 ὄφεις,
671 2739 716 2776 τὰ
737 2738 979 2787 δρακοντώδη
999 2738 1181 2785 γινόμενα
1200 2739 1346 2786 ψέλλια.
1373 2738 1599 2782 Μένανδρος
1617 2741 1746 2784 Παρα-

226 2786 445 2834 καταθήκῃ·
485 2787 572 2830 τοὺς
602 2786 727 2834 ὄφεις,
758 2787 875 2833 λέγει,
906 2787 1026 2828 καλῶς
1057 2786 1100 2832 γε’
1131 2799 1195 2833 μοι
1230 2784 1428 2833 ἠγόρασας.
1473 2787 1512 2822 et
1541 2785 1743 2823 Nicostrat.

226 2834 270 2870 fr.
298 2836 367 2871 inc.
395 2840 433 2871 7:
467 2832 634 2880 ἁλύσεις,
667 2836 901 2880 καθετῆρας,
927 2836 1164 2876 δακτυλίους,
1190 2831 1360 2882 βουβάλι’
1386 2831 1507 2880 ὄφεις.
1542 2854 1585 2859 -
1619 2833 1662 2869 V.
1689 2837 1747 2870 69.

227 2880 444 2928 ἰανοφόρων
466 2885 576 2919 antea
595 2883 737 2929 scripsi.
779 2880 906 2930 [ἴανόν
927 2879 1128 2928 κροτάφων
1143 2879 1292 2928 ἄγαλμα
1311 2881 1429 2926 Blass,
1448 2880 1507 2918 cui
1526 2881 1602 2916 fere
1623 2880 1747 2917 omnia
