<?xml version="1.0" encoding="UTF-8"?>
<!DOCTYPE html PUBLIC "-//W3C//DTD XHTML 1.0 Transitional//EN"
    "http://www.w3.org/TR/xhtml1/DTD/xhtml1-transitional.dtd">
<html xmlns="http://www.w3.org/1999/xhtml" xml:lang="en" lang="en">
 <head>
  <title>
</title>
<meta http-equiv="Content-Type" content="text/html;charset=utf-8" />
  <meta name='ocr-system' content='tesseract 3.04.00' />
  <meta name='ocr-capabilities' content='ocr_page ocr_carea ocr_par ocr_line ocrx_word'/>
</head>
<body>
  <div class='ocr_page' id='page_1' title='image "./poetaelyricigrae03berguoft_0517.png"; bbox 0 0 1864 3126; ppageno 0'>
   <div class='ocr_carea' id='block_1_1' title="bbox 0 185 1676 268">
    <p class='ocr_par' dir='ltr' id='par_1_1' title="bbox 0 185 1676 268">
     <span class='ocr_line' id='line_1_1' title="bbox 0 185 1676 268; baseline -0.001 -44"><span class='ocrx_word' id='word_1_1' title='bbox 0 202 10 268; x_wconf 53' lang='grc' dir='ltr'><strong>ἱ</strong></span> <span class='ocrx_word' id='word_1_2' title='bbox 66 230 71 236; x_wconf 48' lang='grc'><em>,</em></span> <span class='ocrx_word' id='word_1_3' title='bbox 134 246 138 250; x_wconf 13' lang='grc' dir='ltr'><strong>ἡ</strong></span> <span class='ocrx_word' id='word_1_4' title='bbox 773 185 1051 224; x_wconf 74' lang='grc' dir='ltr'><em>ειΜοΝιοΕε.</em></span> <span class='ocrx_word' id='word_1_5' title='bbox 1589 185 1676 230; x_wconf 79' lang='lat'><em>507</em></span> 
     </span>
    </p>
   </div>
   <div class='ocr_carea' id='block_1_2' title="bbox 234 291 1452 496">
    <p class='ocr_par' dir='ltr' id='par_1_2' title="bbox 234 291 1452 496">
     <span class='ocr_line' id='line_1_2' title="bbox 234 291 1386 353; baseline -0.001 -13"><span class='ocrx_word' id='word_1_6' title='bbox 234 298 425 353; x_wconf 79' lang='grc' dir='ltr'><strong><em>πλησίον</em></strong></span> <span class='ocrx_word' id='word_1_7' title='bbox 455 291 691 352; x_wconf 77' lang='grc' dir='ltr'><strong><em>ἠρείσαντο</em></strong></span> <span class='ocrx_word' id='word_1_8' title='bbox 723 294 941 353; x_wconf 78' lang='grc' dir='ltr'><strong><em>καρήατα·</em></strong></span> <span class='ocrx_word' id='word_1_9' title='bbox 973 297 1111 339; x_wconf 71' lang='grc' dir='ltr'><em>παῖδα</em></span> <span class='ocrx_word' id='word_1_10' title='bbox 1143 293 1193 340; x_wconf 74' lang='grc' dir='ltr'><em>δὲ</em></span> <span class='ocrx_word' id='word_1_11' title='bbox 1223 292 1386 348; x_wconf 83' lang='grc' dir='ltr'><em>νυκτός</em></span> 
     </span>
     <span class='ocr_line' id='line_1_3' title="bbox 236 365 1305 424; baseline 0 -13"><span class='ocrx_word' id='word_1_12' title='bbox 236 365 469 423; x_wconf 77' lang='grc' dir='ltr'><em>δεξάμενοι</em></span> <span class='ocrx_word' id='word_1_13' title='bbox 499 366 787 424; x_wconf 79' lang='grc' dir='ltr'><em>βλεφάροισι,</em></span> <span class='ocrx_word' id='word_1_14' title='bbox 821 365 1081 412; x_wconf 85' lang='grc' dir='ltr'><em>Διωνύσοιο</em></span> <span class='ocrx_word' id='word_1_15' title='bbox 1114 365 1305 419; x_wconf 77' lang='grc' dir='ltr'><em>ἄνακτος</em></span> 
     </span>
     <span class='ocr_line' id='line_1_4' title="bbox 234 435 1452 496; baseline 0 -13"><span class='ocrx_word' id='word_1_16' title='bbox 234 436 472 495; x_wconf 86' lang='grc' dir='ltr'><em>βουφόνον</em></span> <span class='ocrx_word' id='word_1_17' title='bbox 504 435 586 483; x_wconf 82' lang='grc' dir='ltr'><em>οὐκ</em></span> <span class='ocrx_word' id='word_1_18' title='bbox 618 438 828 483; x_wconf 77' lang='grc' dir='ltr'><em>ἐθέλουσι</em></span> <span class='ocrx_word' id='word_1_19' title='bbox 860 443 1150 495; x_wconf 79' lang='grc' dir='ltr'><em>τιθηνεῖσθαι</em></span> <span class='ocrx_word' id='word_1_20' title='bbox 1180 436 1452 496; x_wconf 77' lang='grc' dir='ltr'><em>θεράποντα.</em></span> 
     </span>
    </p>
   </div>
   <div class='ocr_carea' id='block_1_3' title="bbox 779 546 1045 601">
    <p class='ocr_par' dir='ltr' id='par_1_3' title="bbox 779 546 1045 601">
     <span class='ocr_line' id='line_1_5' title="bbox 779 546 1045 601; baseline -0.004 -11"><span class='ocrx_word' id='word_1_21' title='bbox 779 547 875 590; x_wconf 82' lang='lat'><strong>173.</strong></span> <span class='ocrx_word' id='word_1_22' title='bbox 908 546 1045 601; x_wconf 65' lang='lat'><strong>[231]</strong></span> 
     </span>
    </p>
   </div>
   <div class='ocr_carea' id='block_1_4' title="bbox 235 626 1447 761">
    <p class='ocr_par' dir='ltr' id='par_1_4' title="bbox 235 626 1447 761">
     <span class='ocr_line' id='line_1_6' title="bbox 241 626 1447 686; baseline 0.001 -14"><span class='ocrx_word' id='word_1_23' title='bbox 241 628 361 686; x_wconf 88' lang='grc' dir='ltr'><em>Φημὶ</em></span> <span class='ocrx_word' id='word_1_24' title='bbox 393 627 474 674; x_wconf 90' lang='grc' dir='ltr'><em>τὸν</em></span> <span class='ocrx_word' id='word_1_25' title='bbox 506 626 588 674; x_wconf 83' lang='grc' dir='ltr'><em>οὐκ</em></span> <span class='ocrx_word' id='word_1_26' title='bbox 619 628 834 674; x_wconf 79' lang='grc' dir='ltr'><em>ἐθέλοντα</em></span> <span class='ocrx_word' id='word_1_27' title='bbox 866 628 1021 686; x_wconf 91' lang='grc' dir='ltr'><em>φέρειν</em></span> <span class='ocrx_word' id='word_1_28' title='bbox 1051 628 1245 686; x_wconf 78' lang='grc' dir='ltr'><em>τέττιγος</em></span> <span class='ocrx_word' id='word_1_29' title='bbox 1276 626 1447 673; x_wconf 75' lang='grc' dir='ltr'><em>ἄεθλον</em></span> 
     </span>
     <span class='ocr_line' id='line_1_7' title="bbox 235 697 1402 761; baseline -0.001 -16"><span class='ocrx_word' id='word_1_30' title='bbox 235 701 296 761; x_wconf 77' lang='grc' dir='ltr'><em>τῷ</em></span> <span class='ocrx_word' id='word_1_31' title='bbox 328 701 626 760; x_wconf 74' lang='grc' dir='ltr'><em>Πανοπηιάδῃ</em></span> <span class='ocrx_word' id='word_1_32' title='bbox 659 698 823 746; x_wconf 70' lang='grc' dir='ltr'><em>δαίσειν</em></span> <span class='ocrx_word' id='word_1_33' title='bbox 855 700 967 758; x_wconf 85' lang='grc' dir='ltr'><em>μέγα</em></span> <span class='ocrx_word' id='word_1_34' title='bbox 999 702 1186 745; x_wconf 83' lang='grc' dir='ltr'><em>δεῖπνον</em></span> <span class='ocrx_word' id='word_1_35' title='bbox 1215 697 1402 760; x_wconf 76' lang='grc' dir='ltr'><em>Ἐπειῷ.-</em></span> 
     </span>
    </p>
   </div>
   <div class='ocr_carea' id='block_1_5' title="bbox 777 810 1680 864">
    <p class='ocr_par' dir='ltr' id='par_1_5' title="bbox 777 810 1680 864">
     <span class='ocr_line' id='line_1_8' title="bbox 777 810 1680 864; baseline -0.002 -11"><span class='ocrx_word' id='word_1_36' title='bbox 777 810 875 853; x_wconf 80' lang='lat'><strong>174.</strong></span> <span class='ocrx_word' id='word_1_37' title='bbox 907 810 1043 864; x_wconf 70' lang='grc'>[224]</span> <span class='ocrx_word' id='word_1_38' title='bbox 1587 819 1680 852; x_wconf 85' lang='lat'>1182</span> 
     </span>
    </p>
   </div>
   <div class='ocr_carea' id='block_1_6' title="bbox 236 889 1339 1025">
    <p class='ocr_par' dir='ltr' id='par_1_6' title="bbox 236 889 1339 1025">
     <span class='ocr_line' id='line_1_9' title="bbox 242 889 1339 951; baseline 0.001 -16"><span class='ocrx_word' id='word_1_39' title='bbox 242 894 409 948; x_wconf 79' lang='grc' dir='ltr'><em>Φοῖβος</em></span> <span class='ocrx_word' id='word_1_40' title='bbox 440 892 660 949; x_wconf 82' lang='grc' dir='ltr'><em>ἐσαγεῖται</em></span> <span class='ocrx_word' id='word_1_41' title='bbox 693 908 715 934; x_wconf 89' lang='lat'><em>*</em></span> <span class='ocrx_word' id='word_1_42' title='bbox 751 894 1087 951; x_wconf 80' lang='grc' dir='ltr'><em>Τυνδαρίδῃσιν</em></span> <span class='ocrx_word' id='word_1_43' title='bbox 1118 889 1339 950; x_wconf 85' lang='grc' dir='ltr'><em>ἆοίδησαν</em></span> 
     </span>
     <span class='ocr_line' id='line_1_10' title="bbox 236 961 1196 1025; baseline 0.001 -18"><span class='ocrx_word' id='word_1_44' title='bbox 236 961 419 1021; x_wconf 79' lang='grc' dir='ltr'><em>ἅμετροι</em></span> <span class='ocrx_word' id='word_1_45' title='bbox 449 964 639 1021; x_wconf 77' lang='grc' dir='ltr'><em>τέττιγες</em></span> <span class='ocrx_word' id='word_1_46' title='bbox 669 964 965 1017; x_wconf 80' lang='grc' dir='ltr'><em>ἐπεστέψαντο</em></span> <span class='ocrx_word' id='word_1_47' title='bbox 997 966 1196 1025; x_wconf 78' lang='grc' dir='ltr'><em>χορωνῷ.</em></span> 
     </span>
    </p>
   </div>
   <div class='ocr_carea' id='block_1_7' title="bbox 0 1139 1687 2948">
    <p class='ocr_par' dir='ltr' id='par_1_7' title="bbox 79 1139 1681 1666">
     <span class='ocr_line' id='line_1_11' title="bbox 79 1139 1676 1200; baseline 0 -22"><span class='ocrx_word' id='word_1_48' title='bbox 79 1170 91 1179; x_wconf 88' lang='grc'><em>.</em></span> <span class='ocrx_word' id='word_1_49' title='bbox 141 1143 361 1200; x_wconf 83' lang='grc' dir='ltr'><em>μῳνίδου·</em></span> <span class='ocrx_word' id='word_1_50' title='bbox 400 1142 500 1186; x_wconf 63' lang='lat' dir='ltr'><em>Mag.</em></span> <span class='ocrx_word' id='word_1_51' title='bbox 539 1145 614 1199; x_wconf 49' lang='grc' dir='ltr'><em>κτλ..</em></span> <span class='ocrx_word' id='word_1_52' title='bbox 642 1142 744 1200; x_wconf 53' lang='lat' dir='ltr'><em>‚mad</em></span> <span class='ocrx_word' id='word_1_53' title='bbox 775 1141 818 1179; x_wconf 92' lang='grc' dir='ltr'><em>δε</em></span> <span class='ocrx_word' id='word_1_54' title='bbox 850 1141 891 1179; x_wconf 81' lang='grc' dir='ltr'><em>οἴ</em></span> <span class='ocrx_word' id='word_1_55' title='bbox 919 1142 988 1190; x_wconf 76' lang='grc' dir='ltr'><em>μὲν</em></span> <span class='ocrx_word' id='word_1_56' title='bbox 1015 1140 1083 1179; x_wconf 76' lang='grc' dir='ltr'><em>ἐπί</em></span> <span class='ocrx_word' id='word_1_57' title='bbox 1103 1156 1205 1184; x_wconf 87' lang='grc' dir='ltr'><em>τινος</em></span> <span class='ocrx_word' id='word_1_58' title='bbox 1230 1144 1305 1179; x_wconf 82' lang='grc' dir='ltr'><em>τῶν</em></span> <span class='ocrx_word' id='word_1_59' title='bbox 1330 1139 1511 1200; x_wconf 52' lang='grc' dir='ltr'><em>ἀρχαίων</em></span> <span class='ocrx_word' id='word_1_60' title='bbox 1525 1140 1676 1199; x_wconf 77' lang='grc' dir='ltr'><em>ἀναθη-</em></span> 
     </span>
     <span class='ocr_line' id='line_1_12' title="bbox 141 1187 1678 1275; baseline -0.001 -48"><span class='ocrx_word' id='word_1_61' title='bbox 141 1188 351 1275; x_wconf 55' lang='grc' dir='ltr'><em>μάιταᾶνλέν</em></span> <span class='ocrx_word' id='word_1_62' title='bbox 364 1192 524 1274; x_wconf 77' lang='grc' dir='ltr'><em>Χαλκίδῖ</em></span> <span class='ocrx_word' id='word_1_63' title='bbox 548 1187 665 1274; x_wconf 66' lang='lat' dir='ltr'><em>wivt’z</em></span> <span class='ocrx_word' id='word_1_64' title='bbox 681 1187 983 1275; x_wconf 60' lang='grc' dir='ltr'><em>έπιγεγριῖφθαι,</em></span> <span class='ocrx_word' id='word_1_65' title='bbox 1009 1187 1309 1275; x_wconf 50' lang='grc' dir='ltr'><em>πεποὶῆσέῗὲὲὲ</em></span> <span class='ocrx_word' id='word_1_66' title='bbox 1320 1188 1390 1275; x_wconf 66' lang='grc' dir='ltr'><em>ἰένέ</em></span> <span class='ocrx_word' id='word_1_67' title='bbox 1407 1187 1511 1247; x_wconf 79' lang='grc' dir='ltr'><em>αὐτῷ</em></span> <span class='ocrx_word' id='word_1_68' title='bbox 1537 1204 1579 1236; x_wconf 87' lang='grc' dir='ltr'><em>τρ</em></span> <span class='ocrx_word' id='word_1_69' title='bbox 1558 1187 1678 1274; x_wconf 59' lang='grc' dir='ltr'><em>ράγολν</em></span> 
     </span>
     <span class='ocr_line' id='line_1_13' title="bbox 142 1243 1678 1344; baseline 0 -23"><span class='ocrx_word' id='word_1_70' title='bbox 142 1251 274 1343; x_wconf 49' lang='lat'><em>’2‘55‘9105</em></span> <span class='ocrx_word' id='word_1_71' title='bbox 298 1243 727 1343; x_wconf 54' lang='lat' dir='ltr'><em>{zzgzffioefflxs</em></span> <span class='ocrx_word' id='word_1_72' title='bbox 751 1251 1234 1344; x_wconf 48' lang='lat' dir='ltr'><em>ssssssroessffaZoT-effipam.</em></span> <span class='ocrx_word' id='word_1_73' title='bbox 1265 1251 1565 1322; x_wconf 53' lang='lat'><em>..5222’5230235</em></span> <span class='ocrx_word' id='word_1_74' title='bbox 1584 1246 1678 1334; x_wconf 59' lang='grc' dir='ltr'><em>’3ῗυῖ</em></span> 
     </span>
     <span class='ocr_line' id='line_1_14' title="bbox 140 1315 1680 1393; baseline -0.001 -22.995"><span class='ocrx_word' id='word_1_75' title='bbox 140 1331 266 1392; x_wconf 86' lang='grc' dir='ltr'><em>φόνον</em></span> <span class='ocrx_word' id='word_1_76' title='bbox 293 1333 359 1370; x_wconf 77' lang='grc' dir='ltr'><em>καὶ</em></span> <span class='ocrx_word' id='word_1_77' title='bbox 383 1331 450 1369; x_wconf 85' lang='grc' dir='ltr'><em>τὸν</em></span> <span class='ocrx_word' id='word_1_78' title='bbox 477 1331 667 1370; x_wconf 83' lang='grc' dir='ltr'><em>Διονύσου</em></span> <span class='ocrx_word' id='word_1_79' title='bbox 692 1331 917 1392; x_wconf 73' lang='grc' dir='ltr'><em>θεράποντα</em></span> <span class='ocrx_word' id='word_1_80' title='bbox 941 1332 1008 1370; x_wconf 81' lang='grc' dir='ltr'><em>τὸν</em></span> <span class='ocrx_word' id='word_1_81' title='bbox 1034 1315 1289 1393; x_wconf 78' lang='grc' dir='ltr'><em>διθύραμβον.</em></span> <span class='ocrx_word' id='word_1_82' title='bbox 1341 1332 1381 1370; x_wconf 76' lang='grc' dir='ltr'><em>οἱ</em></span> <span class='ocrx_word' id='word_1_83' title='bbox 1402 1332 1446 1370; x_wconf 87' lang='grc' dir='ltr'><em>δέ</em></span> <span class='ocrx_word' id='word_1_84' title='bbox 1472 1345 1612 1379; x_wconf 88' lang='grc' dir='ltr'><em>φασιν,</em></span> <span class='ocrx_word' id='word_1_85' title='bbox 1638 1330 1680 1369; x_wconf 76' lang='grc' dir='ltr'><em>ἐν</em></span> 
     </span>
     <span class='ocr_line' id='line_1_15' title="bbox 140 1378 1679 1440; baseline -0.001 -22.993"><span class='ocrx_word' id='word_1_86' title='bbox 140 1378 291 1418; x_wconf 82' lang='grc' dir='ltr'><em>Ἰουλίδι</em></span> <span class='ocrx_word' id='word_1_87' title='bbox 315 1379 381 1417; x_wconf 87' lang='grc' dir='ltr'><em>τὸν</em></span> <span class='ocrx_word' id='word_1_88' title='bbox 406 1382 456 1430; x_wconf 82' lang='grc' dir='ltr'><em>τῷ</em></span> <span class='ocrx_word' id='word_1_89' title='bbox 485 1378 659 1430; x_wconf 81' lang='grc' dir='ltr'><em>Διονύσῳ</em></span> <span class='ocrx_word' id='word_1_90' title='bbox 684 1380 894 1440; x_wconf 83' lang='grc' dir='ltr'><em>θυόμενον</em></span> <span class='ocrx_word' id='word_1_91' title='bbox 908 1382 1001 1438; x_wconf 82' lang='grc' dir='ltr'><em>βοῦν</em></span> <span class='ocrx_word' id='word_1_92' title='bbox 1027 1379 1102 1418; x_wconf 79' lang='grc' dir='ltr'><em>ὑπό</em></span> <span class='ocrx_word' id='word_1_93' title='bbox 1128 1395 1228 1423; x_wconf 85' lang='grc' dir='ltr'><em>τινος</em></span> <span class='ocrx_word' id='word_1_94' title='bbox 1247 1382 1323 1418; x_wconf 83' lang='grc' dir='ltr'><em>τῶν</em></span> <span class='ocrx_word' id='word_1_95' title='bbox 1342 1383 1552 1418; x_wconf 76' lang='grc' dir='ltr'><em>νεανίσκων</em></span> <span class='ocrx_word' id='word_1_96' title='bbox 1571 1382 1679 1417; x_wconf 82' lang='grc' dir='ltr'><em>παίε-</em></span> 
     </span>
     <span class='ocr_line' id='line_1_16' title="bbox 145 1418 1678 1488; baseline 0 -24"><span class='ocrx_word' id='word_1_97' title='bbox 145 1431 241 1465; x_wconf 88' lang='grc' dir='ltr'><em>σθαι</em></span> <span class='ocrx_word' id='word_1_98' title='bbox 272 1418 442 1466; x_wconf 80' lang='grc' dir='ltr'><em>πελέκει·</em></span> <span class='ocrx_word' id='word_1_99' title='bbox 470 1429 626 1485; x_wconf 84' lang='grc' dir='ltr'><em>πλησίον</em></span> <span class='ocrx_word' id='word_1_100' title='bbox 636 1419 700 1465; x_wconf 73' lang='grc' dir='ltr'><em>δὲ</em></span> <span class='ocrx_word' id='word_1_101' title='bbox 732 1430 798 1476; x_wconf 87' lang='grc' dir='ltr'><em>τῆς</em></span> <span class='ocrx_word' id='word_1_102' title='bbox 831 1427 963 1488; x_wconf 75' lang='grc' dir='ltr'><em>ἑορτῆς</em></span> <span class='ocrx_word' id='word_1_103' title='bbox 995 1426 1108 1488; x_wconf 80' lang='grc' dir='ltr'><em>οὔσης</em></span> <span class='ocrx_word' id='word_1_104' title='bbox 1135 1428 1188 1471; x_wconf 85' lang='grc' dir='ltr'><em>είς</em></span> <span class='ocrx_word' id='word_1_105' title='bbox 1213 1433 1391 1486; x_wconf 80' lang='grc' dir='ltr'><em>χαλκεῖον</em></span> <span class='ocrx_word' id='word_1_106' title='bbox 1417 1429 1586 1485; x_wconf 85' lang='grc' dir='ltr'><em>δοθῆναι</em></span> <span class='ocrx_word' id='word_1_107' title='bbox 1610 1426 1678 1464; x_wconf 85' lang='grc' dir='ltr'><em>τὸν</em></span> 
     </span>
     <span class='ocr_line' id='line_1_17' title="bbox 144 1474 1679 1538; baseline 0 -26"><span class='ocrx_word' id='word_1_108' title='bbox 144 1475 324 1513; x_wconf 85' lang='grc' dir='ltr'><em>πέλεκυν·</em></span> <span class='ocrx_word' id='word_1_109' title='bbox 350 1474 418 1512; x_wconf 81' lang='grc' dir='ltr'><em>τὸν</em></span> <span class='ocrx_word' id='word_1_110' title='bbox 443 1489 514 1512; x_wconf 92' lang='grc' dir='ltr'><em>ουν</em></span> <span class='ocrx_word' id='word_1_111' title='bbox 522 1478 804 1533; x_wconf 86' lang='grc' dir='ltr'><em>Σιμωνίδην</em></span> <span class='ocrx_word' id='word_1_112' title='bbox 831 1475 886 1513; x_wconf 81' lang='grc' dir='ltr'><em>ἔτι</em></span> <span class='ocrx_word' id='word_1_113' title='bbox 910 1475 999 1513; x_wconf 85' lang='grc' dir='ltr'><em>νέον</em></span> <span class='ocrx_word' id='word_1_114' title='bbox 1025 1474 1120 1513; x_wconf 84' lang='grc' dir='ltr'><em>ὄντα</em></span> <span class='ocrx_word' id='word_1_115' title='bbox 1146 1478 1299 1538; x_wconf 79' lang='grc' dir='ltr'><em>βαδίσαι</em></span> <span class='ocrx_word' id='word_1_116' title='bbox 1324 1475 1420 1521; x_wconf 85' lang='grc' dir='ltr'><em>πρὸς</em></span> <span class='ocrx_word' id='word_1_117' title='bbox 1443 1474 1510 1513; x_wconf 90' lang='grc' dir='ltr'><em>τὸν</em></span> <span class='ocrx_word' id='word_1_118' title='bbox 1536 1474 1679 1534; x_wconf 85' lang='grc' dir='ltr'><em>χαλκέα</em></span> 
     </span>
     <span class='ocr_line' id='line_1_18' title="bbox 145 1521 1681 1582; baseline -0.001 -22"><span class='ocrx_word' id='word_1_119' title='bbox 145 1522 415 1582; x_wconf 81' lang='grc' dir='ltr'><em>κομιούμενον</em></span> <span class='ocrx_word' id='word_1_120' title='bbox 435 1521 571 1560; x_wconf 82' lang='grc' dir='ltr'><em>αὐτόν·</em></span> <span class='ocrx_word' id='word_1_121' title='bbox 612 1521 744 1560; x_wconf 75' lang='grc' dir='ltr'><em>ἰδόντα</em></span> <span class='ocrx_word' id='word_1_122' title='bbox 781 1523 824 1561; x_wconf 91' lang='grc' dir='ltr'><em>δε</em></span> <span class='ocrx_word' id='word_1_123' title='bbox 857 1525 922 1561; x_wconf 80' lang='grc' dir='ltr'><em>καὶ</em></span> <span class='ocrx_word' id='word_1_124' title='bbox 955 1522 1021 1561; x_wconf 82' lang='grc' dir='ltr'><em>τὸν</em></span> <span class='ocrx_word' id='word_1_125' title='bbox 1052 1526 1224 1571; x_wconf 81' lang='grc' dir='ltr'><em>τεχνίτην</em></span> <span class='ocrx_word' id='word_1_126' title='bbox 1249 1523 1492 1581; x_wconf 82' lang='grc' dir='ltr'><em>κοιμώμενον</em></span> <span class='ocrx_word' id='word_1_127' title='bbox 1525 1524 1590 1560; x_wconf 87' lang='grc' dir='ltr'><em>καὶ</em></span> <span class='ocrx_word' id='word_1_128' title='bbox 1615 1522 1681 1559; x_wconf 83' lang='grc' dir='ltr'><em>τὸν</em></span> 
     </span>
     <span class='ocr_line' id='line_1_19' title="bbox 143 1569 1681 1630; baseline -0.001 -22"><span class='ocrx_word' id='word_1_129' title='bbox 143 1569 262 1608; x_wconf 74' lang='grc' dir='ltr'><em>ἀσκὸν</em></span> <span class='ocrx_word' id='word_1_130' title='bbox 288 1571 353 1608; x_wconf 72' lang='grc' dir='ltr'><em>καὶ</em></span> <span class='ocrx_word' id='word_1_131' title='bbox 379 1569 446 1607; x_wconf 89' lang='grc' dir='ltr'><em>τὸν</em></span> <span class='ocrx_word' id='word_1_132' title='bbox 477 1573 658 1628; x_wconf 85' lang='grc' dir='ltr'><em>καρκίνον</em></span> <span class='ocrx_word' id='word_1_133' title='bbox 694 1571 774 1620; x_wconf 80' lang='grc' dir='ltr'><em>εἰκῇ</em></span> <span class='ocrx_word' id='word_1_134' title='bbox 809 1574 984 1628; x_wconf 88' lang='grc' dir='ltr'><em>κείμενον</em></span> <span class='ocrx_word' id='word_1_135' title='bbox 1015 1572 1080 1608; x_wconf 83' lang='grc' dir='ltr'><em>καὶ</em></span> <span class='ocrx_word' id='word_1_136' title='bbox 1118 1569 1331 1629; x_wconf 76' lang='grc' dir='ltr'><em>ἐπαλλήλως</em></span> <span class='ocrx_word' id='word_1_137' title='bbox 1352 1573 1505 1629; x_wconf 79' lang='grc' dir='ltr'><em>ἔχοντα</em></span> <span class='ocrx_word' id='word_1_138' title='bbox 1537 1569 1583 1607; x_wconf 78' lang='grc' dir='ltr'><em>τὰ</em></span> <span class='ocrx_word' id='word_1_139' title='bbox 1604 1570 1681 1630; x_wconf 83' lang='grc' dir='ltr'><em>ἔμ-</em></span> 
     </span>
     <span class='ocr_line' id='line_1_20' title="bbox 143 1616 1681 1678; baseline -0.001 -23"><span class='ocrx_word' id='word_1_140' title='bbox 143 1622 326 1676; x_wconf 86' lang='grc' dir='ltr'><em>προσθεν,</em></span> <span class='ocrx_word' id='word_1_141' title='bbox 364 1633 482 1661; x_wconf 84' lang='grc' dir='ltr'><em>ουτως</em></span> <span class='ocrx_word' id='word_1_142' title='bbox 514 1616 679 1656; x_wconf 76' lang='grc' dir='ltr'><em>ἐλθόντα</em></span> <span class='ocrx_word' id='word_1_143' title='bbox 711 1619 833 1656; x_wconf 81' lang='grc' dir='ltr'><em>εἰπεῖν</em></span> <span class='ocrx_word' id='word_1_144' title='bbox 864 1617 958 1665; x_wconf 87' lang='grc' dir='ltr'><em>πρὸς</em></span> <span class='ocrx_word' id='word_1_145' title='bbox 989 1617 1077 1661; x_wconf 79' lang='grc' dir='ltr'><em>τοὺς</em></span> <span class='ocrx_word' id='word_1_146' title='bbox 1111 1617 1294 1678; x_wconf 85' lang='grc' dir='ltr'><em>συνήθεις</em></span> <span class='ocrx_word' id='word_1_147' title='bbox 1324 1618 1366 1657; x_wconf 89' lang='grc' dir='ltr'><em>τὸ</em></span> <span class='ocrx_word' id='word_1_148' title='bbox 1405 1617 1681 1678; x_wconf 82' lang='grc' dir='ltr'><em>προειρημένον</em></span> 
     </span>
    </p>

    <p class='ocr_par' dir='ltr' id='par_1_8' title="bbox 0 1664 1682 1894">
     <span class='ocr_line' id='line_1_21' title="bbox 0 1664 1682 1772; baseline 0.001 -22"><span class='ocrx_word' id='word_1_149' title='bbox 0 1682 3 1717; x_wconf 72' lang='lat'><em>³</em></span> <span class='ocrx_word' id='word_1_150' title='bbox 143 1664 1532 1772; x_wconf 52' lang='lat' dir='ltr'><em>3‘53323‘20‘223’5f3ffss}{123505332&#39;020‘555.“.3‘3⁹.‘⁵232⁹5‚{2‘32</em></span> <span class='ocrx_word' id='word_1_151' title='bbox 1553 1666 1682 1772; x_wconf 62' lang='grc' dir='ltr'><em>σέξῖ</em></span> 
     </span>
     <span class='ocr_line' id='line_1_22' title="bbox 144 1759 1680 1808; baseline 0 -10"><span class='ocrx_word' id='word_1_152' title='bbox 144 1759 290 1807; x_wconf 90' lang='grc' dir='ltr'><em>φόνον</em></span> <span class='ocrx_word' id='word_1_153' title='bbox 321 1761 364 1799; x_wconf 70' lang='grc' dir='ltr'><em>δὲ</em></span> <span class='ocrx_word' id='word_1_154' title='bbox 391 1762 456 1798; x_wconf 81' lang='grc' dir='ltr'><em>καὶ</em></span> <span class='ocrx_word' id='word_1_155' title='bbox 482 1760 716 1799; x_wconf 85' lang='grc' dir='ltr'><em>Διονύσου</em></span> <span class='ocrx_word' id='word_1_156' title='bbox 747 1761 1016 1807; x_wconf 86' lang='grc' dir='ltr'><em>θεράποντα</em></span> <span class='ocrx_word' id='word_1_157' title='bbox 1047 1760 1114 1799; x_wconf 85' lang='grc' dir='ltr'><em>τὸν</em></span> <span class='ocrx_word' id='word_1_158' title='bbox 1139 1761 1313 1800; x_wconf 85' lang='grc' dir='ltr'><em>πέλεκυν.</em></span> <span class='ocrx_word' id='word_1_159' title='bbox 1341 1785 1385 1791; x_wconf 91' lang='grc'><strong>-</strong></span> <span class='ocrx_word' id='word_1_160' title='bbox 1411 1765 1456 1800; x_wconf 89' lang='lat' dir='ltr'><em>V.</em></span> <span class='ocrx_word' id='word_1_161' title='bbox 1486 1767 1517 1799; x_wconf 92' lang='lat'><em>1.</em></span> <span class='ocrx_word' id='word_1_162' title='bbox 1542 1760 1680 1808; x_wconf 84' lang='grc' dir='ltr'><em>πατὴρ,</em></span> 
     </span>
     <span class='ocr_line' id='line_1_23' title="bbox 145 1806 1681 1857; baseline -0.001 -11"><span class='ocrx_word' id='word_1_163' title='bbox 145 1809 239 1846; x_wconf 85' lang='lat' dir='ltr'><em>PVL</em></span> <span class='ocrx_word' id='word_1_164' title='bbox 264 1808 387 1857; x_wconf 84' lang='grc' dir='ltr'><em>πατήρ</em></span> <span class='ocrx_word' id='word_1_165' title='bbox 412 1806 461 1846; x_wconf 91' lang='grc' dir='ltr'><em>τ.</em></span> <span class='ocrx_word' id='word_1_166' title='bbox 489 1831 531 1836; x_wconf 93' lang='grc'>-</span> <span class='ocrx_word' id='word_1_167' title='bbox 561 1811 600 1847; x_wconf 93' lang='lat' dir='ltr'><em>V.</em></span> <span class='ocrx_word' id='word_1_168' title='bbox 623 1814 656 1846; x_wconf 92' lang='grc'><em>2.</em></span> <span class='ocrx_word' id='word_1_169' title='bbox 682 1808 882 1856; x_wconf 84' lang='grc' dir='ltr'><em>ἠρείσαντο</em></span> <span class='ocrx_word' id='word_1_170' title='bbox 908 1810 1019 1856; x_wconf 82' lang='lat' dir='ltr'><em>ABG,</em></span> <span class='ocrx_word' id='word_1_171' title='bbox 1046 1807 1225 1857; x_wconf 82' lang='grc' dir='ltr'><em>ἠρίσαντο</em></span> <span class='ocrx_word' id='word_1_172' title='bbox 1251 1811 1358 1849; x_wconf 90' lang='lat' dir='ltr'><strong>PVC.</strong></span> <span class='ocrx_word' id='word_1_173' title='bbox 1385 1832 1431 1838; x_wconf 92' lang='lat'>—</span> <span class='ocrx_word' id='word_1_174' title='bbox 1458 1812 1502 1847; x_wconf 93' lang='lat' dir='ltr'><em>V.</em></span> <span class='ocrx_word' id='word_1_175' title='bbox 1523 1815 1556 1847; x_wconf 89' lang='grc'><em>3.</em></span> <span class='ocrx_word' id='word_1_176' title='bbox 1585 1814 1681 1846; x_wconf 87' lang='grc' dir='ltr'><em>Διω-</em></span> 
     </span>
     <span class='ocr_line' id='line_1_24' title="bbox 144 1855 636 1902; baseline -0.002 -8"><span class='ocrx_word' id='word_1_177' title='bbox 144 1855 276 1894; x_wconf 80' lang='grc' dir='ltr'><em>νύσοιο</em></span> <span class='ocrx_word' id='word_1_178' title='bbox 302 1858 343 1902; x_wconf 88' lang='lat' dir='ltr'><em>L,</em></span> <span class='ocrx_word' id='word_1_179' title='bbox 368 1855 538 1894; x_wconf 88' lang='grc' dir='ltr'><em>διονύσοι</em></span> <span class='ocrx_word' id='word_1_180' title='bbox 562 1857 636 1894; x_wconf 94' lang='lat' dir='ltr'><strong>PV.</strong></span> 
     </span>
    </p>

    <p class='ocr_par' dir='ltr' id='par_1_9' title="bbox 145 1904 1687 2948">
     <span class='ocr_line' id='line_1_25' title="bbox 241 1904 1682 1967; baseline -0.001 -26"><span class='ocrx_word' id='word_1_181' title='bbox 241 1906 270 1941; x_wconf 88' lang='grc' dir='ltr'>Ε</span> <span class='ocrx_word' id='word_1_182' title='bbox 299 1905 367 1951; x_wconf 86' lang='lat' dir='ltr'><em>igr</em></span> <span class='ocrx_word' id='word_1_183' title='bbox 396 1909 476 1942; x_wconf 77' lang='lat'><strong>173.</strong></span> <span class='ocrx_word' id='word_1_184' title='bbox 520 1906 656 1942; x_wconf 72' lang='lat' dir='ltr'><strong>Athen.</strong></span> <span class='ocrx_word' id='word_1_185' title='bbox 683 1905 717 1940; x_wconf 91' lang='lat' dir='ltr'>X</span> <span class='ocrx_word' id='word_1_186' title='bbox 735 1906 867 1943; x_wconf 82' lang='grc' dir='ltr'><strong>456Ε·</strong></span> <span class='ocrx_word' id='word_1_187' title='bbox 894 1907 1088 1967; x_wconf 69' lang='grc' dir='ltr'><em>Πεπρίηκε</em></span> <span class='ocrx_word' id='word_1_188' title='bbox 1116 1905 1158 1942; x_wconf 76' lang='grc' dir='ltr'><em>δὲ</em></span> <span class='ocrx_word' id='word_1_189' title='bbox 1185 1906 1296 1942; x_wconf 61' lang='lat' dir='ltr'><em>’‘al‘&#39;</em></span> <span class='ocrx_word' id='word_1_190' title='bbox 1276 1919 1406 1952; x_wconf 85' lang='grc' dir='ltr'><em>ετερον</em></span> <span class='ocrx_word' id='word_1_191' title='bbox 1433 1904 1453 1943; x_wconf 90' lang='grc' dir='ltr'><strong>ὁ</strong></span> <span class='ocrx_word' id='word_1_192' title='bbox 1480 1907 1682 1965; x_wconf 88' lang='grc' dir='ltr'><em>Σιμωνί-</em></span> 
     </span>
     <span class='ocr_line' id='line_1_26' title="bbox 145 1949 1680 2014; baseline 0 -26"><span class='ocrx_word' id='word_1_193' title='bbox 145 1955 227 1998; x_wconf 78' lang='grc' dir='ltr'><em>δης</em></span> <span class='ocrx_word' id='word_1_194' title='bbox 296 1954 551 2012; x_wconf 89' lang='grc' dir='ltr'><em>πίγραμμα,</em></span> <span class='ocrx_word' id='word_1_195' title='bbox 595 1949 618 1989; x_wconf 83' lang='grc' dir='ltr'><em>ὃ</em></span> <span class='ocrx_word' id='word_1_196' title='bbox 655 1953 813 2000; x_wconf 80' lang='grc' dir='ltr'><em>παρέχει</em></span> <span class='ocrx_word' id='word_1_197' title='bbox 851 1959 930 1995; x_wconf 83' lang='grc' dir='ltr'><em>τοῖς</em></span> <span class='ocrx_word' id='word_1_198' title='bbox 966 1951 1139 1999; x_wconf 72' lang='grc' dir='ltr'><em>ἀπείροις</em></span> <span class='ocrx_word' id='word_1_199' title='bbox 1180 1954 1247 1999; x_wconf 87' lang='grc' dir='ltr'><em>τῆς</em></span> <span class='ocrx_word' id='word_1_200' title='bbox 1290 1953 1455 2014; x_wconf 72' lang='grc' dir='ltr'><em>ἴστορίας</em></span> <span class='ocrx_word' id='word_1_201' title='bbox 1497 1952 1680 1998; x_wconf 74' lang='grc' dir='ltr'><em>ἀπορίαν·</em></span> 
     </span>
     <span class='ocr_line' id='line_1_27' title="bbox 148 1998 1683 2061; baseline 0 -25"><span class='ocrx_word' id='word_1_202' title='bbox 148 2000 266 2058; x_wconf 80' lang='grc' dir='ltr'><em>Φημὶ</em></span> <span class='ocrx_word' id='word_1_203' title='bbox 295 2003 372 2037; x_wconf 87' lang='grc' dir='ltr'><em>κτλ.</em></span> <span class='ocrx_word' id='word_1_204' title='bbox 420 1999 582 2044; x_wconf 81' lang='grc' dir='ltr'><em>Λέγεται</em></span> <span class='ocrx_word' id='word_1_205' title='bbox 615 1999 658 2037; x_wconf 73' lang='grc' dir='ltr'><em>δὲ</em></span> <span class='ocrx_word' id='word_1_206' title='bbox 693 1998 734 2037; x_wconf 76' lang='grc' dir='ltr'><em>ἐν</em></span> <span class='ocrx_word' id='word_1_207' title='bbox 765 2003 809 2049; x_wconf 87' lang='grc' dir='ltr'><em>τῇ</em></span> <span class='ocrx_word' id='word_1_208' title='bbox 845 2003 1027 2060; x_wconf 78' lang='grc' dir='ltr'><em>Καρθαίᾳ</em></span> <span class='ocrx_word' id='word_1_209' title='bbox 1060 2003 1303 2061; x_wconf 86' lang='grc' dir='ltr'><em>διατρίβοντα</em></span> <span class='ocrx_word' id='word_1_210' title='bbox 1335 2015 1454 2039; x_wconf 88' lang='grc' dir='ltr'><em>αυτον</em></span> <span class='ocrx_word' id='word_1_211' title='bbox 1487 1999 1683 2038; x_wconf 84' lang='grc' dir='ltr'><em>διδάσκειν</em></span> 
     </span>
     <span class='ocr_line' id='line_1_28' title="bbox 146 2045 1682 2107; baseline 0.001 -24"><span class='ocrx_word' id='word_1_212' title='bbox 146 2061 235 2089; x_wconf 80' lang='grc' dir='ltr'><em>τους</em></span> <span class='ocrx_word' id='word_1_213' title='bbox 259 2045 410 2094; x_wconf 82' lang='grc' dir='ltr'><em>χορούς</em></span> <span class='ocrx_word' id='word_1_214' title='bbox 447 2047 547 2084; x_wconf 79' lang='grc' dir='ltr'><em>εἶναι</em></span> <span class='ocrx_word' id='word_1_215' title='bbox 579 2046 622 2085; x_wconf 72' lang='grc' dir='ltr'><em>δὲ</em></span> <span class='ocrx_word' id='word_1_216' title='bbox 655 2046 697 2085; x_wconf 89' lang='grc' dir='ltr'><em>τὸ</em></span> <span class='ocrx_word' id='word_1_217' title='bbox 731 2054 930 2107; x_wconf 87' lang='grc' dir='ltr'><em>χορηγειον</em></span> <span class='ocrx_word' id='word_1_218' title='bbox 954 2048 1034 2085; x_wconf 80' lang='grc' dir='ltr'><em>ἄνω</em></span> <span class='ocrx_word' id='word_1_219' title='bbox 1061 2046 1156 2092; x_wconf 87' lang='grc' dir='ltr'><em>πρὸς</em></span> <span class='ocrx_word' id='word_1_220' title='bbox 1178 2047 1402 2092; x_wconf 82' lang='grc' dir='ltr'><em>’Λπόλλωνος</em></span> <span class='ocrx_word' id='word_1_221' title='bbox 1427 2048 1515 2106; x_wconf 79' lang='grc' dir='ltr'><em>ἴερῷ</em></span> <span class='ocrx_word' id='word_1_222' title='bbox 1541 2046 1587 2084; x_wconf 84' lang='grc' dir='ltr'><em>ού</em></span> <span class='ocrx_word' id='word_1_223' title='bbox 1615 2062 1682 2105; x_wconf 88' lang='grc' dir='ltr'><em>μα-</em></span> 
     </span>
     <span class='ocr_line' id='line_1_29' title="bbox 148 2092 1683 2154; baseline 0 -23"><span class='ocrx_word' id='word_1_224' title='bbox 148 2093 246 2141; x_wconf 78' lang='grc' dir='ltr'><em>κρὰν</em></span> <span class='ocrx_word' id='word_1_225' title='bbox 270 2096 336 2142; x_wconf 85' lang='grc' dir='ltr'><em>τῆς</em></span> <span class='ocrx_word' id='word_1_226' title='bbox 359 2093 572 2153; x_wconf 87' lang='grc' dir='ltr'><em>θαλάσσης·</em></span> <span class='ocrx_word' id='word_1_227' title='bbox 598 2093 834 2142; x_wconf 78' lang='grc' dir='ltr'><em>ὑδρεύεσθαι</em></span> <span class='ocrx_word' id='word_1_228' title='bbox 859 2092 928 2133; x_wconf 83' lang='grc' dir='ltr'><em>οὖν</em></span> <span class='ocrx_word' id='word_1_229' title='bbox 954 2097 1020 2133; x_wconf 81' lang='grc' dir='ltr'><em>καὶ</em></span> <span class='ocrx_word' id='word_1_230' title='bbox 1044 2096 1133 2138; x_wconf 81' lang='grc' dir='ltr'><em>τούς</em></span> <span class='ocrx_word' id='word_1_231' title='bbox 1158 2094 1294 2154; x_wconf 58' lang='grc' dir='ltr'><em>α,λλους</em></span> <span class='ocrx_word' id='word_1_232' title='bbox 1318 2095 1491 2139; x_wconf 74' lang='grc' dir='ltr'><em>καὶτοὺς</em></span> <span class='ocrx_word' id='word_1_233' title='bbox 1510 2096 1602 2153; x_wconf 86' lang='grc' dir='ltr'><em>περὶ</em></span> <span class='ocrx_word' id='word_1_234' title='bbox 1616 2093 1683 2131; x_wconf 89' lang='grc' dir='ltr'><em>τὸν</em></span> 
     </span>
     <span class='ocr_line' id='line_1_30' title="bbox 147 2139 1684 2202; baseline 0 -24"><span class='ocrx_word' id='word_1_235' title='bbox 147 2144 415 2202; x_wconf 52' lang='lat' dir='ltr'><em>Etpnmvt&#39;dyv</em></span> <span class='ocrx_word' id='word_1_236' title='bbox 452 2140 687 2202; x_wconf 79' lang='grc' dir='ltr'><em>κάτωθεν,</em></span> <span class='ocrx_word' id='word_1_237' title='bbox 727 2143 824 2180; x_wconf 82' lang='grc' dir='ltr'><em>ἔνθα</em></span> <span class='ocrx_word' id='word_1_238' title='bbox 856 2139 903 2200; x_wconf 82' lang='grc' dir='ltr'><em>ἦν</em></span> <span class='ocrx_word' id='word_1_239' title='bbox 935 2142 958 2191; x_wconf 86' lang='grc' dir='ltr'>ἡ</span> <span class='ocrx_word' id='word_1_240' title='bbox 991 2143 1128 2200; x_wconf 89' lang='grc' dir='ltr'><em>κρήνη·</em></span> <span class='ocrx_word' id='word_1_241' title='bbox 1167 2142 1464 2192; x_wconf 78' lang='grc' dir='ltr'><em>ἀνακομίζοντος</em></span> <span class='ocrx_word' id='word_1_242' title='bbox 1489 2143 1527 2180; x_wconf 88' lang='grc' dir='ltr'><em>δ’</em></span> <span class='ocrx_word' id='word_1_243' title='bbox 1555 2141 1684 2183; x_wconf 77' lang='grc' dir='ltr'><em>αὐτοῖς</em></span> 
     </span>
     <span class='ocr_line' id='line_1_31' title="bbox 149 2173 1683 2252; baseline -0.001 -26"><span class='ocrx_word' id='word_1_244' title='bbox 149 2203 191 2226; x_wconf 93' lang='grc' dir='ltr'><em>το</em></span> <span class='ocrx_word' id='word_1_245' title='bbox 222 2186 328 2236; x_wconf 82' lang='grc' dir='ltr'><em>υδωρ</em></span> <span class='ocrx_word' id='word_1_246' title='bbox 359 2203 470 2236; x_wconf 90' lang='grc' dir='ltr'><em>ονου,</em></span> <span class='ocrx_word' id='word_1_247' title='bbox 503 2204 549 2227; x_wconf 93' lang='grc' dir='ltr'><em>ον</em></span> <span class='ocrx_word' id='word_1_248' title='bbox 581 2173 743 2227; x_wconf 66' lang='grc' dir='ltr'><em>ἕκάλόυν</em></span> <span class='ocrx_word' id='word_1_249' title='bbox 770 2189 923 2228; x_wconf 87' lang='grc' dir='ltr'><em>Ἐπειὸν</em></span> <span class='ocrx_word' id='word_1_250' title='bbox 955 2191 1020 2228; x_wconf 80' lang='grc' dir='ltr'><em>διὰ</em></span> <span class='ocrx_word' id='word_1_251' title='bbox 1051 2190 1094 2228; x_wconf 89' lang='grc' dir='ltr'><em>τὸ</em></span> <span class='ocrx_word' id='word_1_252' title='bbox 1121 2195 1423 2252; x_wconf 80' lang='grc' dir='ltr'><em>μυθολογεῖσθαι</em></span> <span class='ocrx_word' id='word_1_253' title='bbox 1449 2193 1562 2228; x_wconf 85' lang='grc' dir='ltr'><em>τοῦτο</em></span> <span class='ocrx_word' id='word_1_254' title='bbox 1588 2191 1683 2235; x_wconf 85' lang='grc' dir='ltr'><em>δρᾶν</em></span> 
     </span>
     <span class='ocr_line' id='line_1_32' title="bbox 149 2220 1684 2297; baseline 0 -24"><span class='ocrx_word' id='word_1_255' title='bbox 149 2234 299 2274; x_wconf 72' lang='grc' dir='ltr'><em>ἐκεῖνον</em></span> <span class='ocrx_word' id='word_1_256' title='bbox 313 2238 376 2274; x_wconf 73' lang='grc' dir='ltr'><em>καὶ</em></span> <span class='ocrx_word' id='word_1_257' title='bbox 391 2220 692 2296; x_wconf 78' lang='grc' dir='ltr'><em>ἀναγεγράφθαι</em></span> <span class='ocrx_word' id='word_1_258' title='bbox 705 2237 746 2276; x_wconf 76' lang='grc' dir='ltr'><em>ἐν</em></span> <span class='ocrx_word' id='word_1_259' title='bbox 766 2240 818 2288; x_wconf 80' lang='grc' dir='ltr'><em>τῷ</em></span> <span class='ocrx_word' id='word_1_260' title='bbox 836 2240 904 2276; x_wconf 86' lang='grc' dir='ltr'><em>τοῦ</em></span> <span class='ocrx_word' id='word_1_261' title='bbox 920 2236 1143 2281; x_wconf 81' lang='grc' dir='ltr'><em>’Λπόλλωνος</em></span> <span class='ocrx_word' id='word_1_262' title='bbox 1162 2239 1249 2289; x_wconf 82' lang='grc' dir='ltr'><em>ἴερῷ</em></span> <span class='ocrx_word' id='word_1_263' title='bbox 1269 2237 1336 2276; x_wconf 85' lang='grc' dir='ltr'><em>τὸν</em></span> <span class='ocrx_word' id='word_1_264' title='bbox 1353 2237 1526 2297; x_wconf 85' lang='grc' dir='ltr'><em>Τρωϊκὸν</em></span> <span class='ocrx_word' id='word_1_265' title='bbox 1546 2240 1684 2285; x_wconf 84' lang='grc' dir='ltr'><em>μῦθον,</em></span> 
     </span>
     <span class='ocr_line' id='line_1_33' title="bbox 153 2277 1683 2345; baseline 0.001 -25"><span class='ocrx_word' id='word_1_266' title='bbox 153 2281 195 2320; x_wconf 78' lang='grc' dir='ltr'><em>έν</em></span> <span class='ocrx_word' id='word_1_267' title='bbox 220 2279 249 2333; x_wconf 81' lang='grc' dir='ltr'><em>ᾦ</em></span> <span class='ocrx_word' id='word_1_268' title='bbox 276 2282 297 2320; x_wconf 84' lang='lat'><em>6</em></span> <span class='ocrx_word' id='word_1_269' title='bbox 321 2282 471 2326; x_wconf 87' lang='grc' dir='ltr'><em>Ἐπειὸς</em></span> <span class='ocrx_word' id='word_1_270' title='bbox 488 2283 710 2342; x_wconf 75' lang='grc' dir='ltr'><em>ὑδροφορεῖ</em></span> <span class='ocrx_word' id='word_1_271' title='bbox 730 2292 807 2328; x_wconf 82' lang='grc' dir='ltr'><em>τοῖς</em></span> <span class='ocrx_word' id='word_1_272' title='bbox 829 2285 1045 2333; x_wconf 71' lang='grc' dir='ltr'><em>Ἀτρείδαις,</em></span> <span class='ocrx_word' id='word_1_273' title='bbox 1072 2285 1123 2329; x_wconf 80' lang='grc' dir='ltr'><em>ὡς</em></span> <span class='ocrx_word' id='word_1_274' title='bbox 1146 2288 1212 2323; x_wconf 81' lang='grc' dir='ltr'><em>καὶ</em></span> <span class='ocrx_word' id='word_1_275' title='bbox 1227 2277 1458 2345; x_wconf 90' lang='grc' dir='ltr'><em>Στησίχορός</em></span> <span class='ocrx_word' id='word_1_276' title='bbox 1483 2298 1591 2332; x_wconf 88' lang='grc' dir='ltr'><em>φησι·</em></span> <span class='ocrx_word' id='word_1_277' title='bbox 1615 2313 1623 2321; x_wconf 97' lang='grc'><em>.</em></span> <span class='ocrx_word' id='word_1_278' title='bbox 1646 2315 1654 2323; x_wconf 88' lang='grc'><em>.</em></span> <span class='ocrx_word' id='word_1_279' title='bbox 1675 2315 1683 2322; x_wconf 92' lang='grc'><em>.</em></span> 
     </span>
     <span class='ocr_line' id='line_1_34' title="bbox 151 2327 1684 2392; baseline 0.001 -25"><span class='ocrx_word' id='word_1_280' title='bbox 151 2329 399 2378; x_wconf 76' lang='grc' dir='ltr'><em>ὑπαρχόντων</em></span> <span class='ocrx_word' id='word_1_281' title='bbox 431 2327 501 2368; x_wconf 80' lang='grc' dir='ltr'><em>οὖν</em></span> <span class='ocrx_word' id='word_1_282' title='bbox 533 2331 676 2370; x_wconf 87' lang='grc' dir='ltr'><em>τούτων</em></span> <span class='ocrx_word' id='word_1_283' title='bbox 702 2335 899 2391; x_wconf 85' lang='grc' dir='ltr'><em>ταχθῆναί</em></span> <span class='ocrx_word' id='word_1_284' title='bbox 919 2347 1013 2380; x_wconf 89' lang='grc' dir='ltr'><em>φασι</em></span> <span class='ocrx_word' id='word_1_285' title='bbox 1038 2335 1088 2383; x_wconf 82' lang='grc' dir='ltr'><em>τῷ</em></span> <span class='ocrx_word' id='word_1_286' title='bbox 1121 2332 1171 2381; x_wconf 88' lang='grc' dir='ltr'><em>μὴ</em></span> <span class='ocrx_word' id='word_1_287' title='bbox 1197 2334 1495 2392; x_wconf 81' lang='grc' dir='ltr'><em>παραγενομένῳ</em></span> <span class='ocrx_word' id='word_1_288' title='bbox 1522 2335 1595 2370; x_wconf 80' lang='grc' dir='ltr'><em>τῶν</em></span> <span class='ocrx_word' id='word_1_289' title='bbox 1622 2346 1684 2379; x_wconf 89' lang='grc' dir='ltr'><em>χο-</em></span> 
     </span>
     <span class='ocr_line' id='line_1_35' title="bbox 152 2372 1683 2442; baseline 0 -27"><span class='ocrx_word' id='word_1_290' title='bbox 152 2380 296 2425; x_wconf 79' lang='grc' dir='ltr'><em>ρευτῶν</em></span> <span class='ocrx_word' id='word_1_291' title='bbox 334 2378 389 2437; x_wconf 85' lang='grc' dir='ltr'><em>είς</em></span> <span class='ocrx_word' id='word_1_292' title='bbox 420 2378 490 2439; x_wconf 87' lang='grc' dir='ltr'><em>τὴν</em></span> <span class='ocrx_word' id='word_1_293' title='bbox 528 2379 735 2436; x_wconf 74' lang='grc' dir='ltr'><em>ὡρισμένην</em></span> <span class='ocrx_word' id='word_1_294' title='bbox 774 2396 876 2427; x_wconf 87' lang='grc' dir='ltr'><em>ωραν</em></span> <span class='ocrx_word' id='word_1_295' title='bbox 914 2372 1107 2442; x_wconf 81' lang='grc' dir='ltr'><em>παρέχειν</em></span> <span class='ocrx_word' id='word_1_296' title='bbox 1134 2383 1184 2430; x_wconf 81' lang='grc' dir='ltr'><em>τῷ</em></span> <span class='ocrx_word' id='word_1_297' title='bbox 1223 2379 1299 2438; x_wconf 86' lang='grc' dir='ltr'><em>ὄνῳ</em></span> <span class='ocrx_word' id='word_1_298' title='bbox 1339 2384 1486 2439; x_wconf 84' lang='grc' dir='ltr'><em>χοίνικα</em></span> <span class='ocrx_word' id='word_1_299' title='bbox 1525 2382 1683 2427; x_wconf 80' lang='grc' dir='ltr'><em>κριθῶν.</em></span> 
     </span>
     <span class='ocr_line' id='line_1_36' title="bbox 154 2419 1684 2487; baseline 0.001 -24"><span class='ocrx_word' id='word_1_300' title='bbox 154 2428 278 2463; x_wconf 88' lang='grc' dir='ltr'><em>Τοῦτο</em></span> <span class='ocrx_word' id='word_1_301' title='bbox 305 2440 376 2463; x_wconf 88' lang='grc' dir='ltr'><em>ουν</em></span> <span class='ocrx_word' id='word_1_302' title='bbox 400 2440 474 2463; x_wconf 87' lang='grc' dir='ltr'><em>καν</em></span> <span class='ocrx_word' id='word_1_303' title='bbox 500 2428 550 2474; x_wconf 79' lang='grc' dir='ltr'><em>τῷ</em></span> <span class='ocrx_word' id='word_1_304' title='bbox 577 2430 712 2485; x_wconf 88' lang='grc' dir='ltr'><em>ποιητῇ</em></span> <span class='ocrx_word' id='word_1_305' title='bbox 738 2429 936 2487; x_wconf 85' lang='grc' dir='ltr'><em>λέγεσθαι·</em></span> <span class='ocrx_word' id='word_1_306' title='bbox 972 2429 1037 2466; x_wconf 81' lang='grc' dir='ltr'><em>καὶ</em></span> <span class='ocrx_word' id='word_1_307' title='bbox 1069 2427 1167 2465; x_wconf 81' lang='grc' dir='ltr'><em>εἶναι</em></span> <span class='ocrx_word' id='word_1_308' title='bbox 1201 2428 1265 2465; x_wconf 87' lang='grc' dir='ltr'><em>τὸν</em></span> <span class='ocrx_word' id='word_1_309' title='bbox 1277 2419 1366 2476; x_wconf 70' lang='grc' dir='ltr'><em>μὲν</em></span> <span class='ocrx_word' id='word_1_310' title='bbox 1393 2426 1444 2466; x_wconf 81' lang='grc' dir='ltr'><em>οὗ</em></span> <span class='ocrx_word' id='word_1_311' title='bbox 1478 2428 1684 2474; x_wconf 89' lang='grc' dir='ltr'><em>φέροντα</em></span> 
     </span>
     <span class='ocr_line' id='line_1_37' title="bbox 151 2472 1684 2531; baseline 0.001 -21"><span class='ocrx_word' id='word_1_312' title='bbox 151 2472 199 2511; x_wconf 88' lang='grc' dir='ltr'><em>τὸ</em></span> <span class='ocrx_word' id='word_1_313' title='bbox 233 2475 316 2510; x_wconf 77' lang='grc' dir='ltr'><em>τοῦ</em></span> <span class='ocrx_word' id='word_1_314' title='bbox 348 2473 554 2531; x_wconf 77' lang='grc' dir='ltr'><em>τέττιγος</em></span> <span class='ocrx_word' id='word_1_315' title='bbox 584 2472 758 2512; x_wconf 76' lang='grc' dir='ltr'><em>ἄεθλον</em></span> <span class='ocrx_word' id='word_1_316' title='bbox 783 2474 849 2512; x_wconf 84' lang='grc' dir='ltr'><em>τὸν</em></span> <span class='ocrx_word' id='word_1_317' title='bbox 876 2474 944 2513; x_wconf 76' lang='grc' dir='ltr'><em>οὐκ</em></span> <span class='ocrx_word' id='word_1_318' title='bbox 972 2474 1157 2513; x_wconf 76' lang='grc' dir='ltr'><em>ἐθέλοντα</em></span> <span class='ocrx_word' id='word_1_319' title='bbox 1183 2474 1309 2526; x_wconf 78' lang='grc' dir='ltr'><em>ᾅδειν·</em></span> <span class='ocrx_word' id='word_1_320' title='bbox 1343 2475 1684 2522; x_wconf 85' lang='grc' dir='ltr'><em>Πανοπηϊάδην</em></span> 
     </span>
     <span class='ocr_line' id='line_1_38' title="bbox 152 2519 1684 2583; baseline 0 -25"><span class='ocrx_word' id='word_1_321' title='bbox 152 2523 268 2567; x_wconf 82' lang='grc' dir='ltr'><em>([1.ψ</em></span> <span class='ocrx_word' id='word_1_322' title='bbox 289 2526 372 2566; x_wconf 84' lang='grc'><strong>665)</strong></span> <span class='ocrx_word' id='word_1_323' title='bbox 397 2521 440 2558; x_wconf 76' lang='grc' dir='ltr'><em>δὲ</em></span> <span class='ocrx_word' id='word_1_324' title='bbox 467 2519 534 2558; x_wconf 86' lang='grc' dir='ltr'><em>τὸν</em></span> <span class='ocrx_word' id='word_1_325' title='bbox 561 2519 670 2558; x_wconf 81' lang='grc' dir='ltr'><em>ὄνον·</em></span> <span class='ocrx_word' id='word_1_326' title='bbox 696 2522 829 2583; x_wconf 89' lang='grc' dir='ltr'><em>μέγα</em></span> <span class='ocrx_word' id='word_1_327' title='bbox 836 2526 1027 2560; x_wconf 83' lang='grc' dir='ltr'><em>δεῖπνον</em></span> <span class='ocrx_word' id='word_1_328' title='bbox 1053 2522 1122 2570; x_wconf 88' lang='grc' dir='ltr'><em>τὴν</em></span> <span class='ocrx_word' id='word_1_329' title='bbox 1147 2527 1295 2570; x_wconf 88' lang='grc' dir='ltr'><em>χοίνικα</em></span> <span class='ocrx_word' id='word_1_330' title='bbox 1321 2526 1396 2561; x_wconf 79' lang='grc' dir='ltr'><em>τῶν</em></span> <span class='ocrx_word' id='word_1_331' title='bbox 1420 2525 1578 2580; x_wconf 80' lang='grc' dir='ltr'><em>κριθῶν.</em></span> <span class='ocrx_word' id='word_1_332' title='bbox 1629 2523 1684 2558; x_wconf 80' lang='lat' dir='ltr'><em>Of.</em></span> 
     </span>
     <span class='ocr_line' id='line_1_39' title="bbox 154 2567 1683 2630; baseline 0.001 -25"><span class='ocrx_word' id='word_1_333' title='bbox 154 2569 396 2613; x_wconf 72' lang='grc' dir='ltr'><em>801101.11.ψ</em></span> <span class='ocrx_word' id='word_1_334' title='bbox 417 2574 503 2606; x_wconf 87' lang='lat'>665:</span> <span class='ocrx_word' id='word_1_335' title='bbox 531 2567 715 2612; x_wconf 75' lang='grc' dir='ltr'><em>ἐλεήσασα</em></span> <span class='ocrx_word' id='word_1_336' title='bbox 741 2570 783 2606; x_wconf 75' lang='grc' dir='ltr'><em>δὲ</em></span> <span class='ocrx_word' id='word_1_337' title='bbox 811 2569 834 2615; x_wconf 85' lang='grc' dir='ltr'>ἡ</span> <span class='ocrx_word' id='word_1_338' title='bbox 858 2569 995 2630; x_wconf 78' lang='grc' dir='ltr'><em>Ἀθηνᾶ</em></span> <span class='ocrx_word' id='word_1_339' title='bbox 1023 2568 1064 2607; x_wconf 82' lang='grc' dir='ltr'><em>ἔν</em></span> <span class='ocrx_word' id='word_1_340' title='bbox 1090 2576 1169 2613; x_wconf 82' lang='grc' dir='ltr'><em>τοῖς</em></span> <span class='ocrx_word' id='word_1_341' title='bbox 1193 2577 1390 2617; x_wconf 83' lang='grc' dir='ltr'><em>χορευταῖς</em></span> <span class='ocrx_word' id='word_1_342' title='bbox 1415 2571 1508 2617; x_wconf 80' lang='grc' dir='ltr'><em>φησὶ</em></span> <span class='ocrx_word' id='word_1_343' title='bbox 1527 2569 1592 2607; x_wconf 84' lang='grc' dir='ltr'><em>τὸν</em></span> <span class='ocrx_word' id='word_1_344' title='bbox 1613 2568 1683 2607; x_wconf 77' lang='grc' dir='ltr'><em>οὐκ</em></span> 
     </span>
     <span class='ocr_line' id='line_1_40' title="bbox 155 2614 1685 2675; baseline 0.001 -22"><span class='ocrx_word' id='word_1_345' title='bbox 155 2614 339 2653; x_wconf 74' lang='grc' dir='ltr'><em>ἐθέλοντα</em></span> <span class='ocrx_word' id='word_1_346' title='bbox 372 2616 505 2662; x_wconf 87' lang='grc' dir='ltr'><em>φέρειν</em></span> <span class='ocrx_word' id='word_1_347' title='bbox 535 2617 701 2675; x_wconf 85' lang='grc' dir='ltr'><em>τέττιγος</em></span> <span class='ocrx_word' id='word_1_348' title='bbox 730 2615 875 2654; x_wconf 88' lang='grc' dir='ltr'><em>αεθλον</em></span> <span class='ocrx_word' id='word_1_349' title='bbox 907 2616 992 2654; x_wconf 75' lang='grc' dir='ltr'><em>ἀντὶ</em></span> <span class='ocrx_word' id='word_1_350' title='bbox 1022 2619 1090 2655; x_wconf 74' lang='grc' dir='ltr'><em>τοῦ</em></span> <span class='ocrx_word' id='word_1_351' title='bbox 1123 2615 1165 2660; x_wconf 82' lang='grc' dir='ltr'><em>ὃς</em></span> <span class='ocrx_word' id='word_1_352' title='bbox 1195 2621 1305 2666; x_wconf 84' lang='grc' dir='ltr'><em>νίκην</em></span> <span class='ocrx_word' id='word_1_353' title='bbox 1341 2633 1404 2665; x_wconf 91' lang='grc' dir='ltr'><em>μοι</em></span> <span class='ocrx_word' id='word_1_354' title='bbox 1429 2620 1685 2664; x_wconf 85' lang='grc' dir='ltr'><em>περιποιῆσαι,</em></span> 
     </span>
     <span class='ocr_line' id='line_1_41' title="bbox 152 2663 1687 2714; baseline 0.002 -14"><span class='ocrx_word' id='word_1_355' title='bbox 152 2665 203 2712; x_wconf 81' lang='grc' dir='ltr'><em>τῷ</em></span> <span class='ocrx_word' id='word_1_356' title='bbox 235 2666 417 2711; x_wconf 87' lang='grc' dir='ltr'><em>Πανοπῆϊ</em></span> <span class='ocrx_word' id='word_1_357' title='bbox 450 2666 571 2711; x_wconf 85' lang='grc' dir='ltr'><em>δηλῶς</em></span> <span class='ocrx_word' id='word_1_358' title='bbox 602 2663 695 2711; x_wconf 80' lang='grc' dir='ltr'><em>μετὰ</em></span> <span class='ocrx_word' id='word_1_359' title='bbox 728 2667 886 2702; x_wconf 81' lang='grc' dir='ltr'><em>δεῖπνον</em></span> <span class='ocrx_word' id='word_1_360' title='bbox 917 2663 1053 2714; x_wconf 82' lang='grc' dir='ltr'><em>Ἐπειῷ</em></span> <span class='ocrx_word' id='word_1_361' title='bbox 1137 2668 1237 2711; x_wconf 88' lang='grc' dir='ltr'><em>μίαν.</em></span> <span class='ocrx_word' id='word_1_362' title='bbox 1288 2667 1390 2702; x_wconf 67' lang='lat' dir='ltr'><strong>Eunt.</strong></span> <span class='ocrx_word' id='word_1_363' title='bbox 1426 2670 1536 2711; x_wconf 90' lang='grc'><em>1323,</em></span> <span class='ocrx_word' id='word_1_364' title='bbox 1569 2671 1615 2703; x_wconf 89' lang='grc'><em>60</em></span> <span class='ocrx_word' id='word_1_365' title='bbox 1647 2669 1687 2703; x_wconf 69' lang='lat' dir='ltr'><em>et</em></span> 
     </span>
     <span class='ocr_line' id='line_1_42' title="bbox 158 2668 1683 2760; baseline 0.001 -12"><span class='ocrx_word' id='word_1_366' title='bbox 158 2715 262 2756; x_wconf 86' lang='grc'><em>1606,</em></span> <span class='ocrx_word' id='word_1_367' title='bbox 282 2716 339 2749; x_wconf 84' lang='grc'><em>60.</em></span> <span class='ocrx_word' id='word_1_368' title='bbox 379 2712 499 2748; x_wconf 78' lang='lat' dir='ltr'>Affert</span> <span class='ocrx_word' id='word_1_369' title='bbox 517 2713 630 2748; x_wconf 78' lang='lat' dir='ltr'><strong>etiam</strong></span> <span class='ocrx_word' id='word_1_370' title='bbox 650 2713 702 2748; x_wconf 92' lang='lat' dir='ltr'><em>Io.</em></span> <span class='ocrx_word' id='word_1_371' title='bbox 723 2712 832 2749; x_wconf 78' lang='lat' dir='ltr'><strong>Sicel.</strong></span> <span class='ocrx_word' id='word_1_372' title='bbox 853 2714 974 2750; x_wconf 81' lang='lat' dir='ltr'><strong>Walz.</strong></span> <span class='ocrx_word' id='word_1_373' title='bbox 994 2668 1163 2750; x_wconf 62' lang='grc' dir='ltr'><em>Βὴθι.ἾΓ.</em></span> <span class='ocrx_word' id='word_1_374' title='bbox 1183 2714 1279 2760; x_wconf 87' lang='lat' dir='ltr'><strong>le</strong></span> <span class='ocrx_word' id='word_1_375' title='bbox 1283 2719 1375 2750; x_wconf 85' lang='grc'><em>.200</em></span> <span class='ocrx_word' id='word_1_376' title='bbox 1394 2714 1474 2758; x_wconf 83' lang='lat' dir='ltr'>(ubi</span> <span class='ocrx_word' id='word_1_377' title='bbox 1494 2726 1526 2749; x_wconf 88' lang='lat' dir='ltr'><em>v.</em></span> <span class='ocrx_word' id='word_1_378' title='bbox 1547 2718 1569 2749; x_wconf 83' lang='lat'>2</span> <span class='ocrx_word' id='word_1_379' title='bbox 1589 2711 1683 2758; x_wconf 82' lang='grc' dir='ltr'><em>μετὰ</em></span> 
     </span>
     <span class='ocr_line' id='line_1_43' title="bbox 154 2726 1684 2820; baseline 0.002 -25"><span class='ocrx_word' id='word_1_380' title='bbox 154 2760 312 2795; x_wconf 82' lang='grc' dir='ltr'><em>δειπνον</em></span> <span class='ocrx_word' id='word_1_381' title='bbox 338 2758 475 2796; x_wconf 80' lang='grc' dir='ltr'><em>δώσειν</em></span> <span class='ocrx_word' id='word_1_382' title='bbox 502 2756 565 2797; x_wconf 80' lang='grc' dir='ltr'><em>ἐπ’</em></span> <span class='ocrx_word' id='word_1_383' title='bbox 591 2757 647 2806; x_wconf 79' lang='grc' dir='ltr'><em>ἠὼ</em></span> <span class='ocrx_word' id='word_1_384' title='bbox 674 2760 831 2805; x_wconf 78' lang='lat' dir='ltr'>legitur,</span> <span class='ocrx_word' id='word_1_385' title='bbox 861 2761 960 2806; x_wconf 87' lang='lat' dir='ltr'>quod</span> <span class='ocrx_word' id='word_1_386' title='bbox 986 2761 1051 2797; x_wconf 85' lang='lat' dir='ltr'>ille</span> <span class='ocrx_word' id='word_1_387' title='bbox 1077 2760 1257 2820; x_wconf 65' lang='lat' dir='ltr'>expliqat,</span> <span class='ocrx_word' id='word_1_388' title='bbox 1255 2726 1352 2797; x_wconf 63' lang='lat' dir='ltr'><em>psed</em></span> <span class='ocrx_word' id='word_1_389' title='bbox 1379 2763 1561 2798; x_wconf 76' lang='lat' dir='ltr'><strong>memorat</strong></span> <span class='ocrx_word' id='word_1_390' title='bbox 1585 2761 1684 2798; x_wconf 83' lang='lat' dir='ltr'><strong>idem</strong></span> 
     </span>
     <span class='ocr_line' id='line_1_44' title="bbox 154 2804 1685 2857; baseline 0.002 -15"><span class='ocrx_word' id='word_1_391' title='bbox 154 2806 352 2843; x_wconf 77' lang='lat' dir='ltr'>lectionem</span> <span class='ocrx_word' id='word_1_392' title='bbox 375 2804 539 2857; x_wconf 81' lang='grc' dir='ltr'><em>Ἐπειῷ)</em></span> <span class='ocrx_word' id='word_1_393' title='bbox 566 2810 605 2844; x_wconf 79' lang='lat' dir='ltr'><em>et</em></span> <span class='ocrx_word' id='word_1_394' title='bbox 623 2807 691 2843; x_wconf 92' lang='lat' dir='ltr'><strong>VII</strong></span> <span class='ocrx_word' id='word_1_395' title='bbox 710 2819 746 2854; x_wconf 88' lang='lat' dir='ltr'><em>p.</em></span> <span class='ocrx_word' id='word_1_396' title='bbox 768 2811 837 2844; x_wconf 82' lang='lat'><em>949</em></span> <span class='ocrx_word' id='word_1_397' title='bbox 856 2808 936 2852; x_wconf 87' lang='lat' dir='ltr'>(ubi</span> <span class='ocrx_word' id='word_1_398' title='bbox 955 2820 989 2844; x_wconf 87' lang='lat' dir='ltr'><em>v.</em></span> <span class='ocrx_word' id='word_1_399' title='bbox 1012 2813 1028 2844; x_wconf 92' lang='grc'><em>1</em></span> <span class='ocrx_word' id='word_1_400' title='bbox 1056 2806 1129 2843; x_wconf 83' lang='grc' dir='ltr'><em>τίν’</em></span> <span class='ocrx_word' id='word_1_401' title='bbox 1158 2804 1239 2853; x_wconf 76' lang='grc' dir='ltr'><em>οὐκ,</em></span> <span class='ocrx_word' id='word_1_402' title='bbox 1266 2809 1342 2845; x_wconf 79' lang='lat' dir='ltr'><strong>sed.</strong></span> <span class='ocrx_word' id='word_1_403' title='bbox 1363 2810 1461 2845; x_wconf 89' lang='lat' dir='ltr'><strong>Mon.</strong></span> <span class='ocrx_word' id='word_1_404' title='bbox 1483 2810 1590 2850; x_wconf 85' lang='grc' dir='ltr'><em>τίνας</em></span> <span class='ocrx_word' id='word_1_405' title='bbox 1614 2805 1685 2846; x_wconf 72' lang='grc' dir='ltr'><em>οὐκ</em></span> 
     </span>
     <span class='ocr_line' id='line_1_45' title="bbox 154 2846 1683 2910; baseline 0.003 -22"><span class='ocrx_word' id='word_1_406' title='bbox 154 2851 375 2910; x_wconf 76' lang='grc' dir='ltr'><em>ἐθέλοντας,</em></span> <span class='ocrx_word' id='word_1_407' title='bbox 414 2846 497 2892; x_wconf 73' lang='lat' dir='ltr'><strong>Par.</strong></span> <span class='ocrx_word' id='word_1_408' title='bbox 528 2860 550 2891; x_wconf 84' lang='grc'>2</span> <span class='ocrx_word' id='word_1_409' title='bbox 588 2856 688 2896; x_wconf 80' lang='grc' dir='ltr'><em>τίνες</em></span> <span class='ocrx_word' id='word_1_410' title='bbox 724 2852 794 2891; x_wconf 76' lang='grc' dir='ltr'><em>οὐκ</em></span> <span class='ocrx_word' id='word_1_411' title='bbox 834 2852 1051 2901; x_wconf 79' lang='grc' dir='ltr'><em>ἐθέλοντες,</em></span> <span class='ocrx_word' id='word_1_412' title='bbox 1089 2856 1222 2892; x_wconf 82' lang='lat' dir='ltr'>deinde</span> <span class='ocrx_word' id='word_1_413' title='bbox 1253 2868 1287 2892; x_wconf 88' lang='lat' dir='ltr'><em>v.</em></span> <span class='ocrx_word' id='word_1_414' title='bbox 1314 2860 1335 2892; x_wconf 85' lang='lat'>2</span> <span class='ocrx_word' id='word_1_415' title='bbox 1367 2857 1466 2893; x_wconf 81' lang='lat' dir='ltr'><strong>Mon.</strong></span> <span class='ocrx_word' id='word_1_416' title='bbox 1493 2857 1575 2894; x_wconf 81' lang='lat' dir='ltr'><strong>Par.</strong></span> <span class='ocrx_word' id='word_1_417' title='bbox 1604 2860 1635 2902; x_wconf 84' lang='lat'><em>1,</em></span> <span class='ocrx_word' id='word_1_418' title='bbox 1661 2861 1683 2893; x_wconf 89' lang='grc'>2</span> 
     </span>
     <span class='ocr_line' id='line_1_46' title="bbox 154 2899 626 2948; baseline 0.007 -12"><span class='ocrx_word' id='word_1_419' title='bbox 154 2899 247 2946; x_wconf 80' lang='grc' dir='ltr'><em>μετὰ</em></span> <span class='ocrx_word' id='word_1_420' title='bbox 273 2903 428 2938; x_wconf 82' lang='grc' dir='ltr'><em>δειπνον</em></span> <span class='ocrx_word' id='word_1_421' title='bbox 455 2899 517 2939; x_wconf 80' lang='grc' dir='ltr'><em>ἐπ’</em></span> <span class='ocrx_word' id='word_1_422' title='bbox 544 2899 626 2948; x_wconf 83' lang='grc' dir='ltr'><em>ἠῶ).</em></span> 
     </span>
    </p>
   </div>
   <div class='ocr_carea' id='block_1_8' title="bbox 249 2948 1684 2999">
    <p class='ocr_par' dir='ltr' id='par_1_10' title="bbox 249 2948 1684 2999">
     <span class='ocr_line' id='line_1_47' title="bbox 249 2948 1684 2999; baseline 0.002 -14"><span class='ocrx_word' id='word_1_423' title='bbox 249 2948 376 2996; x_wconf 84' lang='lat' dir='ltr'><strong>Epigr.</strong></span> <span class='ocrx_word' id='word_1_424' title='bbox 406 2953 484 2988; x_wconf 77' lang='lat'><em>174.</em></span> <span class='ocrx_word' id='word_1_425' title='bbox 533 2950 668 2987; x_wconf 76' lang='lat' dir='ltr'><strong>Athen.</strong></span> <span class='ocrx_word' id='word_1_426' title='bbox 695 2950 763 2987; x_wconf 88' lang='lat' dir='ltr'><em>XV</em></span> <span class='ocrx_word' id='word_1_427' title='bbox 790 2954 859 2987; x_wconf 81' lang='lat'>680</span> <span class='ocrx_word' id='word_1_428' title='bbox 872 2951 922 2987; x_wconf 93' lang='lat' dir='ltr'><em>D.</em></span> <span class='ocrx_word' id='word_1_429' title='bbox 956 2949 1150 2998; x_wconf 83' lang='grc' dir='ltr'><em>Χορωνόν.</em></span> <span class='ocrx_word' id='word_1_430' title='bbox 1195 2948 1326 2988; x_wconf 81' lang='grc' dir='ltr'><em>Ἀπίων</em></span> <span class='ocrx_word' id='word_1_431' title='bbox 1358 2949 1400 2988; x_wconf 77' lang='grc' dir='ltr'><em>ἐν</em></span> <span class='ocrx_word' id='word_1_432' title='bbox 1432 2952 1482 2999; x_wconf 80' lang='grc' dir='ltr'><em>τῷ</em></span> <span class='ocrx_word' id='word_1_433' title='bbox 1508 2951 1594 2999; x_wconf 77' lang='grc' dir='ltr'><em>περὶ</em></span> <span class='ocrx_word' id='word_1_434' title='bbox 1619 2952 1684 2998; x_wconf 79' lang='grc' dir='ltr'><em>τῆς</em></span> 
     </span>
    </p>
   </div>
   <div class='ocr_carea' id='block_1_9' title="bbox 0 1918 70 3126">
    <p class='ocr_par' dir='ltr' id='par_1_11' title="bbox 0 1918 70 3126">
     <span class='ocr_line' id='line_1_48' title="bbox 0 1918 70 3126; baseline 0 0"><span class='ocrx_word' id='word_1_435' title='bbox 0 1918 70 3126; x_wconf 95' lang='lat' dir='ltr'><em> </em></span> 
     </span>
    </p>
   </div>
  </div>
 </body>
</html>
