1864 3126
769 173 1050 213 ANACREON.
1595 169 1684 213 273

244 286 432 345 μέλομαι
463 284 663 344 βρύοντα
694 287 871 343 μίτραις

244 358 578 415 πολυανθέμοις
594 392 595 395 ¹
607 355 779 402 ἀείδειν
789 370 798 380 ·

245 426 323 474 ὅδε
354 427 439 487 γὰρ
470 430 595 473 θεῶν
627 425 877 483 δυναστής,

205 512 226 544 5
247 498 326 545 ὅδε
356 499 429 544 καὶ
460 497 652 558 βροτοὺς
682 497 878 555 δαμάζει.

811 618 1020 672 66.[65]

718 698 848 744 Ἀλλὰ
879 698 1070 757 πρόπινε

165 828 172 839 ¹
245 772 482 831 ῥαδινούς,
514 767 549 817 ὦ
582 776 705 830 φίλε,
738 771 920 829 μηρούς.

318 995 326 999 ,
813 941 1022 994 67.[66]

174 1014 178 1018 ι
242 1022 497 1082 Ἁδυμελές,
528 1026 741 1081 χαρίεσσα
772 1025 954 1080 χελιδοῖ.

813 1143 883 1187 68.
916 1143 1022 1198 [67.]
1275 1195 1277 1198 ι
1597 1151 1688 1183 1028

180 1278 183 1281 ⁴
250 1228 432 1271 Μνᾶται
464 1219 599 1283 δηῦτε
630 1223 858 1284 φαλακρὸς
876 1223 1057 1278 ”Αλεξις.

147 1366 320 1416 Ἔρωτα
346 1370 421 1404 κτλ.
473 1364 684 1414 Εὐριπίδης
707 1366 864 1415 γράφει·
883 1365 1004 1413 Ἔρως
1028 1365 1100 1413 γὰρ
1126 1364 1270 1413 ανδρας
1295 1363 1340 1402 οὐ
1367 1364 1508 1421 μόνους
1532 1364 1686 1422 ἐξέρχε-

156 1430 220 1452 ται
243 1419 319 1452 κτλ.
365 1416 483 1452 Affert
509 1416 623 1452 etiam
649 1419 776 1452 Arsen.
803 1416 902 1452 Viol.
931 1419 1008 1451 110.
1054 1415 1131 1451 Iam
1157 1415 1198 1450 in
1216 1415 1273 1450 ed.
1293 1427 1347 1460 pr.
1374 1414 1412 1449 in
1439 1414 1693 1460 suspicionem

157 1464 290 1500 vocavi
314 1465 382 1499 hos
407 1464 622 1508 versiculos,
646 1465 779 1510 postea
803 1463 915 1510 pla’ne
941 1463 1075 1499 seclusi
1101 1464 1140 1498 et
1165 1462 1431 1498 Anacreonteis
1449 1461 1608 1505 subieci;
1634 1462 1688 1496 in-

155 1511 287 1558 primis
312 1511 519 1547 similitudo
545 1522 642 1556 quae
666 1511 864 1547 intercedit
876 1512 975 1547 inter
988 1510 1057 1547 hos
1070 1522 1198 1546 versus
1224 1512 1263 1546 et
1287 1510 1585 1546 Anacreonteum
1610 1520 1688 1544 car-

157 1570 242 1595 men
267 1562 312 1594 53
338 1558 473 1599 effecit,
501 1559 542 1594 ut
560 1558 790 1595 confidenter
809 1558 900 1594 Teio
919 1559 1054 1604 poetae
1074 1557 1342 1613 abiudicarem,
1369 1568 1597 1602 qumquam
1617 1557 1689 1592 hoc

156 1607 419 1661 argumentum
450 1617 588 1652 anceps
619 1617 700 1642 esse
733 1605 932 1652 intellego,
963 1617 1050 1642 nam
1081 1605 1220 1651 passim
1251 1586 1366 1641 etiain
1391 1615 1570 1659 germana
1594 1603 1689 1640 Ana-

157 1653 318 1690 creontis
354 1653 522 1690 carmina
552 1654 724 1700 exemplo
759 1654 910 1690 fuerunt
940 1653 1203 1690 imitatoribus.
1252 1652 1362 1689 Nunc
1386 1652 1557 1698 quamvis
1582 1652 1688 1688 dubi-

156 1702 282 1738 tanter
313 1701 352 1737 in
383 1713 490 1737 suum
528 1701 653 1737 locum
683 1702 848 1746 restitui,
881 1701 1082 1747 descripsit
1115 1701 1213 1736 enim
1249 1701 1420 1737 Clemens
1449 1701 1543 1736 haec
1574 1700 1691 1753 copiis

156 1761 244 1786 usus
269 1749 610 1804 grammaticorum,
635 1748 702 1795 qui
726 1749 772 1785 de
797 1749 907 1785 furtis
931 1749 1170 1794 antiquorum
1195 1748 1420 1802 scriptorum
1446 1746 1690 1784 commentati

159 1798 278 1841 erant,
302 1797 367 1842 qui
391 1796 543 1842 quidem
563 1808 673 1843 saepe
693 1808 799 1833 secus
822 1797 1002 1841 iudicant,
1027 1796 1093 1833 sed
1119 1797 1271 1832 eosdem
1296 1795 1457 1832 scienter
1481 1795 1568 1831 dolo
1589 1795 1689 1831 malo

158 1844 399 1881 subditicium
433 1855 582 1880 carmen
611 1844 839 1881 Anacreonti
871 1844 1047 1881 tribuisse
1079 1855 1193 1891 aegre
1224 1843 1463 1887 crediderim,
1495 1843 1569 1878 nisi
1593 1843 1690 1878 forte

126 1910 130 1916 ·
157 1892 388 1928 Clementem
423 1892 494 1928 hoc
526 1893 566 1928 et
596 1892 672 1928 alia
696 1892 879 1938 quaedam
912 1891 1084 1938 exempla
1115 1903 1183 1929 suo
1208 1892 1376 1938 periculo
1401 1890 1589 1927 addidisse
1616 1892 1689 1926 sta·

157 1942 258 1976 tuas·
285 1939 346 1975 hic
372 1939 469 1975 enim
496 1939 644 1976 novicio
669 1941 844 1986 poemate
868 1940 980 1976 facile
1005 1939 1130 1985 decipi
1154 1940 1315 1986 poterat,
1340 1939 1376 1974 in
1380 1949 1508 1993 ‘quem
1528 1950 1691 1974 errorem

158 1987 274 2042 etiam
299 1986 444 2023 Gellius
468 1986 612 2024 incidit.
662 1987 759 2023 Sane
783 1987 883 2023 inter
913 1988 981 2023 hos
1007 1987 1209 2023 versiculos
1240 1988 1280 2023 et
1302 1985 1452 2023 novicia
1476 1987 1690 2022 Anacreon-

157 2036 221 2070 tea
238 2034 374 2071 ionicis
394 2033 564 2071 dimetria
583 2034 764 2071 condita·
753 2035 910 2081 insignis
928 2034 1130 2071 intercedit
1148 2034 1367 2080 similitudo,
1393 2034 1458 2070 sed
1485 2033 1690 2070 tenendum

158 2084 215 2118 est
246 2081 338 2118 istos
376 2082 644 2118 versificatores
684 2094 771 2119 usos
803 2083 991 2136 germanis
1031 2081 1259 2119 carminibus
1290 2082 1339 2118 ad
1370 2082 1442 2118 hoc
1477 2081 1690 2128 exemplum

159 2141 226 2165 sun.
251 2129 471 2175 edolavisse,
497 2141 581 2165 cum
601 2130 744 2176 priores
764 2131 828 2175 qui
853 2129 1087 2167 hemiambos
1113 2131 1401 2176 composuerunt
1423 2140 1544 2174 neque
1564 2141 1691 2164 nume-

158 2177 209 2213 ris
233 2188 354 2223 neque
380 2188 549 2214 sermone
570 2177 702 2213 Teium
720 2181 875 2232 poetam
900 2177 1080 2214 aemulati
1099 2178 1184 2214 sint.
1228 2177 1462 2214 Vocabulum
1489 2174 1688 2221 δυναστής,

161 2226 333 2269 quamvis
355 2235 430 2260 non
455 2225 636 2261 usitatum
660 2226 733 2262 nisi
759 2226 859 2272 apud
883 2225 1042 2271 Atticos,
1070 2225 1279 2261 calumniae
1304 2226 1362 2261 est
1388 2235 1536 2270 expers:
1570 2235 1691 2269 neque

159 2270 325 2355 veiorum
348 2269 505 2314 ἀείδειν,
530 2273 702 2318 quamvis
728 2273 957 2318 solitarium,
983 2273 1022 2309 in
1047 2273 1296 2330 suspicionem
1321 2283 1456 2309 vocare
1483 2272 1613 2308 ausim.
1646 2291 1690 2297 —

233 2323 250 2355 1
290 2332 356 2355 τον
380 2301 526 2356 addidit
551 2319 698 2356 Baxter.
725 2341 769 2347 —
795 2320 840 2356 V.
867 2325 900 2357 2.
927 2320 1087 2367 μέλομαι
1113 2349 1120 2356 .
1143 2349 1150 2356 .
1177 2317 1324 2356 ἀείδειν
1348 2320 1559 2363 Hermann,
1591 2319 1691 2363 quod

160 2367 296 2413 recepi,
323 2377 552 2423 quamquam
576 2366 746 2404 desidero
771 2367 882 2404 huius
908 2380 997 2404 usus
1022 2368 1217 2414 antiquum
1243 2369 1445 2412 auctorem,
1472 2367 1586 2403 Clem
1607 2365 1692 2411 με’λ-

159 2427 279 2460 πομαι
305 2441 314 2450 .
335 2442 343 2450 .
364 2443 373 2452 .
398 2410 558 2458 ἀείδων,
589 2414 656 2450 sed
681 2415 760 2452 cod.
787 2415 868 2453 Par.
895 2412 1060 2460 ἀείδειν,
1095 2417 1225 2452 Arsen.
1251 2413 1440 2471 μέλπομεν
1468 2441 1505 2452 ..
1528 2411 1692 2450 .ἀει’δει.

163 2461 329 2520 Sylburg
352 2459 479 2508 μέλπω
506 2490 513 2497 .
535 2488 544 2497 .
567 2490 574 2497 .
601 2457 740 2498 ἀείδων
767 2463 928 2509 scripsit.
957 2484 999 2489 —
1026 2444 1070 2499 V.
1096 2467 1119 2498 4
1145 2463 1184 2499 et
1209 2466 1240 2499 5.
1267 2459 1348 2508 ὅδε,
1375 2462 1489 2498 Clem.
1517 2459 1538 2497 ὁ
1565 2459 1618 2497 δὲ.

163 2506 361 2555 δυναστής,
387 2508 494 2545 Blass
521 2505 540 2544 ὁ
567 2506 765 2555 δυναστής.

255 2557 315 2593 Fr.
341 2561 398 2593 66.
449 2556 574 2592 Schol.
611 2555 717 2592 Pind.
751 2556 807 2593 Ol.
843 2556 913 2592 VII
944 2561 983 2594 5:
1019 2558 1229 2615 Προπίνειν
1260 2553 1337 2593 ἐστὶ
1369 2557 1506 2601 κυρίως
1536 2553 1578 2591 τὸ
1611 2569 1692 2601 αμα

163 2604 214 2653 τῷ
234 2601 405 2696 ἆράματι
429 2601 471 2640 τὸ
499 2601 653 2650 ἀγγεῖον
679 2605 914 2650 χαρίζεσθαι.
959 2601 1223 2683 ’Artanes'mv'
1247 2601 1364 2640 Ἀλλά
1391 2607 1467 2640 κτλ.
1512 2600 1598 2639 ἀντὶ
1623 2603 1691 2639 τοῦ

184 2664 208 2687 α
269 2665 314 2688 ου

161 2665 181 2698 κ
211 2665 231 2699 ρ
256 2700 316 2736 Fr.
342 2704 397 2736 67.
447 2699 650 2745 Hephaest.
677 2702 739 2735 39:
756 2694 866 2735 “Tm
870 2711 937 2744 ρον
963 2697 1005 2736 δὲ
1031 2699 1098 2735 καὶ
1119 2695 1365 2758 Ἀνακρέων
1391 2695 1512 2746 τούτῳ
1538 2697 1588 2744 τῷ
1614 2696 1692 2744 με’-

162 2760 255 2804 τρῳ
275 2747 340 2783 καὶ
365 2743 432 2783 ολα
458 2747 529 2793 (ita
551 2745 662 2782 Turn.
688 2746 730 2791 E,
755 2743 849 2782 ἄλλα
875 2746 982 2791 CPA)
1013 2743 1163 2795 ᾅσματα
1195 2745 1422 2792 συνέθηκεν.
1457 2735 1693 2792 Ἀδυμελὲς

162 2795 209 2838 (Α
225 2784 438 2841 ἀδύμελες)
464 2796 539 2830 κτλ.
591 2794 730 2830 Eadem
756 2794 902 2829 Plotius
927 2797 997 2829 264
1018 2783 1080 2830 ed.
1106 2793 1222 2830 Gaisf.

260 2841 318 2879 Fr.
345 2846 402 2878 68.
451 2842 656 2887 Hephaest.
682 2845 745 2876 39·
776 2853 935 2887 νστερον
962 2838 1004 2877 δὲ
1031 2840 1095 2877 καὶ
1119 2837 1327 2898 Ἀνακρέων
1348 2838 1469 2889 τούτῳ
1494 2840 1546 2887 τῷ
1572 2838 1693 2887 μέτρῳ

162 2885 230 2924 ὅλα
254 2886 405 2938 ᾄσματα
436 2889 650 2935 συνέθηκεν
678 2916 685 2924 .
714 2916 722 2923 .
748 2917 759 2947 ;
789 2888 855 2924 καὶ
886 2889 1042 2925 Μνᾶται
1067 2891 1142 2924 κτλ.
1178 2910 1220 2914 -
1252 2882 1368 2934 δηῦτε
1396 2877 1543 2934 scripsi,
1577 2878 1692 2933 vulgo

163 2925 290 2982 δηῦτε,
314 2937 426 2973 Turn.
453 2938 576 2981 δεῦτε,
601 2936 646 2972 ΕΙ
671 2932 708 2971 δ’
736 2933 860 2983 ἠῦται.

234 3002 319 3028 Pon·
301 3010 365 3029 τΑιι
383 3003 546 3030 Lrn.111.
1364 2998 1408 3031 18
