1864 3126
201 152 289 195 594
532 123 534 128 Ι
768 151 962 188 ΡΟΕΤΑΕ
987 151 1165 189 MELICI.

203 261 425 317 ραιβοειδέα
455 259 673 317 (ρεβοειδὲα
703 260 816 317 libri)
851 260 1014 314 τρόπον·
1056 263 1232 303 πλασίων
1262 259 1338 317 (ita.
1367 264 1479 314 libri,
1515 264 1593 303 nisi
1623 263 1728 315 quod

203 377 237 414 D
270 345 404 427 πλάὲι,
435 377 606 431 πλαγίως
638 378 805 418 coniecit
837 376 1086 427 Charterius‚
1115 373 1350 418 Ἀσκλατίων
1382 375 1425 417 δὲ
1455 378 1592 428 Klein,
1623 378 1728 428 quod

202 436 298 474 ferri
328 438 477 488 nequit,
504 438 676 477 debebat
701 439 808 476 certe
836 429 1121 487 Ἀσκλάπων,
1154 438 1485 488 quemadmodum
1516 438 1623 488 apud
1646 437 1749 488 ΒΥ·-

202 503 296 540 dum
341 503 389 542 de
433 505 576 543 ostent.
615 505 638 542 2
681 498 916 542 Ἀσκλατίων
959 515 1169 553 perperam
1218 516 1289 552 pro
1330 498 1577 552 Ἀσκλάπων,
1621 503 1728 554 apud

203 567 363 607 Suebon.
394 567 542 607 Domit.
578 570 629 607 15
664 566 879 607 Ascletario
917 580 989 617 pro
1020 566 1199 616 Asclepio
1229 562 1400 620 legitur)
1440 565 1502 606 ἐπὶ
1531 570 1601 608 τοῦ
1631 563 1728 607 κατά

202 648 236 672 τι
267 630 337 684 μὲν
368 633 502 673 κοίλου
536 628 588 686 (Β
619 627 788 686 κοῖλον),
819 628 916 671 κατά
945 647 980 673 τι
1013 630 1056 672 δὲ
1085 626 1294 684 καμπύλου
1327 628 1379 686 (B
1405 627 1644 687 καμπύλον),
1676 627 1728 680 ὦς

202 699 396 750 Κινησίας
425 694 555 738 τάσσει
594 693 667 750 τὴν
703 695 818 746 λέξιν.
865 712 966 749 quae
1003 699 1214 748 descripsiss
1252 698 1372 737 schol.
1403 698 1591 748 Hippocr.
1622 697 1748 748 apud-

203 765 405 803 Kleinium
435 778 474 814 p.
508 766 575 803 13.
636 764 768 814 Igitur
800 763 977 803 Cinesias
1010 776 1104 803 voce
1136 758 1272 815 ῥαιβός
1302 775 1398 801 usus
1425 765 1487 802 est
1512 763 1657 802 alicubi
1686 762 1730 802 in

203 830 456 878 carminibus,
489 830 537 868 de
569 842 647 880 qua¹
677 842 772 869 voce
797 830 845 869 cf.
870 829 934 868 Et.
961 829 1014 868 M.
1042 830 1138 877 701,
1168 830 1233 878 12,
1264 828 1334 868 ubi
1364 828 1447 867 cod.
1479 828 1585 867 Flor.
1617 827 1729 867 addit
1806 884 1809 885 γ

203 893 269 934 καὶ
299 890 493 948 ραιβηὸὸν
525 890 587 947 (ἐν
612 891 795 950 Διονύσῳ
821 890 999 946 κεχηνότι
1025 894 1130 944 quod
1156 893 1423 944 Euphorionis
1449 893 1527 931 fuit
1558 904 1728 944 carmen,

201 961 280 1000 vid.
319 961 452 1000 Miller
489 960 597 999 Misc.
636 956 725 1012 49).
793 960 963 1019 Prorsus
1002 972 1026 998 a
1070 972 1164 999 vero
1203 959 1406 1015 aberravit
1443 959 1495 998 M.
1539 957 1729 1008 Schmidt,

204 1027 272 1076 qui
303 1027 447 1066 collato
478 1025 676 1065 Ari-hiano
717 1026 826 1065 Tact.
862 1028 934 1077 16,
967 1028 990 1065 3
1031 1025 1196 1075 corrigit
1233 1019 1286 1072 ὡς
1323 1022 1389 1063 καὶ
1421 1019 1560 1062 Ἰάσων
1597 1021 1731 1062 ἔτασσε

203 1087 276 1143 τὴν
305 1085 428 1139 τάξιν.
