<?xml version="1.0" encoding="UTF-8"?>
<!DOCTYPE html PUBLIC "-//W3C//DTD XHTML 1.0 Transitional//EN"
    "http://www.w3.org/TR/xhtml1/DTD/xhtml1-transitional.dtd">
<html xmlns="http://www.w3.org/1999/xhtml" xml:lang="en" lang="en">
 <head>
  <title>
</title>
<meta http-equiv="Content-Type" content="text/html;charset=utf-8" />
  <meta name='ocr-system' content='tesseract 3.04.00' />
  <meta name='ocr-capabilities' content='ocr_page ocr_carea ocr_par ocr_line ocrx_word'/>
</head>
<body>
  <div class='ocr_page' id='page_1' title='image "./poetaelyricigrae03berguoft_0534.png"; bbox 0 0 1864 3126; ppageno 0'>
   <div class='ocr_carea' id='block_1_1' title="bbox 154 148 1111 195">
    <p class='ocr_par' dir='ltr' id='par_1_1' title="bbox 154 148 1111 195">
     <span class='ocr_line' id='line_1_1' title="bbox 154 148 1111 195; baseline -0.01 1"><span class='ocrx_word' id='word_1_1' title='bbox 154 153 242 195; x_wconf 79' lang='lat'><strong><em>524</em></strong></span> <span class='ocrx_word' id='word_1_2' title='bbox 497 148 499 153; x_wconf 68' lang='grc'>’</span> <span class='ocrx_word' id='word_1_3' title='bbox 714 150 909 188; x_wconf 85' lang='grc' dir='ltr'><strong><em>ΡΟΕΤΑΕ</em></strong></span> <span class='ocrx_word' id='word_1_4' title='bbox 934 149 1111 186; x_wconf 84' lang='lat' dir='ltr'><strong>MELICI.</strong></span> 
     </span>
    </p>
   </div>
   <div class='ocr_carea' id='block_1_2' title="bbox 155 260 1674 382">
    <p class='ocr_par' dir='ltr' id='par_1_2' title="bbox 155 260 1674 382">
     <span class='ocr_line' id='line_1_2' title="bbox 155 260 1674 321; baseline -0.001 -18"><span class='ocrx_word' id='word_1_5' title='bbox 155 265 429 304; x_wconf 79' lang='lat' dir='ltr'>Schneidewin</span> <span class='ocrx_word' id='word_1_6' title='bbox 453 265 571 314; x_wconf 85' lang='lat' dir='ltr'>putat</span> <span class='ocrx_word' id='word_1_7' title='bbox 590 264 757 303; x_wconf 83' lang='lat' dir='ltr'>Tzetzen</span> <span class='ocrx_word' id='word_1_8' title='bbox 782 264 931 302; x_wconf 84' lang='lat' dir='ltr'>temere</span> <span class='ocrx_word' id='word_1_9' title='bbox 957 262 1008 301; x_wconf 86' lang='lat' dir='ltr'><strong><em>ad</em></strong></span> <span class='ocrx_word' id='word_1_10' title='bbox 1032 262 1147 302; x_wconf 86' lang='lat' dir='ltr'>Atrei</span> <span class='ocrx_word' id='word_1_11' title='bbox 1171 262 1382 302; x_wconf 79' lang='lat' dir='ltr'><strong>historiam</strong></span> <span class='ocrx_word' id='word_1_12' title='bbox 1406 260 1674 321; x_wconf 74' lang='lat' dir='ltr'>transtulisse,</span> 
     </span>
     <span class='ocr_line' id='line_1_3' title="bbox 155 327 1188 382; baseline -0.002 -14"><span class='ocrx_word' id='word_1_13' title='bbox 155 343 256 382; x_wconf 83' lang='lat' dir='ltr'>quae</span> <span class='ocrx_word' id='word_1_14' title='bbox 289 331 336 369; x_wconf 88' lang='lat' dir='ltr'><strong><em>de</em></strong></span> <span class='ocrx_word' id='word_1_15' title='bbox 367 330 517 369; x_wconf 86' lang='lat' dir='ltr'>vellere</span> <span class='ocrx_word' id='word_1_16' title='bbox 549 328 730 369; x_wconf 87' lang='lat' dir='ltr'>Colchico</span> <span class='ocrx_word' id='word_1_17' title='bbox 762 329 861 368; x_wconf 84' lang='lat' dir='ltr'>dixit</span> <span class='ocrx_word' id='word_1_18' title='bbox 892 330 1010 379; x_wconf 85' lang='lat' dir='ltr'>poeta</span> <span class='ocrx_word' id='word_1_19' title='bbox 1040 327 1087 368; x_wconf 87' lang='lat' dir='ltr'>fr.</span> <span class='ocrx_word' id='word_1_20' title='bbox 1121 328 1188 367; x_wconf 81' lang='lat'><strong><em>21.</em></strong></span> 
     </span>
    </p>
   </div>
   <div class='ocr_carea' id='block_1_3' title="bbox 834 443 989 487">
    <p class='ocr_par' dir='ltr' id='par_1_3' title="bbox 834 443 989 487">
     <span class='ocr_line' id='line_1_4' title="bbox 834 443 989 487; baseline -0.006 -1"><span class='ocrx_word' id='word_1_21' title='bbox 834 444 920 487; x_wconf 88' lang='grc'><strong><em>200</em></strong></span> <span class='ocrx_word' id='word_1_22' title='bbox 939 443 989 486; x_wconf 93' lang='lat' dir='ltr'><strong><em>B.</em></strong></span> 
     </span>
    </p>
   </div>
   <div class='ocr_carea' id='block_1_4' title="bbox 152 523 1676 649">
    <p class='ocr_par' dir='ltr' id='par_1_4' title="bbox 152 523 1676 649">
     <span class='ocr_line' id='line_1_5' title="bbox 264 523 1675 582; baseline -0.004 -10"><span class='ocrx_word' id='word_1_23' title='bbox 264 533 392 573; x_wconf 83' lang='lat' dir='ltr'>Schol.</span> <span class='ocrx_word' id='word_1_24' title='bbox 428 533 591 571; x_wconf 84' lang='lat' dir='ltr'>Theocr.</span> <span class='ocrx_word' id='word_1_25' title='bbox 628 531 649 570; x_wconf 96' lang='lat' dir='ltr'>I</span> <span class='ocrx_word' id='word_1_26' title='bbox 694 532 766 570; x_wconf 86' lang='lat'><strong><em>65:</em></strong></span> <span class='ocrx_word' id='word_1_27' title='bbox 803 525 828 581; x_wconf 81' lang='grc' dir='ltr'><em>ἡ</em></span> <span class='ocrx_word' id='word_1_28' title='bbox 869 526 913 568; x_wconf 83' lang='grc' dir='ltr'><strong><em>δὲ</em></strong></span> <span class='ocrx_word' id='word_1_29' title='bbox 949 528 1073 582; x_wconf 85' lang='grc' dir='ltr'><strong><em>Αἴτνη</em></strong></span> <span class='ocrx_word' id='word_1_30' title='bbox 1110 530 1291 578; x_wconf 85' lang='grc' dir='ltr'><strong><em>Σικελίας</em></strong></span> <span class='ocrx_word' id='word_1_31' title='bbox 1328 526 1421 582; x_wconf 74' lang='grc' dir='ltr'><strong><em>ὅρος</em></strong></span> <span class='ocrx_word' id='word_1_32' title='bbox 1458 526 1559 568; x_wconf 78' lang='grc' dir='ltr'><strong><em>ἐστὶν</em></strong></span> <span class='ocrx_word' id='word_1_33' title='bbox 1595 523 1675 568; x_wconf 75' lang='grc' dir='ltr'><strong><em>ἀπὸ</em></strong></span> 
     </span>
     <span class='ocr_line' id='line_1_6' title="bbox 152 590 1676 649; baseline -0.003 -11"><span class='ocrx_word' id='word_1_34' title='bbox 152 598 300 649; x_wconf 87' lang='grc' dir='ltr'><strong><em>Αἴτνης</em></strong></span> <span class='ocrx_word' id='word_1_35' title='bbox 329 600 398 638; x_wconf 90' lang='grc' dir='ltr'><strong><em>τοῦ</em></strong></span> <span class='ocrx_word' id='word_1_36' title='bbox 434 593 619 649; x_wconf 79' lang='grc' dir='ltr'><strong><em>Οὐρανοῦ</em></strong></span> <span class='ocrx_word' id='word_1_37' title='bbox 657 595 724 635; x_wconf 85' lang='grc' dir='ltr'><strong><em>καὶ</em></strong></span> <span class='ocrx_word' id='word_1_38' title='bbox 752 597 820 646; x_wconf 86' lang='grc' dir='ltr'><strong><em>τῆς</em></strong></span> <span class='ocrx_word' id='word_1_39' title='bbox 850 596 951 646; x_wconf 84' lang='grc' dir='ltr'><strong><em>Γῆς,</em></strong></span> <span class='ocrx_word' id='word_1_40' title='bbox 982 590 1035 641; x_wconf 72' lang='grc' dir='ltr'><strong><em>ὥς</em></strong></span> <span class='ocrx_word' id='word_1_41' title='bbox 1065 606 1189 646; x_wconf 86' lang='grc' dir='ltr'><strong><em>φησιν</em></strong></span> <span class='ocrx_word' id='word_1_42' title='bbox 1209 591 1409 646; x_wconf 67' lang='grc' dir='ltr'><strong><em>Ἄλκιμος·</em></strong></span> <span class='ocrx_word' id='word_1_43' title='bbox 1449 592 1676 645; x_wconf 81' lang='grc' dir='ltr'><strong><em>Σιμωνίδης</em></strong></span> 
     </span>
    </p>
   </div>
   <div class='ocr_carea' id='block_1_5' title="bbox 157 654 1839 722">
    <p class='ocr_par' dir='ltr' id='par_1_5' title="bbox 157 654 1839 722">
     <span class='ocr_line' id='line_1_7' title="bbox 157 654 1839 722; baseline -0.003 -20"><span class='ocrx_word' id='word_1_44' title='bbox 157 660 200 702; x_wconf 79' lang='grc' dir='ltr'><strong><em>δὲ</em></strong></span> <span class='ocrx_word' id='word_1_45' title='bbox 231 661 274 702; x_wconf 83' lang='grc' dir='ltr'><strong><em>έν</em></strong></span> <span class='ocrx_word' id='word_1_46' title='bbox 304 665 364 722; x_wconf 27' lang='grc' dir='ltr'><strong><em>τῷ.</em></strong></span> <span class='ocrx_word' id='word_1_47' title='bbox 386 664 474 715; x_wconf 89' lang='grc' dir='ltr'><strong><em>περὶ</em></strong></span> <span class='ocrx_word' id='word_1_48' title='bbox 505 661 685 709; x_wconf 82' lang='grc' dir='ltr'><strong><em>Σικελίας</em></strong></span> <span class='ocrx_word' id='word_1_49' title='bbox 716 660 867 711; x_wconf 78' lang='grc' dir='ltr'><strong><em>Αἴτνην</em></strong></span> <span class='ocrx_word' id='word_1_50' title='bbox 897 658 996 711; x_wconf 84' lang='grc' dir='ltr'><strong><em>φησὶ</em></strong></span> <span class='ocrx_word' id='word_1_51' title='bbox 1031 663 1160 711; x_wconf 86' lang='grc' dir='ltr'><strong><em>κρῖναι</em></strong></span> <span class='ocrx_word' id='word_1_52' title='bbox 1184 656 1409 711; x_wconf 71' lang='grc' dir='ltr'><strong><em>”Ηφαιστον</em></strong></span> <span class='ocrx_word' id='word_1_53' title='bbox 1446 657 1512 698; x_wconf 83' lang='grc' dir='ltr'><strong><em>καὶ</em></strong></span> <span class='ocrx_word' id='word_1_54' title='bbox 1541 654 1676 711; x_wconf 81' lang='grc' dir='ltr'><strong><em>Δήμη-</em></strong></span> <span class='ocrx_word' id='word_1_55' title='bbox 1735 696 1738 697; x_wconf 19' lang='lat'><em>⁷</em></span> <span class='ocrx_word' id='word_1_56' title='bbox 1819 654 1839 681; x_wconf 65' lang='lat'><strong><em>:¹</em></strong></span> 
     </span>
    </p>
   </div>
   <div class='ocr_carea' id='block_1_6' title="bbox 138 723 1678 1429">
    <p class='ocr_par' dir='ltr' id='par_1_6' title="bbox 138 723 1678 1429">
     <span class='ocr_line' id='line_1_8' title="bbox 151 723 1676 779; baseline -0.002 -12"><span class='ocrx_word' id='word_1_57' title='bbox 151 743 222 779; x_wconf 89' lang='grc' dir='ltr'><strong><em>τρα</em></strong></span> <span class='ocrx_word' id='word_1_58' title='bbox 252 726 341 779; x_wconf 85' lang='grc' dir='ltr'><strong><em>περὶ</em></strong></span> <span class='ocrx_word' id='word_1_59' title='bbox 371 729 440 779; x_wconf 83' lang='grc' dir='ltr'><strong><em>τῆς</em></strong></span> <span class='ocrx_word' id='word_1_60' title='bbox 471 723 600 779; x_wconf 77' lang='grc' dir='ltr'><strong><em>χώρας</em></strong></span> <span class='ocrx_word' id='word_1_61' title='bbox 632 724 842 777; x_wconf 82' lang='grc' dir='ltr'><strong><em>ἐρίσαντας.</em></strong></span> <span class='ocrx_word' id='word_1_62' title='bbox 906 725 1163 764; x_wconf 86' lang='lat' dir='ltr'>Scribendum</span> <span class='ocrx_word' id='word_1_63' title='bbox 1202 727 1300 775; x_wconf 87' lang='lat' dir='ltr'>puto</span> <span class='ocrx_word' id='word_1_64' title='bbox 1331 725 1465 765; x_wconf 88' lang='lat' dir='ltr'>verbis</span> <span class='ocrx_word' id='word_1_65' title='bbox 1496 723 1676 764; x_wconf 78' lang='lat' dir='ltr'>traiectis</span> 
     </span>
     <span class='ocr_line' id='line_1_9' title="bbox 138 787 1678 848; baseline -0.001 -16"><span class='ocrx_word' id='word_1_66' title='bbox 138 790 326 844; x_wconf 76' lang='grc' dir='ltr'><strong><em>’Ἀλκιμος</em></strong></span> <span class='ocrx_word' id='word_1_67' title='bbox 357 791 406 832; x_wconf 85' lang='grc' dir='ltr'><strong><em>έν</em></strong></span> <span class='ocrx_word' id='word_1_68' title='bbox 436 794 495 848; x_wconf 79' lang='grc' dir='ltr'><strong><em>τῷ</em></strong></span> <span class='ocrx_word' id='word_1_69' title='bbox 525 790 630 844; x_wconf 84' lang='grc' dir='ltr'><strong><em>περὶ</em></strong></span> <span class='ocrx_word' id='word_1_70' title='bbox 661 791 901 838; x_wconf 78' lang='grc' dir='ltr'><strong><em>Σικελίας·</em></strong></span> <span class='ocrx_word' id='word_1_71' title='bbox 939 790 1167 841; x_wconf 83' lang='grc' dir='ltr'><strong><em>Σιμωνίδης</em></strong></span> <span class='ocrx_word' id='word_1_72' title='bbox 1199 787 1247 829; x_wconf 83' lang='grc' dir='ltr'><strong><em>δὲ</em></strong></span> <span class='ocrx_word' id='word_1_73' title='bbox 1277 789 1428 841; x_wconf 86' lang='grc' dir='ltr'><strong><em>Αἴτνην</em></strong></span> <span class='ocrx_word' id='word_1_74' title='bbox 1465 787 1565 841; x_wconf 82' lang='grc' dir='ltr'><strong><em>φησὶ</em></strong></span> <span class='ocrx_word' id='word_1_75' title='bbox 1599 791 1678 830; x_wconf 86' lang='grc' dir='ltr'><strong><em>κτλ.</em></strong></span> 
     </span>
     <span class='ocr_line' id='line_1_10' title="bbox 154 854 1678 908; baseline -0.002 -12"><span class='ocrx_word' id='word_1_76' title='bbox 154 858 258 896; x_wconf 87' lang='lat' dir='ltr'><strong><em>Nam</em></strong></span> <span class='ocrx_word' id='word_1_77' title='bbox 288 858 452 897; x_wconf 89' lang='lat' dir='ltr'>melicus</span> <span class='ocrx_word' id='word_1_78' title='bbox 484 859 603 908; x_wconf 88' lang='lat' dir='ltr'>poeta</span> <span class='ocrx_word' id='word_1_79' title='bbox 634 858 731 896; x_wconf 89' lang='lat' dir='ltr'>haec</span> <span class='ocrx_word' id='word_1_80' title='bbox 761 857 809 894; x_wconf 92' lang='lat' dir='ltr'><strong><em>de</em></strong></span> <span class='ocrx_word' id='word_1_81' title='bbox 840 855 926 893; x_wconf 85' lang='lat' dir='ltr'>rixa</span> <span class='ocrx_word' id='word_1_82' title='bbox 950 854 1118 893; x_wconf 84' lang='lat' dir='ltr'>Vulcani</span> <span class='ocrx_word' id='word_1_83' title='bbox 1143 857 1184 894; x_wconf 89' lang='lat' dir='ltr'><strong><em>et</em></strong></span> <span class='ocrx_word' id='word_1_84' title='bbox 1209 854 1376 903; x_wconf 85' lang='lat' dir='ltr'>Cereris,</span> <span class='ocrx_word' id='word_1_85' title='bbox 1401 867 1521 905; x_wconf 82' lang='lat' dir='ltr'>quam</span> <span class='ocrx_word' id='word_1_86' title='bbox 1545 854 1678 894; x_wconf 79' lang='lat' dir='ltr'>Aetna</span> 
     </span>
     <span class='ocr_line' id='line_1_11' title="bbox 152 918 1678 973; baseline -0.003 -11"><span class='ocrx_word' id='word_1_87' title='bbox 152 923 436 973; x_wconf 74' lang='lat' dir='ltr'>composuerit,</span> <span class='ocrx_word' id='word_1_88' title='bbox 474 922 634 962; x_wconf 86' lang='lat' dir='ltr'>videtur</span> <span class='ocrx_word' id='word_1_89' title='bbox 666 932 887 960; x_wconf 82' lang='lat' dir='ltr'>enarrasse.</span> <span class='ocrx_word' id='word_1_90' title='bbox 949 918 1228 969; x_wconf 83' lang='lat' dir='ltr'>Corruptclam</span> <span class='ocrx_word' id='word_1_91' title='bbox 1258 920 1525 959; x_wconf 74' lang='lat' dir='ltr'>testificantur</span> <span class='ocrx_word' id='word_1_92' title='bbox 1556 919 1678 959; x_wconf 81' lang='lat' dir='ltr'>etiam</span> 
     </span>
     <span class='ocr_line' id='line_1_12' title="bbox 150 984 1676 1038; baseline -0.002 -11"><span class='ocrx_word' id='word_1_93' title='bbox 150 989 261 1037; x_wconf 85' lang='lat' dir='ltr'>libri,</span> <span class='ocrx_word' id='word_1_94' title='bbox 301 990 493 1038; x_wconf 84' lang='lat' dir='ltr'>quantum</span> <span class='ocrx_word' id='word_1_95' title='bbox 532 987 693 1037; x_wconf 88' lang='lat' dir='ltr'>quidem</span> <span class='ocrx_word' id='word_1_96' title='bbox 724 998 772 1024; x_wconf 87' lang='lat' dir='ltr'><strong><em>ex</em></strong></span> <span class='ocrx_word' id='word_1_97' title='bbox 804 984 1021 1025; x_wconf 86' lang='lat' dir='ltr'>Gaisfordii</span> <span class='ocrx_word' id='word_1_98' title='bbox 1052 985 1306 1025; x_wconf 75' lang='lat' dir='ltr'>adnotatione</span> <span class='ocrx_word' id='word_1_99' title='bbox 1345 985 1536 1025; x_wconf 85' lang='lat' dir='ltr'>coniicere</span> <span class='ocrx_word' id='word_1_100' title='bbox 1566 984 1676 1024; x_wconf 88' lang='lat' dir='ltr'>licet:</span> 
     </span>
     <span class='ocr_line' id='line_1_13' title="bbox 150 1048 1678 1104; baseline -0.002 -12"><span class='ocrx_word' id='word_1_101' title='bbox 150 1052 346 1104; x_wconf 82' lang='grc' dir='ltr'><strong><em>,,σικελίας</em></strong></span> <span class='ocrx_word' id='word_1_102' title='bbox 384 1048 492 1104; x_wconf 79' lang='grc' dir='ltr'><strong><em>ὅρος·</em></strong></span> <span class='ocrx_word' id='word_1_103' title='bbox 531 1048 552 1092; x_wconf 84' lang='grc' dir='ltr'><strong><em>ὃ</em></strong></span> <span class='ocrx_word' id='word_1_104' title='bbox 591 1050 806 1103; x_wconf 87' lang='grc' dir='ltr'><strong><em>σιμωνίδης</em></strong></span> <span class='ocrx_word' id='word_1_105' title='bbox 843 1049 953 1101; x_wconf 87' lang='grc' dir='ltr'><strong><em>αἴτνη</em></strong></span> <span class='ocrx_word' id='word_1_106' title='bbox 989 1052 1120 1102; x_wconf 85' lang='grc' dir='ltr'><strong><em>κρῖναι</em></strong></span> <span class='ocrx_word' id='word_1_107' title='bbox 1150 1051 1206 1090; x_wconf 84' lang='lat' dir='ltr'><strong><em>sic</em></strong></span> <span class='ocrx_word' id='word_1_108' title='bbox 1238 1051 1276 1090; x_wconf 91' lang='lat'><strong><em>3.</em></strong></span> <span class='ocrx_word' id='word_1_109' title='bbox 1309 1051 1350 1089; x_wconf 88' lang='lat' dir='ltr'><strong><em>et</em></strong></span> <span class='ocrx_word' id='word_1_110' title='bbox 1373 1050 1419 1089; x_wconf 88' lang='lat' dir='ltr'><strong><em>B.</em></strong></span> <span class='ocrx_word' id='word_1_111' title='bbox 1450 1050 1519 1090; x_wconf 88' lang='lat' dir='ltr'>ubi</span> <span class='ocrx_word' id='word_1_112' title='bbox 1548 1049 1678 1101; x_wconf 82' lang='grc' dir='ltr'><strong><em>κρίναι</em></strong></span> 
     </span>
     <span class='ocr_line' id='line_1_14' title="bbox 153 1112 1677 1170; baseline -0.003 -12"><span class='ocrx_word' id='word_1_113' title='bbox 153 1121 195 1158; x_wconf 85' lang='lat' dir='ltr'><strong><em>et</em></strong></span> <span class='ocrx_word' id='word_1_114' title='bbox 228 1119 264 1158; x_wconf 89' lang='lat'><strong><em>5.</em></strong></span> <span class='ocrx_word' id='word_1_115' title='bbox 297 1119 367 1157; x_wconf 92' lang='lat' dir='ltr'>ubi</span> <span class='ocrx_word' id='word_1_116' title='bbox 396 1116 557 1170; x_wconf 68' lang='grc' dir='ltr'><strong><em>κρίνῃςκ</em></strong></span> <span class='ocrx_word' id='word_1_117' title='bbox 597 1117 654 1157; x_wconf 93' lang='lat' dir='ltr'><strong><em>ibi</em></strong></span> <span class='ocrx_word' id='word_1_118' title='bbox 683 1117 808 1167; x_wconf 86' lang='lat' dir='ltr'>igitur</span> <span class='ocrx_word' id='word_1_119' title='bbox 839 1115 984 1154; x_wconf 88' lang='lat' dir='ltr'>Alcimi</span> <span class='ocrx_word' id='word_1_120' title='bbox 1020 1115 1168 1154; x_wconf 86' lang='lat' dir='ltr'>mentio</span> <span class='ocrx_word' id='word_1_121' title='bbox 1207 1117 1246 1154; x_wconf 90' lang='lat' dir='ltr'><strong><em>et</em></strong></span> <span class='ocrx_word' id='word_1_122' title='bbox 1277 1113 1319 1154; x_wconf 90' lang='grc' dir='ltr'><strong><em>ε’ν</em></strong></span> <span class='ocrx_word' id='word_1_123' title='bbox 1354 1116 1407 1170; x_wconf 80' lang='grc' dir='ltr'><strong><em>τῷ</em></strong></span> <span class='ocrx_word' id='word_1_124' title='bbox 1442 1112 1531 1167; x_wconf 81' lang='grc' dir='ltr'><strong><em>περὶ</em></strong></span> <span class='ocrx_word' id='word_1_125' title='bbox 1566 1115 1677 1154; x_wconf 84' lang='grc' dir='ltr'><strong><em>Σικε-</em></strong></span> 
     </span>
     <span class='ocr_line' id='line_1_15' title="bbox 149 1180 1677 1233; baseline -0.003 -10"><span class='ocrx_word' id='word_1_126' title='bbox 149 1183 234 1230; x_wconf 86' lang='grc' dir='ltr'><strong><em>λίας</em></strong></span> <span class='ocrx_word' id='word_1_127' title='bbox 275 1184 392 1233; x_wconf 86' lang='lat' dir='ltr'>plane</span> <span class='ocrx_word' id='word_1_128' title='bbox 436 1183 626 1222; x_wconf 84' lang='lat' dir='ltr'>omissum</span> <span class='ocrx_word' id='word_1_129' title='bbox 671 1194 756 1220; x_wconf 85' lang='lat' dir='ltr'>esse</span> <span class='ocrx_word' id='word_1_130' title='bbox 795 1181 974 1229; x_wconf 87' lang='lat' dir='ltr'>videtur,</span> <span class='ocrx_word' id='word_1_131' title='bbox 1010 1180 1051 1218; x_wconf 88' lang='lat' dir='ltr'>id</span> <span class='ocrx_word' id='word_1_132' title='bbox 1088 1181 1194 1230; x_wconf 90' lang='lat' dir='ltr'>quod</span> <span class='ocrx_word' id='word_1_133' title='bbox 1229 1193 1358 1219; x_wconf 87' lang='lat' dir='ltr'>meam</span> <span class='ocrx_word' id='word_1_134' title='bbox 1395 1180 1677 1219; x_wconf 74' lang='lat' dir='ltr'>correctionem</span> 
     </span>
     <span class='ocr_line' id='line_1_16' title="bbox 152 1235 1677 1295; baseline -0.002 -9"><span class='ocrx_word' id='word_1_135' title='bbox 152 1248 317 1287; x_wconf 70' lang='lat' dir='ltr'>stabilit.</span> <span class='ocrx_word' id='word_1_136' title='bbox 385 1247 462 1286; x_wconf 81' lang='lat' dir='ltr'>Alii</span> <span class='ocrx_word' id='word_1_137' title='bbox 504 1249 545 1286; x_wconf 70' lang='lat' dir='ltr'>in</span> <span class='ocrx_word' id='word_1_138' title='bbox 583 1246 796 1286; x_wconf 72' lang='lat' dir='ltr'>Simonidis</span> <span class='ocrx_word' id='word_1_139' title='bbox 833 1245 992 1284; x_wconf 76' lang='lat' dir='ltr'>nemine</span> <span class='ocrx_word' id='word_1_140' title='bbox 1029 1245 1216 1283; x_wconf 81' lang='lat' dir='ltr'>mendum</span> <span class='ocrx_word' id='word_1_141' title='bbox 1254 1246 1485 1284; x_wconf 74' lang='lat' dir='ltr'><strong><em>delitescere</em></strong></span> <span class='ocrx_word' id='word_1_142' title='bbox 1521 1235 1677 1295; x_wconf 61' lang='lat' dir='ltr'>paeane,</span> 
     </span>
     <span class='ocr_line' id='line_1_17' title="bbox 152 1307 1677 1364; baseline -0.003 -12"><span class='ocrx_word' id='word_1_143' title='bbox 152 1313 264 1352; x_wconf 84' lang='lat' dir='ltr'>velut</span> <span class='ocrx_word' id='word_1_144' title='bbox 306 1313 485 1352; x_wconf 87' lang='lat' dir='ltr'>Dorville</span> <span class='ocrx_word' id='word_1_145' title='bbox 522 1307 693 1364; x_wconf 84' lang='grc' dir='ltr'><strong><em>Σιληνὸς</em></strong></span> <span class='ocrx_word' id='word_1_146' title='bbox 736 1310 896 1360; x_wconf 78' lang='lat' dir='ltr'>scripsit</span> <span class='ocrx_word' id='word_1_147' title='bbox 931 1322 1073 1360; x_wconf 87' lang='lat' dir='ltr'>parum</span> <span class='ocrx_word' id='word_1_148' title='bbox 1109 1309 1387 1361; x_wconf 82' lang='lat' dir='ltr'>probabiliter,</span> <span class='ocrx_word' id='word_1_149' title='bbox 1426 1312 1468 1349; x_wconf 86' lang='lat' dir='ltr'><strong><em>et</em></strong></span> <span class='ocrx_word' id='word_1_150' title='bbox 1503 1310 1677 1350; x_wconf 84' lang='lat' dir='ltr'>Wester-</span> 
     </span>
     <span class='ocr_line' id='line_1_18' title="bbox 150 1376 1187 1429; baseline -0.002 -14"><span class='ocrx_word' id='word_1_151' title='bbox 150 1390 271 1416; x_wconf 88' lang='lat' dir='ltr'>mann</span> <span class='ocrx_word' id='word_1_152' title='bbox 305 1377 530 1429; x_wconf 84' lang='grc' dir='ltr'><strong><em>Τιμωνίδης</em></strong></span> <span class='ocrx_word' id='word_1_153' title='bbox 562 1377 739 1428; x_wconf 83' lang='lat' dir='ltr'>speciose</span> <span class='ocrx_word' id='word_1_154' title='bbox 771 1376 901 1426; x_wconf 88' lang='lat' dir='ltr'>magis</span> <span class='ocrx_word' id='word_1_155' title='bbox 933 1388 1052 1426; x_wconf 85' lang='lat' dir='ltr'>quam</span> <span class='ocrx_word' id='word_1_156' title='bbox 1082 1386 1187 1414; x_wconf 90' lang='lat' dir='ltr'>vere.</span> 
     </span>
    </p>
   </div>
   <div class='ocr_carea' id='block_1_7' title="bbox 798 1490 1036 1544">
    <p class='ocr_par' dir='ltr' id='par_1_7' title="bbox 798 1490 1036 1544">
     <span class='ocr_line' id='line_1_19' title="bbox 798 1490 1036 1544; baseline -0.008 -11"><span class='ocrx_word' id='word_1_157' title='bbox 798 1490 1036 1544; x_wconf 68' lang='lat'>201.[37]</span> 
     </span>
    </p>
   </div>
   <div class='ocr_carea' id='block_1_8' title="bbox 150 1572 1680 2016">
    <p class='ocr_par' dir='ltr' id='par_1_8' title="bbox 150 1572 1680 2016">
     <span class='ocr_line' id='line_1_20' title="bbox 271 1572 1678 1634; baseline -0.001 -17"><span class='ocrx_word' id='word_1_158' title='bbox 271 1579 422 1617; x_wconf 85' lang='lat' dir='ltr'>Himer.</span> <span class='ocrx_word' id='word_1_159' title='bbox 457 1578 523 1617; x_wconf 87' lang='lat' dir='ltr'>Or.</span> <span class='ocrx_word' id='word_1_160' title='bbox 554 1578 648 1616; x_wconf 82' lang='lat' dir='ltr'><strong><em>XV1</em></strong></span> <span class='ocrx_word' id='word_1_161' title='bbox 690 1580 732 1617; x_wconf 84' lang='lat'><strong><em>7:</em></strong></span> <span class='ocrx_word' id='word_1_162' title='bbox 776 1572 850 1616; x_wconf 89' lang='grc' dir='ltr'><strong><em>Διὸ</em></strong></span> <span class='ocrx_word' id='word_1_163' title='bbox 888 1572 937 1634; x_wconf 77' lang='grc' dir='ltr'><strong><em>δὴ</em></strong></span> <span class='ocrx_word' id='word_1_164' title='bbox 981 1573 1047 1615; x_wconf 82' lang='grc' dir='ltr'><strong><em>καὶ</em></strong></span> <span class='ocrx_word' id='word_1_165' title='bbox 1086 1575 1293 1628; x_wconf 82' lang='grc' dir='ltr'><strong><em>Σιμωνίδῃ</em></strong></span> <span class='ocrx_word' id='word_1_166' title='bbox 1333 1574 1540 1627; x_wconf 83' lang='grc' dir='ltr'><strong><em>πείθομαι,</em></strong></span> <span class='ocrx_word' id='word_1_167' title='bbox 1582 1572 1678 1628; x_wconf 79' lang='grc' dir='ltr'><strong><em>’ὅπερ</em></strong></span> 
     </span>
     <span class='ocr_line' id='line_1_21' title="bbox 152 1635 1678 1696; baseline -0.003 -13"><span class='ocrx_word' id='word_1_168' title='bbox 152 1641 301 1691; x_wconf 79' lang='grc' dir='ltr'><strong><em>ἐκεῖνος</em></strong></span> <span class='ocrx_word' id='word_1_169' title='bbox 333 1641 375 1682; x_wconf 84' lang='grc' dir='ltr'><strong><em>ἐν</em></strong></span> <span class='ocrx_word' id='word_1_170' title='bbox 406 1641 534 1695; x_wconf 86' lang='grc' dir='ltr'><strong><em>μέλεσι</em></strong></span> <span class='ocrx_word' id='word_1_171' title='bbox 562 1640 651 1694; x_wconf 82' lang='grc' dir='ltr'><strong><em>περὶ</em></strong></span> <span class='ocrx_word' id='word_1_172' title='bbox 682 1643 866 1682; x_wconf 80' lang='grc' dir='ltr'><strong><em>Μουσῶν</em></strong></span> <span class='ocrx_word' id='word_1_173' title='bbox 895 1637 1113 1692; x_wconf 78' lang='grc' dir='ltr'><strong><em>ἄνύμνησε·</em></strong></span> <span class='ocrx_word' id='word_1_174' title='bbox 1152 1638 1250 1696; x_wconf 82' lang='grc' dir='ltr'><strong><em>φησὶ</em></strong></span> <span class='ocrx_word' id='word_1_175' title='bbox 1285 1635 1360 1693; x_wconf 79' lang='grc' dir='ltr'><strong><em>γὰρ</em></strong></span> <span class='ocrx_word' id='word_1_176' title='bbox 1398 1635 1529 1691; x_wconf 78' lang='grc' dir='ltr'><strong><em>δήπου</em></strong></span> <span class='ocrx_word' id='word_1_177' title='bbox 1565 1641 1678 1680; x_wconf 88' lang='grc' dir='ltr'><strong><em>τοῦτο</em></strong></span> 
     </span>
     <span class='ocr_line' id='line_1_22' title="bbox 151 1703 1679 1760; baseline -0.003 -12"><span class='ocrx_word' id='word_1_178' title='bbox 151 1708 317 1756; x_wconf 81' lang='grc' dir='ltr'><strong><em>ἐκεῖνος</em></strong></span> <span class='ocrx_word' id='word_1_179' title='bbox 344 1704 423 1748; x_wconf 84' lang='grc' dir='ltr'><strong><em>Ἀεὶ</em></strong></span> <span class='ocrx_word' id='word_1_180' title='bbox 454 1706 524 1760; x_wconf 82' lang='grc' dir='ltr'><strong><em>μὲν</em></strong></span> <span class='ocrx_word' id='word_1_181' title='bbox 556 1707 600 1747; x_wconf 81' lang='grc' dir='ltr'><strong><em>αἱ</em></strong></span> <span class='ocrx_word' id='word_1_182' title='bbox 626 1709 795 1748; x_wconf 89' lang='grc' dir='ltr'><strong><em>Μοῦσαι</em></strong></span> <span class='ocrx_word' id='word_1_183' title='bbox 824 1703 1031 1759; x_wconf 83' lang='grc' dir='ltr'><strong><em>χορεύουσι</em></strong></span> <span class='ocrx_word' id='word_1_184' title='bbox 1067 1704 1133 1745; x_wconf 87' lang='grc' dir='ltr'><strong><em>καὶ</em></strong></span> <span class='ocrx_word' id='word_1_185' title='bbox 1170 1705 1288 1757; x_wconf 87' lang='grc' dir='ltr'><strong><em>φίλον</em></strong></span> <span class='ocrx_word' id='word_1_186' title='bbox 1324 1703 1403 1744; x_wconf 77' lang='grc' dir='ltr'><strong><em>ἐστὶ</em></strong></span> <span class='ocrx_word' id='word_1_187' title='bbox 1443 1708 1527 1753; x_wconf 84' lang='grc' dir='ltr'><strong><em>ταῖς</em></strong></span> <span class='ocrx_word' id='word_1_188' title='bbox 1564 1707 1679 1753; x_wconf 79' lang='grc' dir='ltr'><strong><em>θεαῖς</em></strong></span> 
     </span>
     <span class='ocr_line' id='line_1_23' title="bbox 151 1764 1680 1830; baseline -0.003 -17"><span class='ocrx_word' id='word_1_189' title='bbox 151 1772 195 1813; x_wconf 83' lang='grc' dir='ltr'><strong><em>έν</em></strong></span> <span class='ocrx_word' id='word_1_190' title='bbox 227 1769 348 1830; x_wconf 77' lang='grc' dir='ltr'><strong><em>ᾠδαῖς</em></strong></span> <span class='ocrx_word' id='word_1_191' title='bbox 377 1788 415 1813; x_wconf 88' lang='grc' dir='ltr'><strong><em>τε</em></strong></span> <span class='ocrx_word' id='word_1_192' title='bbox 447 1769 548 1813; x_wconf 86' lang='grc' dir='ltr'><strong><em>εἶναι</em></strong></span> <span class='ocrx_word' id='word_1_193' title='bbox 579 1771 646 1812; x_wconf 84' lang='grc' dir='ltr'><strong><em>καὶ</em></strong></span> <span class='ocrx_word' id='word_1_194' title='bbox 675 1769 911 1826; x_wconf 80' lang='grc' dir='ltr'><strong><em>κρούμασιν·</em></strong></span> <span class='ocrx_word' id='word_1_195' title='bbox 951 1766 1112 1811; x_wconf 81' lang='grc' dir='ltr'><strong><em>ἐπειδαν</em></strong></span> <span class='ocrx_word' id='word_1_196' title='bbox 1143 1767 1186 1809; x_wconf 80' lang='grc' dir='ltr'><strong><em>δὲ</em></strong></span> <span class='ocrx_word' id='word_1_197' title='bbox 1217 1769 1330 1809; x_wconf 89' lang='grc' dir='ltr'><strong><em>ι’δωσι</em></strong></span> <span class='ocrx_word' id='word_1_198' title='bbox 1358 1764 1426 1809; x_wconf 87' lang='grc' dir='ltr'><strong><em>τὸν</em></strong></span> <span class='ocrx_word' id='word_1_199' title='bbox 1451 1764 1680 1810; x_wconf 81' lang='grc' dir='ltr'><strong><em>Ἀπόλλωνα</em></strong></span> 
     </span>
     <span class='ocr_line' id='line_1_24' title="bbox 150 1829 1680 1913; baseline -0.002 -35"><span class='ocrx_word' id='word_1_200' title='bbox 150 1840 218 1890; x_wconf 83' lang='grc' dir='ltr'><strong><em>τῆς</em></strong></span> <span class='ocrx_word' id='word_1_201' title='bbox 255 1839 407 1890; x_wconf 88' lang='grc' dir='ltr'><strong><em>χορείας</em></strong></span> <span class='ocrx_word' id='word_1_202' title='bbox 422 1835 629 1913; x_wconf 78' lang='grc' dir='ltr'><strong><em>ἡγεῖσθαι</em></strong></span> <span class='ocrx_word' id='word_1_203' title='bbox 667 1833 904 1890; x_wconf 80' lang='grc' dir='ltr'><strong><em>ἀρχόμενον,</em></strong></span> <span class='ocrx_word' id='word_1_204' title='bbox 940 1832 1023 1877; x_wconf 86' lang='grc' dir='ltr'><strong><em>τότε</em></strong></span> <span class='ocrx_word' id='word_1_205' title='bbox 1059 1829 1225 1875; x_wconf 81' lang='grc' dir='ltr'><strong><em>πλέον</em></strong></span> <span class='ocrx_word' id='word_1_206' title='bbox 1208 1850 1234 1886; x_wconf 91' lang='grc' dir='ltr'><strong><em>η</em></strong></span> <span class='ocrx_word' id='word_1_207' title='bbox 1265 1830 1455 1886; x_wconf 87' lang='grc' dir='ltr'><strong><em>πρότερον</em></strong></span> <span class='ocrx_word' id='word_1_208' title='bbox 1490 1830 1533 1874; x_wconf 87' lang='grc' dir='ltr'><strong><em>τὸ</em></strong></span> <span class='ocrx_word' id='word_1_209' title='bbox 1566 1832 1680 1886; x_wconf 85' lang='grc' dir='ltr'><strong><em>μέλος</em></strong></span> 
     </span>
     <span class='ocr_line' id='line_1_25' title="bbox 153 1895 1679 1955; baseline -0.003 -13"><span class='ocrx_word' id='word_1_210' title='bbox 153 1902 366 1943; x_wconf 77' lang='grc' dir='ltr'><strong><em>ἐκτείνασαι</em></strong></span> <span class='ocrx_word' id='word_1_211' title='bbox 413 1899 512 1955; x_wconf 80' lang='grc' dir='ltr'><strong><em>ηχόν</em></strong></span> <span class='ocrx_word' id='word_1_212' title='bbox 555 1917 643 1942; x_wconf 90' lang='grc' dir='ltr'><strong><em>τινα</em></strong></span> <span class='ocrx_word' id='word_1_213' title='bbox 684 1898 957 1954; x_wconf 87' lang='grc' dir='ltr'><strong><em>παναρμόνιον</em></strong></span> <span class='ocrx_word' id='word_1_214' title='bbox 999 1896 1094 1942; x_wconf 79' lang='grc' dir='ltr'><strong><em>καθ’</em></strong></span> <span class='ocrx_word' id='word_1_215' title='bbox 1141 1895 1354 1947; x_wconf 80' lang='grc' dir='ltr'><strong><em>Ἑλικῶνος</em></strong></span> <span class='ocrx_word' id='word_1_216' title='bbox 1402 1897 1679 1951; x_wconf 76' lang='grc' dir='ltr'><strong><em>ἐκπέμπουσιν.</em></strong></span> 
     </span>
     <span class='ocr_line' id='line_1_26' title="bbox 153 1967 957 2016; baseline -0.001 -10"><span class='ocrx_word' id='word_1_217' title='bbox 153 1968 256 2007; x_wconf 86' lang='lat' dir='ltr'>Sunt</span> <span class='ocrx_word' id='word_1_218' title='bbox 285 1968 457 2007; x_wconf 87' lang='lat' dir='ltr'>fortasse</span> <span class='ocrx_word' id='word_1_219' title='bbox 489 1980 535 2006; x_wconf 87' lang='lat' dir='ltr'><strong><em>ex</em></strong></span> <span class='ocrx_word' id='word_1_220' title='bbox 567 1967 789 2006; x_wconf 74' lang='lat' dir='ltr'>Paeanibus</span> <span class='ocrx_word' id='word_1_221' title='bbox 818 1967 957 2016; x_wconf 88' lang='lat' dir='ltr'>petita.</span> 
     </span>
    </p>
   </div>
   <div class='ocr_carea' id='block_1_9' title="bbox 772 2079 1063 2134">
    <p class='ocr_par' dir='ltr' id='par_1_9' title="bbox 772 2079 1063 2134">
     <span class='ocr_line' id='line_1_27' title="bbox 772 2079 1063 2134; baseline 0 -11"><span class='ocrx_word' id='word_1_222' title='bbox 772 2081 857 2123; x_wconf 82' lang='lat'><strong><em>202</em></strong></span> <span class='ocrx_word' id='word_1_223' title='bbox 872 2079 925 2124; x_wconf 82' lang='grc' dir='ltr'><strong><em>Α.</em></strong></span> <span class='ocrx_word' id='word_1_224' title='bbox 958 2081 1063 2134; x_wconf 83' lang='lat'><strong>[71.]</strong></span> 
     </span>
    </p>
   </div>
   <div class='ocr_carea' id='block_1_10' title="bbox 152 2155 1681 2669">
    <p class='ocr_par' dir='ltr' id='par_1_10' title="bbox 152 2155 1681 2669">
     <span class='ocr_line' id='line_1_28' title="bbox 258 2155 1676 2214; baseline -0.001 -14"><span class='ocrx_word' id='word_1_225' title='bbox 258 2162 374 2201; x_wconf 78' lang='lat' dir='ltr'>Phot.</span> <span class='ocrx_word' id='word_1_226' title='bbox 402 2162 498 2211; x_wconf 87' lang='lat'><strong><em>500,</em></strong></span> <span class='ocrx_word' id='word_1_227' title='bbox 535 2163 611 2201; x_wconf 85' lang='lat'><strong><em>24:</em></strong></span> <span class='ocrx_word' id='word_1_228' title='bbox 647 2156 869 2213; x_wconf 87' lang='grc' dir='ltr'><strong><em>Σαρδόνιος</em></strong></span> <span class='ocrx_word' id='word_1_229' title='bbox 899 2158 1036 2214; x_wconf 82' lang='grc' dir='ltr'><strong><em>γέλως·</em></strong></span> <span class='ocrx_word' id='word_1_230' title='bbox 1069 2191 1078 2200; x_wconf 94' lang='grc'><strong>.</strong></span> <span class='ocrx_word' id='word_1_231' title='bbox 1099 2191 1108 2200; x_wconf 92' lang='grc'><strong>.</strong></span> <span class='ocrx_word' id='word_1_232' title='bbox 1130 2191 1139 2200; x_wconf 93' lang='grc'><strong>.</strong></span> <span class='ocrx_word' id='word_1_233' title='bbox 1170 2158 1398 2212; x_wconf 85' lang='grc' dir='ltr'><strong><em>Σιμωνίδης</em></strong></span> <span class='ocrx_word' id='word_1_234' title='bbox 1429 2156 1473 2199; x_wconf 79' lang='grc' dir='ltr'><strong><em>δὲ</em></strong></span> <span class='ocrx_word' id='word_1_235' title='bbox 1503 2155 1571 2200; x_wconf 82' lang='grc' dir='ltr'><strong><em>τὸν</em></strong></span> <span class='ocrx_word' id='word_1_236' title='bbox 1605 2155 1676 2199; x_wconf 75' lang='grc' dir='ltr'><strong><em>Τά-</em></strong></span> 
     </span>
     <span class='ocr_line' id='line_1_29' title="bbox 152 2219 1681 2281; baseline -0.002 -14"><span class='ocrx_word' id='word_1_237' title='bbox 152 2230 231 2266; x_wconf 89' lang='grc' dir='ltr'><strong><em>λων</em></strong></span> <span class='ocrx_word' id='word_1_238' title='bbox 264 2222 367 2281; x_wconf 86' lang='lat' dir='ltr'>(cod.</span> <span class='ocrx_word' id='word_1_239' title='bbox 393 2221 547 2281; x_wconf 86' lang='grc' dir='ltr'><strong><em>σιαλον)</em></strong></span> <span class='ocrx_word' id='word_1_240' title='bbox 577 2222 646 2267; x_wconf 87' lang='grc' dir='ltr'><strong><em>τὸν</em></strong></span> <span class='ocrx_word' id='word_1_241' title='bbox 663 2222 1018 2278; x_wconf 48' lang='grc' dir='ltr'><strong><em>(Ηφαιστότευκτον</em></strong></span> <span class='ocrx_word' id='word_1_242' title='bbox 1043 2225 1306 2278; x_wconf 87' lang='grc' dir='ltr'><strong><em>Σαρδονίους,</em></strong></span> <span class='ocrx_word' id='word_1_243' title='bbox 1332 2219 1380 2265; x_wconf 81' lang='grc' dir='ltr'><strong><em>οὗ</em></strong></span> <span class='ocrx_word' id='word_1_244' title='bbox 1411 2222 1681 2277; x_wconf 81' lang='grc' dir='ltr'><strong><em>βουλομένους</em></strong></span> 
     </span>
     <span class='ocr_line' id='line_1_30' title="bbox 154 2284 1678 2345; baseline -0.001 -14"><span class='ocrx_word' id='word_1_245' title='bbox 154 2294 367 2344; x_wconf 81' lang='grc' dir='ltr'><strong><em>περαιῶσαι</em></strong></span> <span class='ocrx_word' id='word_1_246' title='bbox 409 2288 508 2345; x_wconf 90' lang='grc' dir='ltr'><strong><em>πρὸς</em></strong></span> <span class='ocrx_word' id='word_1_247' title='bbox 548 2292 720 2342; x_wconf 88' lang='grc' dir='ltr'><strong><em>Μίνωα,</em></strong></span> <span class='ocrx_word' id='word_1_248' title='bbox 760 2291 814 2340; x_wconf 86' lang='grc' dir='ltr'><strong><em>εἰς</em></strong></span> <span class='ocrx_word' id='word_1_249' title='bbox 853 2293 933 2344; x_wconf 89' lang='grc' dir='ltr'><strong><em>πῦρ</em></strong></span> <span class='ocrx_word' id='word_1_250' title='bbox 973 2286 1270 2342; x_wconf 85' lang='grc' dir='ltr'><strong><em>καθαλλόμενον</em></strong></span> <span class='ocrx_word' id='word_1_251' title='bbox 1311 2285 1364 2337; x_wconf 83' lang='grc' dir='ltr'><strong><em>ὦς</em></strong></span> <span class='ocrx_word' id='word_1_252' title='bbox 1403 2284 1455 2329; x_wconf 77' lang='grc' dir='ltr'><strong><em>ἂν</em></strong></span> <span class='ocrx_word' id='word_1_253' title='bbox 1495 2291 1678 2341; x_wconf 80' lang='grc' dir='ltr'><strong><em>χαλκοῦν,</em></strong></span> 
     </span>
     <span class='ocr_line' id='line_1_31' title="bbox 155 2353 1679 2409; baseline -0.003 -13"><span class='ocrx_word' id='word_1_254' title='bbox 155 2353 524 2409; x_wconf 83' lang='grc' dir='ltr'><strong><em>προστερνιζόμενον</em></strong></span> <span class='ocrx_word' id='word_1_255' title='bbox 567 2353 743 2409; x_wconf 79' lang='grc' dir='ltr'><strong><em>ἀναιρεῖν</em></strong></span> <span class='ocrx_word' id='word_1_256' title='bbox 784 2353 1074 2409; x_wconf 78' lang='grc' dir='ltr'><strong><em>ἕπιχοὲσκοντας.</em></strong></span> <span class='ocrx_word' id='word_1_257' title='bbox 1136 2355 1291 2395; x_wconf 81' lang='lat' dir='ltr'>Similia</span> <span class='ocrx_word' id='word_1_258' title='bbox 1333 2354 1476 2394; x_wconf 77' lang='lat' dir='ltr'>Suidas</span> <span class='ocrx_word' id='word_1_259' title='bbox 1507 2368 1543 2394; x_wconf 89' lang='lat' dir='ltr'><strong><em>v.</em></strong></span> <span class='ocrx_word' id='word_1_260' title='bbox 1576 2356 1679 2406; x_wconf 86' lang='grc' dir='ltr'><strong><em>Σαρ-</em></strong></span> 
     </span>
     <span class='ocr_line' id='line_1_32' title="bbox 155 2415 1677 2475; baseline -0.002 -13"><span class='ocrx_word' id='word_1_261' title='bbox 155 2419 288 2470; x_wconf 89' lang='grc' dir='ltr'><strong><em>δόνιος</em></strong></span> <span class='ocrx_word' id='word_1_262' title='bbox 324 2421 453 2475; x_wconf 80' lang='grc' dir='ltr'><strong><em>γέλως.</em></strong></span> <span class='ocrx_word' id='word_1_263' title='bbox 516 2422 574 2462; x_wconf 81' lang='lat' dir='ltr'><strong><em>Of.</em></strong></span> <span class='ocrx_word' id='word_1_264' title='bbox 613 2422 757 2462; x_wconf 89' lang='lat' dir='ltr'>Zenob.</span> <span class='ocrx_word' id='word_1_265' title='bbox 799 2422 835 2459; x_wconf 93' lang='lat' dir='ltr'><strong>V</strong></span> <span class='ocrx_word' id='word_1_266' title='bbox 868 2423 941 2461; x_wconf 88' lang='lat'><strong><em>85:</em></strong></span> <span class='ocrx_word' id='word_1_267' title='bbox 980 2421 1207 2473; x_wconf 87' lang='grc' dir='ltr'><strong><em>Σιμωνίδης</em></strong></span> <span class='ocrx_word' id='word_1_268' title='bbox 1245 2417 1288 2459; x_wconf 83' lang='grc' dir='ltr'><strong><em>δὲ</em></strong></span> <span class='ocrx_word' id='word_1_269' title='bbox 1324 2418 1422 2471; x_wconf 82' lang='grc' dir='ltr'><strong><em>φησὶ</em></strong></span> <span class='ocrx_word' id='word_1_270' title='bbox 1457 2415 1526 2459; x_wconf 90' lang='grc' dir='ltr'><strong><em>τὸν</em></strong></span> <span class='ocrx_word' id='word_1_271' title='bbox 1566 2415 1677 2459; x_wconf 73' lang='grc' dir='ltr'><strong><em>Τάλω</em></strong></span> 
     </span>
     <span class='ocr_line' id='line_1_33' title="bbox 153 2479 1679 2539; baseline -0.002 -13"><span class='ocrx_word' id='word_1_272' title='bbox 153 2483 229 2539; x_wconf 89' lang='grc' dir='ltr'><strong><em>πρὸ</em></strong></span> <span class='ocrx_word' id='word_1_273' title='bbox 260 2489 328 2538; x_wconf 88' lang='grc' dir='ltr'><strong><em>τῆς</em></strong></span> <span class='ocrx_word' id='word_1_274' title='bbox 358 2487 413 2535; x_wconf 87' lang='grc' dir='ltr'><strong><em>εἰς</em></strong></span> <span class='ocrx_word' id='word_1_275' title='bbox 443 2483 607 2539; x_wconf 85' lang='grc' dir='ltr'><strong><em>Κρήτην</em></strong></span> <span class='ocrx_word' id='word_1_276' title='bbox 637 2480 813 2538; x_wconf 70' lang='grc' dir='ltr'><strong><em>ἀφίξεως</em></strong></span> <span class='ocrx_word' id='word_1_277' title='bbox 843 2487 999 2538; x_wconf 84' lang='grc' dir='ltr'><strong><em>οἰκῆσαι</em></strong></span> <span class='ocrx_word' id='word_1_278' title='bbox 1029 2483 1102 2538; x_wconf 85' lang='grc' dir='ltr'><strong><em>τὴν</em></strong></span> <span class='ocrx_word' id='word_1_279' title='bbox 1133 2481 1278 2538; x_wconf 78' lang='grc' dir='ltr'><strong><em>Σαρδὼ</em></strong></span> <span class='ocrx_word' id='word_1_280' title='bbox 1308 2483 1375 2524; x_wconf 80' lang='grc' dir='ltr'><strong><em>καὶ</em></strong></span> <span class='ocrx_word' id='word_1_281' title='bbox 1404 2479 1573 2532; x_wconf 75' lang='grc' dir='ltr'><strong><em>πολλοὺς</em></strong></span> <span class='ocrx_word' id='word_1_282' title='bbox 1600 2485 1679 2523; x_wconf 78' lang='grc' dir='ltr'><strong><em>τῶν</em></strong></span> 
     </span>
     <span class='ocr_line' id='line_1_34' title="bbox 155 2544 1675 2606; baseline -0.001 -16"><span class='ocrx_word' id='word_1_283' title='bbox 155 2550 198 2590; x_wconf 81' lang='grc' dir='ltr'><strong><em>ἐν</em></strong></span> <span class='ocrx_word' id='word_1_284' title='bbox 227 2548 346 2606; x_wconf 78' lang='grc' dir='ltr'><strong><em>ταύτῃ</em></strong></span> <span class='ocrx_word' id='word_1_285' title='bbox 379 2551 629 2604; x_wconf 81' lang='grc' dir='ltr'><strong><em>διαφθεῖραι,</em></strong></span> <span class='ocrx_word' id='word_1_286' title='bbox 661 2547 732 2599; x_wconf 78' lang='grc' dir='ltr'><strong><em>οὓς</em></strong></span> <span class='ocrx_word' id='word_1_287' title='bbox 761 2553 1013 2599; x_wconf 82' lang='grc' dir='ltr'><strong><em>τελευτῶντας</em></strong></span> <span class='ocrx_word' id='word_1_288' title='bbox 1045 2549 1267 2603; x_wconf 83' lang='grc' dir='ltr'><strong><em>σεσηρέναι,</em></strong></span> <span class='ocrx_word' id='word_1_289' title='bbox 1303 2548 1370 2589; x_wconf 89' lang='grc' dir='ltr'><strong><em>καὶ</em></strong></span> <span class='ocrx_word' id='word_1_290' title='bbox 1409 2547 1452 2588; x_wconf 80' lang='grc' dir='ltr'><strong><em>ἐκ</em></strong></span> <span class='ocrx_word' id='word_1_291' title='bbox 1481 2545 1621 2589; x_wconf 83' lang='grc' dir='ltr'><strong><em>τούτου</em></strong></span> <span class='ocrx_word' id='word_1_292' title='bbox 1653 2544 1675 2588; x_wconf 82' lang='grc' dir='ltr'>ὁ</span> 
     </span>
     <span class='ocr_line' id='line_1_35' title="bbox 154 2613 857 2669; baseline 0.004 -14"><span class='ocrx_word' id='word_1_293' title='bbox 154 2613 374 2668; x_wconf 74' lang='grc' dir='ltr'><strong><em>Σαρδάνιος</em></strong></span> <span class='ocrx_word' id='word_1_294' title='bbox 403 2614 533 2669; x_wconf 80' lang='grc' dir='ltr'><strong><em>γέλως.</em></strong></span> <span class='ocrx_word' id='word_1_295' title='bbox 566 2617 660 2667; x_wconf 88' lang='lat' dir='ltr'>ibiq.</span> <span class='ocrx_word' id='word_1_296' title='bbox 692 2617 857 2667; x_wconf 79' lang='lat' dir='ltr'>interpr.</span> 
     </span>
    </p>
   </div>
   <div class='ocr_carea' id='block_1_11' title="bbox 845 2730 1000 2775">
    <p class='ocr_par' dir='ltr' id='par_1_11' title="bbox 845 2730 1000 2775">
     <span class='ocr_line' id='line_1_36' title="bbox 845 2730 1000 2775; baseline 0.006 -1"><span class='ocrx_word' id='word_1_297' title='bbox 845 2732 932 2774; x_wconf 81' lang='lat'><strong><em>202</em></strong></span> <span class='ocrx_word' id='word_1_298' title='bbox 952 2730 1000 2775; x_wconf 92' lang='grc' dir='ltr'><strong><em>Β.</em></strong></span> 
     </span>
    </p>
   </div>
   <div class='ocr_carea' id='block_1_12' title="bbox 154 2796 1675 2935">
    <p class='ocr_par' dir='ltr' id='par_1_12' title="bbox 154 2796 1675 2935">
     <span class='ocr_line' id='line_1_37' title="bbox 272 2796 1671 2869; baseline -0.001 -13"><span class='ocrx_word' id='word_1_299' title='bbox 272 2818 525 2857; x_wconf 88' lang='lat' dir='ltr'>Philodemus</span> <span class='ocrx_word' id='word_1_300' title='bbox 568 2815 656 2869; x_wconf 84' lang='grc' dir='ltr'><strong><em>περὶ</em></strong></span> <span class='ocrx_word' id='word_1_301' title='bbox 698 2813 895 2869; x_wconf 78' lang='grc' dir='ltr'><strong><em>εὐσεβείας</em></strong></span> <span class='ocrx_word' id='word_1_302' title='bbox 936 2831 975 2868; x_wconf 88' lang='lat' dir='ltr'><strong><em>p.</em></strong></span> <span class='ocrx_word' id='word_1_303' title='bbox 1007 2819 1061 2857; x_wconf 81' lang='lat'><strong><em>37</em></strong></span> <span class='ocrx_word' id='word_1_304' title='bbox 1095 2817 1154 2856; x_wconf 87' lang='lat' dir='ltr'>ed.</span> <span class='ocrx_word' id='word_1_305' title='bbox 1187 2815 1378 2865; x_wconf 84' lang='lat' dir='ltr'>Gomperz</span> <span class='ocrx_word' id='word_1_306' title='bbox 1414 2809 1523 2868; x_wconf 88' lang='lat' dir='ltr'>(Vol.</span> <span class='ocrx_word' id='word_1_307' title='bbox 1555 2796 1671 2854; x_wconf 84' lang='lat' dir='ltr'>Herc.</span> 
     </span>
     <span class='ocr_line' id='line_1_38' title="bbox 154 2875 1675 2935; baseline -0.001 -17"><span class='ocrx_word' id='word_1_308' title='bbox 154 2882 240 2919; x_wconf 92' lang='lat' dir='ltr'>coll.</span> <span class='ocrx_word' id='word_1_309' title='bbox 272 2895 361 2921; x_wconf 85' lang='lat' dir='ltr'>nov.</span> <span class='ocrx_word' id='word_1_310' title='bbox 390 2883 432 2921; x_wconf 88' lang='grc' dir='ltr'>Π</span> <span class='ocrx_word' id='word_1_311' title='bbox 464 2878 538 2935; x_wconf 84' lang='grc'><strong><em>87)</em></strong></span> <span class='ocrx_word' id='word_1_312' title='bbox 584 2883 631 2921; x_wconf 84' lang='lat' dir='ltr'><strong><em>de</em></strong></span> <span class='ocrx_word' id='word_1_313' title='bbox 677 2882 853 2922; x_wconf 82' lang='lat' dir='ltr'>Atlantis</span> <span class='ocrx_word' id='word_1_314' title='bbox 896 2882 1118 2922; x_wconf 89' lang='lat' dir='ltr'>laboribus:</span> <span class='ocrx_word' id='word_1_315' title='bbox 1162 2875 1384 2932; x_wconf 81' lang='grc' dir='ltr'><strong><em>Εὐριπίδης</em></strong></span> <span class='ocrx_word' id='word_1_316' title='bbox 1421 2909 1549 2920; x_wconf 85' lang='grc'><strong>.....</strong></span> <span class='ocrx_word' id='word_1_317' title='bbox 1586 2881 1675 2931; x_wconf 82' lang='grc' dir='ltr'><strong><em>χαλ-</em></strong></span> 
     </span>
    </p>
   </div>
   <div class='ocr_carea' id='block_1_13' title="bbox 1670 0 1864 3126">
    <p class='ocr_par' dir='ltr' id='par_1_13' title="bbox 1670 0 1864 3126">
     <span class='ocr_line' id='line_1_39' title="bbox 1670 0 1864 3126; baseline 0 -2628"><span class='ocrx_word' id='word_1_318' title='bbox 1670 0 1864 3126; x_wconf 95' lang='lat' dir='ltr'><strong><em>    </em></strong></span> 
     </span>
    </p>
   </div>
   <div class='ocr_carea' id='block_1_14' title="bbox 1704 1484 1794 1517">
    <p class='ocr_par' dir='ltr' id='par_1_14' title="bbox 1704 1484 1794 1517">
     <span class='ocr_line' id='line_1_40' title="bbox 1704 1484 1794 1517; baseline 0.022 -2"><span class='ocrx_word' id='word_1_319' title='bbox 1704 1484 1794 1517; x_wconf 84' lang='grc'><strong>1193</strong></span> 
     </span>
    </p>
   </div>
  </div>
 </body>
</html>
