1864 3126
575 126 879 164 FRAGMENTA
907 124 1169 164 ADESPO'I'A.
1549 122 1634 167 697

838 237 908 279 32.

202 319 404 376 Νέστορα
437 317 486 364 δὲ
515 319 582 364 fui
613 317 784 372 παιδός.

810 438 867 482 33
888 438 940 481 A.

197 517 324 579 Ἀμὲς
356 518 398 565 δ’
431 518 663 579 Ἑειράυαν,
694 520 739 565 τὲ
772 521 836 577 δέ,
867 519 1064 579 τάρροθε
1099 522 1246 565 Μῶσα
1278 522 1430 576 λίγεια.

812 642 869 685 33
889 641 938 685 Β.

206 722 498 782 Λίνοδρυφὴς
530 723 579 768 δὲ
610 722 798 769 τάλαινα
830 725 934 768 τεοῦ
965 722 1076 767 κάτα
1107 721 1405 780 τυμβοχόησα.

639 845 708 888 34.
739 844 808 887 35.
841 845 909 887 36.
942 844 998 886 37
1015 843 1117 886 ΑΒ.
1553 852 1641 884 1329

210 923 291 971 Ka}
322 925 503 980 τοξότας
527 923 779 983 Ἡρακλέης.

205 995 419 1043 Κάλλιστ’
455 995 668 1042 ὑπαυλέν.
882 1053 884 1055 q

206 1065 278 1114 Κᾶ
310 1070 591 1127 μεγασθενὴς
619 1067 840 1114 Ἀσαναία.

170 1179 175 1183 ,
207 1139 488 1198 Μελάμποδά
521 1138 560 1184 τ’
588 1138 868 1198 Ἀρπόλυκόν
898 1158 955 1185 τε.

194 1210 435 1271 ’Ἀρχοιμεν
463 1211 551 1275 γᾲρ
566 1271 569 1274 y
582 1210 865 1270 κῶθρασίων.

111 1367 262 1404 Burrus
286 1370 325 1403 et
349 1368 491 1414 Bruyes
517 1368 555 1403 et
573 1366 747 1403 Bolanus*
767 1367 865 1413 quod
887 1366 983 1403 sicut
1002 1365 1128 1412 priora
1146 1364 1318 1411 exempla
1344 1375 1389 1400 ex
1408 1364 1530 1400 Ennio
1549 1364 1646 1410 peti-

113 1415 194 1451 tum
219 1413 380 1461 videtur,
413 1426 639 1461 quamquam
672 1427 769 1450 nunc
801 1414 945 1450 nullum
978 1413 1148 1460 superest
1179 1411 1384 1459 vestigium
1415 1412 1584 1456 (fortasse
1610 1411 1649 1448 in

113 1461 208 1499 cista
233 1462 477 1499 Praenestina
509 1463 663 1508 Ephem.
692 1462 816 1508 Epigr.
846 1463 859 1497 Ι
888 1475 921 1508 p.
950 1465 1017 1498 153
1045 1460 1227 1505 scriptum
1252 1460 1326 1496 fuit
1355 1459 1522 1505 Belena).
1566 1458 1648 1496 Hoc

114 1509 264 1556 quidem
291 1509 568 1546 hemistichium
599 1511 790 1546 Alemannis
815 1509 975 1553 videtur,
1002 1509 1099 1545 siout
1122 1508 1166 1545 fr.
1192 1512 1249 1544 32.

210 1568 266 1606 Fr.
297 1573 352 1606 32.
404 1570 581 1605 Priscian.
605 1569 619 1603 I
640 1573 703 1604 21:
732 1569 825 1613 „Est
843 1571 980 1612 tamen,
1007 1567 1156 1614 quando
1184 1567 1283 1603 idem
1304 1566 1430 1603 Aeolis
1453 1565 1649 1602 inveniun-

114 1618 176 1653 tur
199 1629 267 1663 pro
294 1617 435 1663 duplici
467 1629 615 1663 quoque
649 1618 878 1653 consonante
904 1615 1095 1662 digamma
1126 1616 1307 1661 posuisse,
1338 1617 1381 1650 ut
1406 1613 1580 1659 Νέστορα
1606 1613 1648 1649 δὲ

113 1663 174 1702 foa
200 1663 374 1706 παιδός.“
400 1665 505 1701 codd.
533 1673 571 1701 et
598 1664 770 1708 Νέστορα
797 1668 836 1700 et
860 1661 1025 1708 Νέστορι
1050 1663 1237 1705 exhibent,
1263 1663 1307 1698 ut
1325 1661 1430 1708 optio
1456 1661 1507 1697 sit
1525 1661 1650 1705 dubia,

116 1714 240 1749 cetera
269 1713 383 1749 variis
422 1713 542 1749 modis
580 1713 784 1758 depravata
823 1712 997 1758 leguntur
1031 1711 1071 1747 in
1103 1709 1293 1747 codicibus
1326 1721 1446 1755 neque
1479 1721 1567 1745 vero
1603 1709 1649 1745 de

115 1760 276 1797 lectione
301 1760 445 1807 ambigi
470 1761 605 1814 potest.

211 1819 271 1855 Fr,
299 1823 343 1855 33
357 1820 399 1855 A.
454 1819 564 1856 Prisc.
586 1819 684 1854 122:
714 1818 938 1866 „Digamma
963 1818 1089 1854 Aeolis
1115 1819 1172 1853 est
1198 1817 1346 1864 quando
1372 1828 1438 1862 pro
1465 1815 1584 1852 nihilo
1611 1815 1649 1851 iu

115 1866 244 1903 metris
281 1867 528 1913 accipiebant,
565 1868 609 1902 ut
631 1865 762 1913 ’Ἀμμες
795 1863 834 1902 δ’
867 1864 1056 1912 ,Ρειρήναν
1088 1863 1130 1901 τὸ
1162 1864 1206 1901 δέ
1237 1861 1273 1900 τ’
1313 1860 1362 1908 ἂρ
1392 1865 1488 1900 θέτο
1528 1864 1650 1900 Mation

114 1915 253 1960 λιγαία.
298 1914 365 1950 Est
396 1914 495 1950 enim
528 1915 784 1951 hexametrum
815 1914 1048 1958 heroicum,“
1080 1913 1137 1949 ita
1170 1913 1284 1949 Krehl
1317 1924 1363 1949 ex
1394 1911 1492 1957 Lips.
1521 1911 1650 1947 Zwicc.

117 1962 210 2006 Erl.‚
243 1962 355 2002 Hertz
387 1961 482 2009 ἁμὲς
513 1958 551 1997 δ’
585 1960 773 2007 ,Ρειρήναν
805 1965 829 2007 †
861 1975 902 1998 το
941 1962 982 1997 δε
1016 1974 1088 2008 γαρ
1120 1963 1214 1997 &sto
1246 1960 1369 1996 Μῶσα
1399 1960 1532 2003 λίγεια.
1584 1958 1652 1995 Co-

118 2009 242 2046 dicum
282 2010 485 2055 scripturas
528 2009 592 2055 qui
630 2020 853 2055 cognoscere
892 2009 986 2045 velit
1023 2009 1136 2045 adeat
1174 2008 1379 2044 Hei-tzium.
1432 2007 1511 2053 Ego
1549 2007 1654 2042 tenui

118 2057 218 2103 quod
244 2057 334 2093 olim
361 2057 492 2104 scripsi
513 2055 616 2103 Ἆμὲς
646 2056 690 2092 δ’
722 2054 933 2103 Ἑειράναν,
964 2055 1004 2093 τὲ
1031 2054 1091 2101 δέ,
1125 2053 1291 2102 τάρροθε
1326 2055 1399 2101 (vel
1426 2052 1651 2098 παρθένε)

118 2105 241 2141 Μῶσα
265 2106 399 2150 λίγεια,
426 2116 654 2151 quamquam
683 2105 894 2141 emendatio
920 2103 1082 2148 incerta3
1107 2115 1194 2139 nam
1220 2103 1378 2139 sortasse
1398 2101 1501 2137 aliud
1528 2101 1654 2147 potius

119 2152 326 2189 oblitterati
358 2153 550 2199 digamma
581 2153 793 2199 exemplum
827 2153 938 2196 latet,
971 2152 1074 2188 velut
1106 2148 1148 2187 τὸ
1176 2147 1214 2186 δ’
1241 2148 1351 2195 Ῐέαρ.
1404 2148 1541 2184 Versus
1567 2150 1652 2184 Alc-

117 2199 221 2283 maztii
239 2199 487 2253 tribuendus,
519 2211 606 2235 nam
644 2200 852 2245 Terpandri
891 2199 1058 2235 carmina
1094 2198 1284 2234 rarissime
1316 2197 1498 2232 adhibent
1529 2207 1651 2242 gram-

118 2258 181 2283 ma
214 2258 258 2282 ci.

214 2306 272 2341 Fr.
288 2310 333 2341 33
347 2306 386 2341 Β.
439 2306 610 2351 Apollon.
625 2305 670 2342 de
689 2317 792 2351 pron.
808 2317 843 2351 p.
860 2309 928 2341 366
943 2306 972 2340 B
993 2306 1039 2341 de
1059 2305 1186 2341 dorica
1203 2305 1323 2341 forma
1341 2304 1430 2339 τεοῦ
1451 2303 1653 2339 disserens:

118 2351 296 2411 ἡ,χρῖλσις
321 2350 414 2398 παρ’
439 2350 654 2411 ’.Επξχάρμφ
687 2353 750 2389 καὶ
783 2349 1313 2409 Σώφρονι··Αἰνοὸρυφὴς
1343 2354 1419 2387 κτλ.
1448 2349 1654 2405 ,Σώφρων

120 2400 1023 2495 38²535332555'2...323313‘53353“332132ss3’·
1035 2397 1655 2483 ³eff‘iffisstssssuss'erffiffissss‘ffiffi

99 2508 191 2543 ,que
217 2496 361 2533 alienus
388 2494 496 2541 lyrici
520 2507 600 2532 csse
627 2494 787 2539 videtur,
812 2494 898 2532 fort.
921 2496 1119 2531 Alcmanis.
1160 2494 1410 2530 Valkenarius
1433 2493 1656 2529 Antimacho

120 2544 306 2580 attribuit.

218 2604 269 2640 Fr.
303 2606 443 2639 34--37
455 2602 526 2639 AB.
579 2602 702 2649 Apoll.
729 2602 774 2638 de
802 2602 906 2647 Synt.
929 2615 965 2649 p.
987 2605 1074 2638 336:
1098 2599 1304 2646 Ἀπειροὶκις
1328 2598 1401 2647 γὰρ
1428 2598 1473 2636 τὰ
1503 2598 1655 2646 Δωρικὰ

123 2648 186 2688 διὰ
225 2651 346 2695 ψιλῶν
386 2647 629 2695 ἆντιστοίχων
668 2648 735 2691 τὰς
772 2646 1008 2695 συναλοιφάς
1039 2653 1221 2686 ποιεῖται·
1261 2645 1319 2684 noi
1352 2646 1544 2692 τοξότας
1582 2651 1656 2685 κτλ.

123 2699 180 2735 Ne
213 2699 296 2745 quis
334 2698 493 2734 nimium
525 2697 669 2734 tribuat
699 2697 1030 2743 grammaticorum
1062 2700 1231 2732 veterum
1259 2696 1487 2739 auctoritati,
1513 2707 1658 2741 moneo,

126 2746 306 2792 quamdiu
333 2746 457 2792 asperi
488 2745 639 2790 spiritus
673 2746 763 2780 nota
787 2743 825 2780 iu
851 2757 920 2780 usu
946 2744 1029 2787 fuit,
1056 2743 1217 2779 Graecos
1243 2745 1374 2779 tenues
1399 2742 1546 2779 litteras
1571 2744 1657 2780 sub—

126 2798 304 2839 sequente
326 2796 363 2829 H
382 2792 590 2836 retinuisse,
616 2803 703 2828 nam
731 2792 879 2828 litterae
909 2794 980 2828 TH
1006 2788 1185 2836 (κάλλιστ’
1207 2788 1392 2836 ὖπαυλὲν)
1413 2792 1660 2837 aequiparant

126 2840 313 2887 aspiratae
341 2842 382 2877 Θ.
434 2840 513 2876 Iam
538 2840 723 2886 abrogata
748 2839 905 2884 spiritus
932 2840 1053 2885 asperi
1080 2839 1170 2875 nota
1195 2850 1283 2874 sane
1305 2839 1337 2874 Θ
1357 2837 1657 2875 substituendum

130 2889 228 2932 erat,
261 2888 326 2923 sed
357 2899 430 2923 non
462 2887 596 2923 mirum
629 2887 661 2922 si
692 2885 834 2923 scribae
871 2889 1002 2923 tenues
1038 2886 1300 2932 propagabant
1335 2885 1525 2922 tralaticio
1557 2898 1658 2923 more
