1864 3126
186 81 273 124 302
404 69 406 71 ’
672 62 674 65 ’
747 80 941 116 POETAE
967 80 1143 118 MELIOI.

211 201 230 232 5
259 188 354 245 ἐμοὶ
386 188 504 245 μέλει
536 186 744 245 μύροισιν
920 210 921 213 “
1038 186 1097 240 ὡς
1129 182 1212 232 οὖν
1244 187 1302 232 ἔτ’
1339 187 1467 233 εὐδία
1494 187 1623 246 ’στιν,

194 317 199 323 ·
257 259 541 316 καταβρέχειν
576 256 766 314 ὑπήνην·
1036 259 1110 302 καὶ
1141 267 1242 302 πῖνε
1271 259 1344 302 καὶ
1375 258 1549 316 κύβευε,

248 330 344 386 ἐμοὶ
376 330 494 386 μέλει
527 328 732 387 ρόδοισιν
1038 330 1110 373 καὶ
1143 330 1303 374 σπένδε
1334 333 1394 390 τῷ
1415 329 1596 391 Λυαίῳ,

259 402 549 458 καταστέφειν
580 400 765 457 κάρηνα.
1039 399 1097 456 μὴ
1130 404 1314 457 νοῦσος,
1346 400 1403 458 ἥν
1434 419 1500 453 τις
1530 405 1656 460 ἔλθῃ,

260 470 314 525 τὸ,
343 471 540 530 σήμερον
572 473 690 529 μέλει
722 489 812 529 μοι,
971 485 1012 515 15
1039 473 1142 530 λέγῃ
1176 486 1223 516 σε
1255 470 1314 528 μὴ
1349 475 1422 516 δεῖ.
1446 460 1604 518 πίνειν.

193 556 234 587 10
259 542 309 586 τὸ
343 541 385 586 δ’
421 541 583 601 αὔριον
614 547 679 595 τίς
711 541 855 596 οἷδεν;

861 663 898 705 8.
933 663 1038 716 [31]

545 747 637 779 ΕΙΣ
660 746 870 780 ΕΑΤΤΟΝ
893 745 1356 780 ΜΕΜΕΘΤΣΜΕΝΟΝ.

250 825 386 884 ’Ἀφες
417 845 489 884 με,
520 827 626 879 τοὺς
655 826 792 879 θεούς
823 839 910 882 σοι,
1044 825 1197 883 δεινὴν
1228 830 1412 871 κλονῶνν
1434 828 1658 886 φαρέτρην

259 907 378 942 πιεῖν
409 908 527 943 πιεῖν
560 897 738 956 ἀμυστί·
1043 897 1116 941 καὶ
1146 897 1278 950 τόξον
1307 896 1525 955 Ἰφίτειον.

261 962 381 1014 θέλω
414 970 533 1013 θέλω
567 972 774 1026 μανῆναι.
845 983 932 1013 1051
1046 969 1246 1024 ἐμαίνετο
1278 969 1384 1026 πρὶν
1415 975 1528 1021 Αἰάς

262 1039 451 1097 ε’μαίνετ’
484 1038 705 1096 Ἀλκμέων
736 1058 782 1084 τε
1045 1038 1138 1096 μετ’
1173 1038 1360 1092 ἀσπίδος
1389 1043 1645 1098 κραδαίνων

215 1124 236 1155 5
263 1110 324 1168 χώ
358 1111 601 1163 λευκόπους
628 1110 841 1168 Ὀρέστης,
976 1122 1018 1154 15
1043 1109 1126 1167 τὴν
1147 1109 1358 1169 ’Έκτορος
1387 1110 1628 1169 μάχαιραν·

261 1180 338 1234 τὰς
369 1184 558 1240 μητέρας
588 1182 840 1234 κτανόντες·
1045 1179 1129 1238 ἐγώ
1163 1180 1204 1225 δ’
1241 1185 1354 1239 ἔχων
1384 1182 1604 1227 κύπελλον

265 1253 349 1309 ἐγὼ
384 1253 433 1298 δὲ
464 1254 635 1310 μηδένα
665 1253 784 1309 κτάς,
1044 1253 1118 1296 καὶ
1150 1254 1315 1310 στέμμα
1346 1257 1478 1298 τοῦτο
1509 1258 1693 1311 χαίταις,

262 1323 377 1368 πιών
410 1323 452 1368 δ’
489 1317 689 1382 ἐρυθρὸν
721 1322 848 1367 οἶνον
1046 1322 1101 1367 οὐ
1131 1323 1283 1380 τόξον,
1317 1322 1372 1368 οὐ
1403 1324 1638 1382 μάχαιραν,

260 1396 381 1439 θέλω
413 1395 532 1439 θέλω
565 1397 772 1452 μανῆναι.
1045 1396 1164 1439 θέλω
1195 1395 1315 1439 θέλω
1347 1397 1555 1452 μανῆναι.

192 1479 235 1510 10
262 1465 464 1524 ἐμαίνεθ’
494 1464 712 1525 “Ηρακλῆς
743 1469 848 1524 πρίν

194 1595 340 1643 Γύγαο,
377 1609 411 1633 v.
438 1601 459 1632 3
492 1593 591 1632 οὔδ’
625 1594 775 1642 αἱρέει
807 1609 876 1654 με
890 1593 1070 1642 χρυσός,
1107 1609 1140 1632 v.
1173 1599 1196 1631 4
1227 1597 1339 1634 Anth.
1373 1593 1454 1632 οὐκ
1486 1595 1626 1632 αἰνέω
1660 1597 1718 1654 (ex

193 1644 406 1689 0011.,1”1111·,
438 1644 528 1680 011111
554 1644 654 1679 haud
687 1643 800 1679 dubie
832 1657 876 1679 ου
910 1643 1081 1690 φθονέω)
1120 1657 1391 1690 τυραννους,
1430 1645 1495 1680 sed
1520 1641 1717 1679 0111111.οὖ

193 1691 382 1737 φθονέω
420 1689 693 1748 τυράννους,
731 1704 766 1727 v.
793 1695 814 1726 5
841 1694 880 1727 et
906 1696 925 1727 7
959 1689 1204 1737 010111έμοῦ
1241 1693 1367 1749 (atque
1397 1692 1452 1727 ita.
1481 1692 1595 1727 Anth.
1630 1692 1716 1727 ante

193 1742 310 1784 corn).
345 1761 388 1767 —
429 1740 473 1774 V.
502 1743 533 1774 1.
572 1737 720 1784 Γύγεω,
753 1739 832 1775 cod.
859 1737 995 1784 γύγου,
1034 1739 1098 1774 sed
1128 1740 1167 1774 in
1191 1737 1390 1784 111.γύγεο.
1424 1759 1468 1764 -
1511 1738 1550 1774 V.
1579 1743 1668 1774 11-
1674 1742 1717 1774 15

191 1788 324 1832 postea.
349 1787 396 1822 ab
422 1786 497 1822 alio
523 1786 661 1822 adiecti
693 1787 796 1830 sunt,
827 1787 892 1831 qui
923 1786 1096 1822 carminis
1128 1789 1388 1832 argumentum
1412 1787 1531 1832 magis
1556 1785 1718 1821 dilucide

193 1845 375 1879 exponere
402 1833 560 1877 studuit3
583 1833 700 1878 igitur
724 1834 784 1869 1110
810 1845 957 1879 quoque
977 1833 1176 1869 Mehlhom
1199 1834 1337 1869 frustra
1362 1845 1524 1879 carmen,
1550 1834 1651 1879 quod
1675 1844 1720 1869 ex

193 1881 348 1917 diversis
373 1881 543 1926 partibus
570 1883 628 1916 est
651 1881 967 1940 conglutinatum,
997 1881 1044 1916 ad
1069 1882 1306 1938 stropharum
1331 1862 1599 1935 aequaiitaitem
1623 1880 1718 1916 redi-

192 1940 279 1973 gere
305 1929 459 1964 studuit.
480 1949 524 1954 —
550 1928 594 1963 V.
616 1931 670 1962 11.
681 1924 746 1983 τὡς,
772 1926 948 1963 Barnes⁶
929 1941 1007 1968 εως.
1029 1924 1226 1963 —svo‘t'a’
1230 1940 1309 1964 στιν
1335 1928 1477 1973 scripsi,
1504 1929 1582 1964 cod.
1611 1924 1714 1963 εὖδί’

194 1975 314 2021 ἐστιν,
339 1976 530 2011 Hermann
556 1988 625 2016 εως
650 1968 719 2010 οὖν
745 1971 845 2010 εὔδι’
873 1972 982 2011 ἐστίν.
1010 1995 1054 2000 —-
1080 1974 1124 2010 V.
1152 1979 1207 2010 12.
1232 1979 1338 2019 πῖνε,
1364 1974 1494 2011 melius
1519 1975 1719 2033 quadraret

192 2025 320 2068 παῖζε,
354 2023 420 2059 sed
445 2024 557 2068 poeta
582 2021 706 2080 potius
732 2033 843 2068 quam
868 2021 1040 2058 librarius
1065 2022 1270 2067 culpandus
1296 2023 1362 2058 est.
1396 2043 1439 2047 —
1474 2022 1518 2058 V.
1547 2026 1602 2058 15.
1627 2021 1716 2080 λέγῃ

194 2071 427 2116 Stephanus,
454 2070 532 2106 cod.
559 2068 668 2115 λέγει.
707 2068 850 2105 Deinde
877 2069 1088 2115 Stephanus
1114 2071 1153 2105 et
1175 2069 1341 2115 Scaliger
1365 2067 1641 2115 μηδε,Β111·1103
1667 2069 1716 2115 μὴ

193 2122 294 2154 πιεῖν
320 2119 419 2161 δεῖν,
446 2118 511 2153 sed
536 2118 708 2153 neutrum
733 2117 876 2174 placet,
908 2116 1117 2153 sententiae
1133 2115 1346 2173 ‘institutae
1359 2116 1575 2152 conveniret
1596 2112 1718 2162 ὕδωρ

192 2165 282 2224 λέγῃ
308 2177 347 2201 σε
374 2166 498 2201 πίνειν
528 2165 584 2200 vel
607 2163 696 2211 λέγῃ
729 2160 768 2199 σ’
802 2161 944 2222 ἄλητα
975 2166 1100 2200 πίνειν
1130 2164 1153 2199 i.
1181 2175 1211 2200 e.
1237 2161 1430 2218 πτισάνῃν.
1468 2163 1717 2209 Hippocrates

194 2210 332 2257 αλητον
356 2212 381 2248 i.
402 2224 433 2248 e.
459 2209 621 2257 ἄλευρον
646 2212 872 2257 frequentat,
897 2209 1058 2256 ἄλευρον
1077 2211 1346 2268 Aristophanes
1370 2212 1409 2246 111
1429 2211 1585 2257 Geor-gis
1610 2211 1654 2247 fr.
1674 2215 1718 2247 10

196 2261 327 2296 eodem
352 2260 462 2296 modo
488 2260 636 2295 videtur
661 2259 815 2302 dixisse,
841 2259 886 2295 of.
913 2259 1072 2316 Hesych.
1099 2255 1274 2304 ἀλεύρου.

289 2312 319 2343 8.
360 2308 404 2343 V.
425 2312 457 2344 4.
481 2304 660 2353 Ἀλκμέων
679 2306 820 2365 scripsi,
845 2307 1041 2363 legebatur
1056 2303 1267 2362 Ἀλκμαίων.
1289 2327 1332 2332 -
1357 2305 1403 2341 V.
1424 2309 1456 2341 5.
1482 2302 1547 2352 χῶ,
1567 2306 1646 2342 cod.
1661 2303 1717 2351 χὸ.

194 2375 237 2381 —
271 2352 496 2398 λευκόπους,
534 2355 719 2390 Arnaldus
751 2351 974 2399 αελλόπους,
1011 2354 1125 2390 Pauw
1155 2350 1374 2409 λευκόνους,
1413 2353 1479 2389 alii
1509 2350 1717 2397 λειπόνους,

193 2401 419 2448 λευκόχρους
456 2402 515 2438 vel
549 2399 769 2447 λευκόφρυς.
822 2401 972 2437 Orestes
1009 2401 1157 2447 proprie
1194 2382 1380 2442 λυκόπους
1416 2400 1555 2445 dictus,
1591 2399 1718 2436 exules

195 2450 292 2485 enim
319 2451 357 2485 et
382 2450 547 2485 extorres
573 2461 656 2485 cum
681 2448 780 2494 lupis
805 2449 976 2485 solebant
1008 2448 1232 2502 comparari,
1266 2448 1312 2484 cf.
1337 2448 1370 2483 J
1398 2447 1540 2483 Grimm
1564 2447 1719 2482 Rechts—

196 2497 445 2532 alterthfimer
472 2501 555 2532 733.
592 2497 657 2532 sed
681 2497 758 2532 iam
783 2497 926 2532 veteres
951 2495 1123 2541 magistri
1147 2495 1218 2531 1100
1242 2495 1466 2531 vocabulum
1490 2494 1580 2539 quid
1606 2492 1719 2540 signi-

194 2545 341 2600 fiearet,
373 2555 447 2580 non
479 2544 570 2580 satis
602 2545 831 2589 compertum
862 2543 1068 2588 habebant,
1102 2543 1190 2578 111110
1213 2553 1289 2578 11011
1313 2542 1464 2586 mirum,
1496 2541 1527 2577 si
1550 2540 1612 2577 hie
1636 2544 1718 2577 λευ-

194 2573 341 2632 κόπους
367 2592 418 2627 sit
451 2591 711 2637 substitutum,
746 2590 1062 2636 quemadmodum
1094 2590 1208 2626 etiam
1238 2590 1338 2635 apud
1362 2569 1647 2645 Aristophanem
1679 2588 1718 2624 in

196 2639 350 2684 Lysistr.
372 2651 405 2676 v.
427 2643 495 2675 667
522 2620 712 2675 Hermami
738 2639 886 2684 praeter
909 2638 1020 2673 metri
1043 2637 1302 2673 necessitatem
1324 2636 1467 2672 censuit
1491 2633 1720 2676 λευκόποδες

199 2698 266 2731 pro
291 2683 502 2727 λυκόποὸες
527 2686 773 2722 scribendum.
800 2706 845 2711 —
871 2685 915 2720 V.
936 2689 968 2720 8.
995 2682 1171 2742 ἐρυθρόν,
1197 2685 1275 2720 cod.
1300 2685 1340 2720 iu
1365 2695 1482 2729 marg.
1506 2681 1652 2718 λεῦκον.
1674 2704 1718 2709 -

195 2733 237 2767 V.
268 2738 322 2792 1⁰,-
360 2730 406 2779 ἐμ
408 2730 538 2769 αι’νεθ’
567 2733 656 2779 Step
656 2734 794 2777 banus,
819 2732 900 2769 cod.
928 2730 973 2778 ἐμ
975 2729 1108 2767 αι”.νετ
1143 2752 1185 2758 -
1219 2732 1262 2768 V.
1290 2735 1345 2767 16.
1379 2729 1474 2776 ἔχων
1500 2730 1720 2775 Stephanus,

196 2781 277 2815 cod.
300 2779 383 2825 1}me
406 2801 449 2806 —
476 2780 520 2816 V.
543 2784 585 2816 18
610 2780 767 2816 fortasse
788 2780 912 2815 aliena
931 2791 1042 2815 manu
1061 2778 1222 2823 additus,
1248 2779 1367 2814 Bothe
1387 2790 1423 2814 v.
1446 2781 1488 2812 1'1'
1513 2777 1720 2813 tollendum

198 2827 438 2864 existimavit.
478 2828 635 2864 Carmen
654 2828 802 2864 videtur
821 2827 983 2873 strophis
1003 2838 1173 2863 senorum
1193 2836 1365 2863 versuum
1385 2825 1566 2861 constare.
1601 2824 1720 2860 Mehl-
