1864 3126
710 123 1058 163 RERMODOTUS.
1563 123 1651 167 639

110 239 300 292 antiquos
330 240 373 279 in
402 239 592 279 honorem
625 238 777 278 Dianae
811 238 1014 287 Pergaeae
1046 238 1210 278 Aeolico
1243 250 1423 278 sermone
1451 238 1651 288 Pamphy-

112 305 245 346 lorum
270 305 310 344 in
335 317 486 345 morem
513 304 693 344 conditos
720 315 845 353 usque
872 304 923 342 ad
942 304 1147 355 Apollonii
1177 305 1380 344 saeculum
1406 306 1650 354 propagatos

23 384 28 390 ·
108 370 235 412 fnisse
260 371 360 411 eatis
387 374 449 411 est
474 372 703 412 verisimile.
725 392 781 398 —-
801 370 1015 421 Eurytus
1043 370 1380 410 Lacedaemonius
1406 370 1518 409 cuius
1542 372 1650 408 aeta-

108 436 163 477 tis
188 436 254 486 eit,
278 448 444 487 prorsus
463 436 677 476 incertum:
704 438 900 475 memorat
919 435 1057 485 Lydus
1080 436 1128 474 de
1149 448 1272 476 mens.
1299 450 1336 486 p.
1359 438 1441 475 117
1470 435 1648 474 Bekker:

109 496 255 555 ὁμοίως
286 499 330 541 δὲ
359 500 427 542 καὶ
460 498 570 556 Τύχῃ
602 497 734 556 ἐφόρῳ
769 495 998 554 (ηὔχοντο),
1037 496 1293 554 Σωφροσύνη
1325 515 1362 539 τε
1394 498 1460 539 καὶ
1491 496 1650 551 ”Eorum

107 561 158 608 ὃν
187 566 230 608 οἰ
257 565 423 620 μυθικοὶ
461 563 684 619 Ζεφύρου
721 568 805 606 τοῦ
843 563 1118 620 γίγαντος*)
1161 560 1262 605 εἶναι
1300 565 1425 605 παῖδα
1456 558 1649 615 ἀξιοῦσιν,

109 628 164 681 ὥς
194 644 319 685 φησιν
339 629 522 685 Εὔρυτος
553 627 574 673 ὁ
601 627 920 684 Λακεδαιμόνιος
945 626 967 671 ὁ
994 627 1222 683 μελοποιός·
1254 628 1410 684 ἄρχεται
1436 628 1478 670 δὲ
1505 627 1648 679 οὕτως·

107 691 563 752 ἆγαλμοειδὲςἜρως
576 693 665 751 (ubi
676 698 858 736 Meineke
870 696 1078 736 verissime
1099 696 1280 735 restituit.
1298 692 1531 749 ἆγλαομει
1542 692 1644 747 δές).

109 763 280 804 Frustra
310 763 358 803 G.
390 763 504 803 Wolf
534 764 724 815 Τυρταῖος
756 763 1010 802 scribendum
1041 765 1193 813 censet,
1225 776 1298 802 nec
1329 756 1460 802 minus¹
1492 763 1651 802 fallitur

111 829 163 869 M.
196 829 394 880 Schmidt,
433 829 500 879 qui
532 829 583 868 ad
613 828 848 868 Alcmanem
885 829 983 868 haec
1014 829 1156 880 refert,
1202 830 1407 880 corrigens
1454 824 1507 876 ὥς
1551 828 1655 880 φησί

109 909 191 935 που
222 895 357 948 ῥητῶς.
380 916 433 922 -
455 894 538 934 Nec
557 894 687 946 magis
713 897 871 934 constat
896 895 945 934 de
971 894 1084 933 Arei
1116 894 1326 934 Laconis
1359 897 1505 944 aetate,
1538 894 1650 932 cuius

110 960 297 1000 melicum
331 972 492 999 carmen
524 962 811 999 commemorat
843 959 1032 998 Antonin.
1059 959 1191 999 Liber.
1224 973 1255 999 c.
1285 961 1359 998 12:
1397 959 1546 1011 ἱστορεῖ
1578 959 1651 998 Νί-

109 1025 283 1078 κανδρος
303 1023 609 1078 ἓτεροιουμένων
633 1021 669 1079 γ’
688 1023 755 1065 καὶ
774 1019 932 1077 Ἀρεῦς
952 1018 973 1063 ὅ
994 1019 1170 1063 Λάκων
1190 1022 1238 1064 ἐν
1264 1020 1436 1080 ᾅσματι
1458 1017 1648 1079 Κύκνῳε

109 1090 233 1139 idem,
272 1092 319 1130 ut
356 1091 534 1141 videtur,
573 1091 694 1130 etiam
734 1091 845 1141 epica
875 1090 1054 1129 carmina
1085 1091 1327 1141 composuit,
1365 1090 1442 1130 vid.
1477 1090 1649 1130 Pausan.

106 1155 172 1196 III
194 1158 260 1206 13,
282 1159 326 1197 8:
362 1154 526 1196 Θέστιον
555 1152 632 1209 γὰρ
662 1152 732 1205 τὸν
757 1152 900 1208 Λήδας
930 1153 1077 1207 πατέρα
1099 1151 1283 1207 ’Ἀρειός
1316 1168 1440 1208 φησιν
1472 1155 1524 1196 ἐν
1548 1161 1650 1204 τοῖς

109 1218 274 1263 ἔπεσιν
299 1216 517 1275 Ἀγήνορος
547 1222 671 1262 παῖδα
703 1218 803 1262 εἶναι
828 1222 899 1261 τοῦ
925 1222 1174 1272 Πλευρῶνος.
1216 1234 1308 1260 nam
1333 1223 1496 1261 nomina.
1511 1216 1649 1274 Ἀρεὺς

110 1290 152 1327 et
163 1283 319 1340 ’Ἄρειος
338 1288 460 1327 etiam
479 1289 576 1327 alibi
595 1289 820 1339 promiscue
839 1289 1096 1337 usurpantur.
1130 1286 1208 1325 Sed
1229 1286 1410 1326 diversus
1428 1290 1475 1326 ut
1487 1288 1648 1336 videtur

98 1349 253 1404 ’Ἀρειος
284 1348 306 1392 ὁ
343 1349 522 1404 Ψάλτης,
554 1354 623 1404 qui
648 1352 867 1392 Stratonici
897 1353 1039 1392 musici
1063 1352 1142 1390 fuit
1166 1352 1363 1402 aequalis,
1395 1353 1474 1392 vid.
1499 1354 1646 1393 Athen.

111 1417 207 1457 VIII
237 1431 274 1468 p.
302 1420 386 1458 352
402 1419 448 1459 B.
483 1439 535 1445 —
571 1418 794 1458 Hermias
826 1418 962 1468 poeta,
994 1418 1106 1456 cuius
1139 1430 1280 1457 versus
1313 1418 1531 1468 Hephaest.
1562 1421 1646 1459 120

109 1483 245 1523 affert:

400 1546 525 1590 Ἑπτά
550 1565 617 1602 μοι
647 1547 709 1597 δὶς
738 1545 946 1601 τριάκοντα
977 1545 1160 1602 βασιλεὺς
1191 1544 1342 1601 σχεδόν.

109 1644 270 1684 videtur
294 1645 611 1696 iambographus
637 1644 809 1695 cyprius
836 1656 940 1695 esse,
973 1645 1040 1695 qui
1067 1644 1221 1684 Stoicos
1246 1644 1467 1684 insectatus
1493 1647 1567 1685 est.
1591 1667 1641 1672 -

109 1709 452 1761 Lamynthium
483 1724 562 1750 non
592 1711 727 1760 recepi
758 1710 800 1748 in
830 1709 1027 1760 ordinem,
1058 1722 1151 1748 nam
1183 1709 1348 1748 titulum
1376 1713 1534 1749 tantum
1560 1724 1643 1750 car-

109 1774 227 1813 minis
258 1776 434 1815 testatur
464 1776 611 1816 Athen.
642 1774 741 1814 XIII
775 1775 858 1813 597
875 1774 929 1813 A:
965 1770 1079 1814 Ἀλλὰ
1111 1777 1253 1827 μικροῦ
1286 1804 1295 1814 .
1323 1806 1331 1814 .
1359 1807 1367 1814 .
1400 1772 1646 1828 ἐξελαθόμην

108 1834 204 1891 ὑμῖν
234 1839 359 1880 εἰπεῖν
388 1837 461 1893 τήν
485 1855 524 1880 τε
544 1836 778 1892 Ἀντιμάχου
798 1835 959 1891 Λυδήν,
990 1838 1147 1893 προσέτι
1172 1838 1216 1880 δὲ
1241 1838 1308 1880 καὶ
1332 1837 1405 1892 τὴν
1430 1836 1645 1893 ὁμώνυμον

108 1900 251 1956 ταύτης
283 1904 439 1958 ἑταίραν
465 1903 627 1958 Λυδήν,
658 1901 712 1958 ἣν
741 1899 878 1958 ἠγάπα
902 1901 1145 1956 Λαμύνθιος
1171 1901 1192 1946 ὁ
1217 1902 1436 1957 Μιλήσιος·
1468 1903 1646 1958 ἑκάτερος

108 1963 184 2021 γὰρ
220 1966 371 2010 τούτων
406 1973 485 2011 τῶν
521 1973 714 2023 ποιητῶν,
754 1966 808 2017 ὥς
846 1981 945 2022 φησι
975 1968 1175 2023 Κλέαρχος
1212 1969 1255 2010 ἐν
1291 1975 1372 2019 τοῖς
1405 1967 1645 2025 Ἐρωτικοῖς,

109 2035 178 2085 τῆς
208 2031 416 2088 βαρβάρου
447 2036 591 2089 Λυδῆς
628 2036 683 2084 εἰς
720 2034 938 2087 ἐπιθυμίαν
977 2032 1166 2084 καταστὰς
1198 2035 1382 2088 ἐποίησεν
1413 2033 1434 2077 ὁ
1466 2035 1538 2089 μὲν
1569 2037 1646 2078 ἐλε-

111 2098 250 2152 γείοις,
281 2095 303 2140 ὃ
329 2097 368 2140 δ’
396 2099 441 2141 ἐν
465 2099 569 2154 μέλει
593 2097 635 2141 τὸ
659 2096 908 2152 καλούμενον
931 2101 1082 2153 ποίημα
1102 2098 1262 2154 Λυδήν.
1283 2124 1338 2130 -
1361 2103 1643 2154 Pancrates,

110 2177 229 2215 quem
255 2170 452 2206 memorat
476 2167 733 2217 Plutarchus,
760 2166 990 2206 Aristoxeni
1014 2167 1080 2206 vel
1107 2168 1284 2218 aequalis
1311 2167 1407 2216 fuit,
1433 2169 1497 2207 vel
1523 2169 1643 2218 paulo

110 2230 204 2267 ante
234 2230 354 2283 vixit,
384 2234 431 2270 ut
464 2232 585 2271 etiam
616 2231 846 2271 Volkmann
876 2234 1030 2282 censet,
1060 2245 1153 2271 nam
1185 2246 1233 2271 ex
1265 2233 1505 2272 Aristoxeno
1537 2234 1644 2272 haud

109 2295 229 2334 dubie
260 2294 487 2346 descripsit,
519 2309 622 2346 quae
653 2296 701 2335 de
733 2309 779 2336 eo
805 2296 1046 2336 Plutarchus
1079 2298 1293 2336 memoriae
1318 2298 1507 2348 prodidit.
1558 2299 1644 2338 Iam

110 2360 217 2410 quod
248 2360 436 2400 Pancrati
465 2360 610 2400 tribuit
639 2361 899 2413 Plutarchus,
940 2365 1109 2413 apparet
1147 2364 1446 2414 apophthegma
1482 2364 1644 2415 aliquod

110 2437 215 2476 esse,
254 2439 382 2476 neque
420 2439 468 2465 ex
508 2426 683 2466 carmine
714 2427 848 2478 aliquo
880 2429 1070 2479 petitum:
1109 2429 1187 2469 vid.
1219 2430 1268 2468 de
1300 2430 1401 2470 Mus.
1434 2443 1465 2470 c.
1498 2432 1572 2470 20:
1611 2430 1646 2470 εἰ

111 2483 192 2566 οὖν,
221 2506 278 2539 τις
309 2488 508 2567 Αἰσχύλον
544 2486 589 2569 ἢ,
611 2488 812 2571 Φρύνιχον
849 2493 950 2545 φαίη
991 2489 1043 2533 δι’
1084 2490 1253 2570 ἄγνοιαν
1289 2490 1537 2547 ἀπεσχῆσθαι
1573 2497 1643 2535 τοῦ

111 2616 164 2660 ἂν
194 2621 298 2662 εἴποι
335 2617 496 2674 ἀγνοεῖν
533 2617 575 2661 τὸ
607 2618 852 2674 χρωματικὸν
887 2622 1017 2677 γένος·
1049 2620 1224 2677 ἀπείχετο
1255 2622 1330 2678 γὰρ
1361 2625 1426 2666 καὶ
1452 2619 1566 2674 οὗτος
1591 2621 1644 2674 ὧς

111 2683 320 2727 ἕπιτοπολὺ
345 2683 505 2737 τούτου,
536 2684 723 2740 ἐχρήσατο
750 2683 788 2728 δ’
817 2688 861 2728 ἔν
885 2700 1000 2730 τισιν·
1033 2685 1082 2730 οὗ
1114 2687 1167 2730 δι’
1202 2687 1370 2744 ἄγνοιαν
1401 2685 1475 2731 οὖν
1501 2692 1643 2743 δηλον-

207 2832 243 2877 *)
267 2831 322 2868 Cf.
342 2830 516 2877 Aeschyl.
537 2831 670 2877 Agam.
692 2836 760 2868 669
781 2830 956 2879 Ζεφύρου
975 2835 1150 2879 γίγαντος
1174 2831 1287 2884 αὔρᾳ,
1314 2834 1418 2870 cuius
1438 2834 1510 2871 loci
1530 2848 1642 2873 venu-

112 2879 251 2914 statem
270 2879 366 2915 adeo
385 2891 459 2915 non
479 2882 748 2925 perspexerunt
766 2880 900 2926 critici,
926 2883 968 2917 ut
983 2882 1192 2918 temerariis
1206 2872 1428 2919 coniecturis
1441 2884 1640 2920 tentarent.

1678 697 1694 728 1
1701 697 1771 730 284
