1864 3126
199 162 287 205 274
546 162 547 166 ¹
763 164 955 202 ΡΟΕΤΑΕ
980 165 1157 203 MELICI.

853 275 923 318 69.
959 276 1062 329 [73]

294 357 568 410 Καλλίκομοι
599 357 759 411 κοῦραι
791 354 905 408 Διὸς
936 354 1182 414 ὠρχήσαντ’
1218 358 1429 415 ἐλαφρῶς.

855 476 921 518 70.
957 476 1061 529 [74]

289 553 553 612 Ὀρσόλοπος
583 554 663 612 μὲν
684 554 818 612 ’Ἁρης
849 557 991 612 φιλέει
1021 560 1278 614 μεναίχμαν.

858 676 1062 729 71.[75]

293 754 407 799 Οὔτε
436 754 520 814 γὰρ
551 754 808 814 ἡμετέρειον
840 755 942 800 οὔτε
972 756 1126 801 καλόν.

853 877 1060 929 72.[76]

295 960 394 1001 Νῦν
426 956 467 1001 δ’
501 955 586 1001 ἀπὸ
619 957 700 1014 μὲν
733 958 952 1014 στέφανος
981 956 1140 1009 πόλεος
1171 931 1350 1002 ὄλωλεν.

885 1076 1030 1119 *72Β.

286 1156 496 1214 Ἀστερίς,
529 1156 631 1202 οὔτε
663 1157 704 1202 σ’
741 1156 824 1215 ἐγώ
857 1159 994 1214 φιλέω
1027 1156 1124 1202 οὔτ’
1156 1156 1395 1215 Ἀπελλέης.

851 1278 1056 1332 73.[77]

287 1358 504 1403 Βούλεται
535 1357 757 1417 ἀπεροπός
788 1359 891 1418 (τις)
922 1356 1030 1415 ἡμὶν
1062 1358 1189 1404 εἶναι.

284 1512 343 1547 Fr.
371 1517 426 1549 69.
476 1513 610 1548 Αίὼθιι.
637 1512 653 1546 Ι
679 1512 784 1547 21A:
808 1509 989 1548 Ἒταττον
1020 1510 1091 1557 γὰρ
1116 1510 1158 1547 τὸ
1185 1509 1383 1558 ὀρχεῖσθαι
1415 1509 1478 1548 ἐπὶ
1502 1515 1568 1549 τοῦ
1594 1519 1715 1550 κινεῖ-

194 1562 287 1595 σθαι
313 1559 378 1595 καὶ
404 1557 660 1605 ἐρεθίζεσθαι.
701 1556 969 1603 Ἀνακρέων·
1008 1561 1290 1605 Καλλίκομοι
1321 1563 1396 1596 κτλ.
1447 1560 1586 1596 Eadem
1611 1561 1714 1597 Eust.

195 1610 298 1664 1842,
325 1611 357 1643 4.
410 1607 482 1643 Sed
508 1607 662 1643 offendit
687 1606 871 1652 spondeus
897 1607 978 1643 loco
1005 1607 1143 1652 dactyli
1168 1608 1206 1643 in
1233 1619 1340 1644 versu
1364 1607 1595 1653 logaoedico,
1628 1609 1714 1644 fort.

166 1664 169 1667 ·
191 1668 242 1699 ορ
251 1656 448 1700 χησαιατ
491 1655 702 1700 legendum,
727 1656 770 1690 ut
794 1654 843 1690 sit
866 1655 1010 1690 herous.

285 1726 342 1760 Fr.
371 1729 425 1760 70.
476 1725 677 1782 Hephaesfi.
704 1728 765 1760 90:
791 1723 980 1782 Κέχρηται
1004 1723 1046 1760 δὲ
1080 1726 1143 1773 (τῷ
1176 1722 1491 1782 έγκωμιολογικῷ)
1526 1727 1591 1761 καὶ
1613 1723 1712 1762 Ἀνα-
1721 1747 1724 1751 ’

189 1771 309 1817 κρέων
337 1770 378 1808 ἐν
403 1774 570 1808 πλείοσιν
589 1783 764 1828 ασμασιν.
800 1769 1020 1829 Ὁρσόλοπος
1044 1775 1119 1808 κτλ.
1140 1794 1183 1798 —
1207 1770 1429 1830 Ορσόλοπος
1452 1763 1511 1809 GP
1530 1775 1569 1809 et
1587 1773 1710 1819 Etym.

189 1820 269 1877 cod3
296 1808 673 1865 Dorvi11„sedFiSH
698 1817 718 1854 o’
723 1816 912 1864 ρσόλεπος,
938 1819 967 1854 Ε
994 1816 1075 1865 ὄρσ’
1097 1833 1117 1854 ο
1138 1819 1260 1864 λέπος,
1285 1819 1316 1854 Β
1337 1817 1570 1866 ὀρσόλεπτος,
1596 1821 1708 1856 Turn.

190 1865 268 1923 ορσ’
297 1863 441 1907 ὀλέπος.
469 1887 513 1892 -
539 1865 674 1911 φιλέει,
699 1865 849 1923 φιλέειν
869 1866 1020 1903 FIHBS.
1048 1888 1091 1892 —
1124 1869 1348 1913 μεναίχμαν,
1379 1868 1552 1903 Pauwius
1578 1881 1709 1914 μεναι-

188 1912 298 1960 χμήν,
324 1914 430 1950 codd.
457 1916 505 1949 et.
532 1914 614 1949 edd.
641 1912 710 1959 μὲν
735 1912 885 1959 αἰχμάν.

282 1985 340 2020 Fr.
368 1988 423 2019 71.
472 1985 595 2042 Etym.
621 1983 670 2019 M.
695 1987 778 2029 429,
804 1988 865 2019 5οτ
886 1981 1120 2042 Ημετέρειος
1144 1981 1319 2028 κτητικόν
1345 1981 1439 2020 ἐστι·
1466 1986 1640 2030 σημαίνει
1665 1983 1709 2020 δὲ

186 2030 252 2067 τὸν
283 2031 350 2067 τοῦ
380 2028 580 2077 ἡμετέρου·
614 2028 746 2076 ἐχρῆτο
769 2012 819 2066 δὲ
851 2031 895 2077 τῇ
925 2029 1024 2074 λέξει
1052 2028 1271 2076 Ἀνακρέων·
1307 2027 1406 2067 Οὔτε
1439 2035 1513 2068 κτλ.
1565 2032 1708 2068 Eadem

186 2080 315 2115 Zonar.
342 2082 424 2124 990,
450 2079 497 2114 cf.
523 2078 637 2114 etiam
661 2079 817 2124 Mingar.
845 2068 959 2114 Codd.
986 2078 1081 2113 Nan.
1107 2082 1188 2114 495.

279 2149 337 2185 Fr.
365 2153 419 2185 72.
471 2147 1201 2193 Soh01.Pind.01.V11142:Evs'qooevm
1225 2146 1296 2194 γὰρ
1322 2160 1445 2206 ωσπερ
1465 2150 1540 2184 τῶν
1559 2147 1709 2185 πόλεων

185 2195 231 2232 τὰ
257 2198 377 2242 τείχη·
404 2196 469 2232 καὶ
491 2194 711 2241 Ἀνακρέων·
737 2197 807 2231 νῦν
834 2193 871 2231 δ’
899 2199 974 2231 κτλ.
1001 2217 1044 2222 -
1071 2194 1258 2240 στέφανος
1289 2193 1423 2237 πόλεος
1454 2196 1547 2242 (sive
1572 2194 1712 2238 πόλευς

186 2244 309 2290 malis)
334 2244 475 2290 scripsi,
499 2244 695 2289 legebatur
718 2241 862 2284 πόλεως
880 2242 1076 2288 στέφανος.
1117 2242 1376 2279 Schneidewin
1394 2241 1525 2285 πόλιος
1543 2244 1711 2289 requirit.

279 2314 336 2350 Fr.
365 2315 460 2351 7213.
511 2315 634 2350 Schol.
660 2315 779 2360 Heph.
805 2326 842 2360 p.
871 2318 937 2350 163
958 2314 1013 2349 ed.
1034 2317 1055 2349 2
1076 2313 1208 2349 Gaisfa
1235 2310 1255 2349 ὃ
1284 2310 1322 2348 δ’
1344 2310 1568 2359 Ηλιόδωρος
1593 2313 1708 2372 φησὶν

187 2360 228 2398 έν
254 2363 297 2408 τῇ
332 2361 536 2409 εἰσαγωγῇ,
563 2358 621 2397 ὅτι
652 2361 717 2397 καὶ
742 2366 841 2421 τρεῖς
870 2360 925 2402 εἰς
955 2362 1045 2417 μίαν
1078 2361 1413 2420 συνεκφωνοῦνται
1439 2363 1634 2418 συλλαβαί,
1661 2358 1710 2402 ὥς

188 2407 229 2444 τὸ
263 2407 586 2466 ‹ims'vestnmuspeg
617 2409 743 2467 τοῦτο,
784 2407 900 2444 οἷονεὶ
930 2422 972 2444 το
1005 2409 1145 2444 δοκοῦν
1177 2407 1277 2444 εἶναι
1310 2405 1490 2467 ἐλεγεῖον
1520 2405 1709 2465 Ἀστερὶς

186 2454 290 2492 οὔτε
318 2453 354 2492 ο·’
384 2454 481 2514 ἐγὼ.
495 2455 652 2514 φιλέω,
680 2437 775 2491 οὔτ’
803 2453 1011 2500 απελλής.
1052 2452 1096 2491 οὖ
1123 2468 1194 2500 γαρ
1221 2453 1320 2491 ἔστιν
1346 2453 1522 2511 ἐλεγεῖον,
1546 2452 1639 2491 αλλά
1665 2453 1707 2490 τὸ

185 2504 334 2586 Ξτρῶτον
363 2501 481 2586 αέυτοῦ
507 2501 730 2586 μέροςλῖστὶ
744 2501 982 2559 δακτυλικόν,
973 2500 1112 2585 ,ἴῗὲιὲξ
1131 2501 1312 2594 οὸἒύτῖιρὲιέ
1323 2499 1707 2604 (ξέἑιζῖκὲνέωιὶύιὲβγῖρ

185 2548 775 2644 χξῖιοξπῗξιαὶχὶίιᾶκςαμασῖρᾶςαβῗ’
763 2543 952 2642 Ἀῖεἷλῖῗέφζς
963 2563 1068 2632 ιξιιιῐιο.
1087 2608 1199 2641 quam
1216 2593 1384 2641 Ἀπελλῆς
1402 2562 1560 2632 sce-igere
1578 2563 1707 2633 maini.

185 2645 277 2680 Cum
313 2657 439 2681 versus
474 2646 672 2681 manifesto
709 2645 825 2681 Ionici
864 2643 913 2680 siis
948 2646 1081 2690 poetae
1113 2645 1152 2679 et
1187 2643 1415 2689 Hephaestio
1446 2655 1482 2688 p.
1509 2646 1553 2678 70
1579 2644 1710 2678 auctor

185 2693 245 2737 sit,
271 2694 419 2738 praeter
438 2693 616 2729 Alcaeum
635 2693 905 2728 Anacreontem
924 2692 963 2726 in
972 2691 1236 2737 'compluribus
1255 2690 1478 2726 carminibus
1497 2689 1567 2725 hoc
1585 2691 1705 2726 metro

183 2752 290 2775 nsum
317 2751 406 2785 esse,
433 2740 520 2775 huic
543 2741 678 2786 poessae
705 2750 850 2775 versum
874 2738 999 2774 tribui.

276 2811 334 2846 Fr.
362 2815 416 2846 73.
469 2810 589 2867 Etym.
610 2809 659 2845 M.
680 2814 762 2854 433,
782 2814 845 2845 44:
871 2805 1168 2854 ἠπεροπευτής..
1221 2804 1278 2853 ,ἦ
1304 2804 1397 2863 μετὰ
1417 2807 1483 2842 τοῦ
1507 2811 1531 2842 ἃ
1552 2807 1618 2842 τοῦ
1639 2819 1703 2864 ση-

184 2859 382 2902 μαίνοντος
406 2855 448 2893 τὸ
475 2856 595 2893 κακὸν
621 2857 686 2892 καὶ
717 2857 784 2893 τοῦ
809 2869 878 2900 περ
910 2856 1086 2915 περιττοῦ
1113 2836 1341 2913 συνδέσμου,
1371 2850 1650 2911 απεροπεύς,
1682 2851 1702 2889 ὁ

182 2905 232 2952 τῷ
258 2903 355 2952 λόγῳ
381 2906 506 2945 κακῶς
530 2903 719 2951 χρώμενος
737 2903 802 2939 καὶ
821 2901 994 2939 απατῶν·
1020 2901 1102 2938 οἷον
1113 2899 1191 2938 Ατε
1212 2900 1282 2948 μὲν
1301 2901 1370 2937 καὶ
1387 2898 1591 2937 ἐπίκλοπον
1613 2899 1705 2938 ἄπε-
