1864 3126
0 2442 17 2587 '*R·!r§**''
0 2311 2 2314 '
0 2281 7 2286 ¹
0 2259 2 2262 ⁷
0 2211 2 2213 ’

766 161 1042 199 SIMONIDES.
1581 159 1669 203 457

286 268 482 314 κυάνεον
512 267 720 314 θανάτου
751 267 1064 327 ἀμφεβάλοντο
1098 270 1252 327 νέφος·

228 339 335 386 οὐδὲ
367 342 556 386 τεθνᾶσι
586 339 821 396 θανόντες,
854 342 950 386 ἐπεί
979 339 1056 397 σφ’
1091 340 1225 399 ἀρετὴ
1257 341 1548 398 καθύπερθεν

288 409 552 456 κυδαίνουσ’
588 409 746 468 ἀνάγει
778 410 982 469 δώματος
1013 412 1057 466 ἐξ
1085 408 1252 457 Ἀΐδεω.

768 532 863 575 100.
897 531 1034 586 [153]
1580 546 1668 578 1149

229 618 287 661 Εἰ
316 613 366 660 τὸ
398 616 543 667 καλῶς
573 612 792 671 θνήσκειν
824 605 982 673 ἀρετῆς
1013 614 1144 671 μέρος
1178 615 1269 660 ἐστὶ
1300 616 1525 711 μέγιστον,

135 734 226 782 quin
257 736 457 780 utrumque
497 733 662 780 elogium
700 734 952 770 revocandum
994 733 1045 770 sit
1083 734 1132 770 ad
1171 734 1389 771 memoriam
1430 746 1577 779 eorum,
1610 736 1674 781 qui

136 782 236 829 apud
263 782 436 818 Plataeas
462 793 546 817 cum
566 781 685 818 Medis
706 792 838 817 manus
858 782 1096 818 conserentes
1116 783 1277 818 mortem
1296 782 1481 829 obierunt,
1506 783 1669 819 alterum

134 829 527 873 Lacedaemoniorum,
542 828 828 866 Atheniensium
848 829 1006 865 alterum
1053 829 1227 866 meconio
1248 811 1481 887 dedicatum}
1506 831 1552 867 cf.
1573 831 1670 867 Pau-

133 889 210 914 san.
238 878 288 913 IX
314 882 348 923 2,
373 881 394 913 5
426 881 504 918 τοις
535 875 605 923 μὲν
638 871 706 912 οὖν
737 879 881 918 λοιποῖς
907 874 1007 913 ἐστὶν
1046 879 1144 922 Ena
1146 889 1183 913 σι
1208 878 1338 924 μνῆμα
1363 876 1512 922 κοινόν,
1543 882 1670 915 Λακε-

133 926 343 982 δαιμονίοις
367 938 406 961 τε
432 924 497 960 καὶ
520 922 731 969 Ἀθηναίοις
755 928 833 966 τοῖς
857 924 1037 960 πεσοῦσιν
1064 924 1144 974 ἰδίᾳ
1174 938 1213 961 τε
1242 925 1336 962 εἰσιν
1362 924 1402 962 οῖ
1423 923 1558 971 τάφοι,
1591 926 1668 962 καὶ

134 970 236 1018 ἐλεγ
245 969 318 1009 εἶά
351 970 448 1009 ἐστι
479 973 746 1019 Σιμωνίδου
778 970 1072 1027 γεγραμμένα
1105 961 1174 1009 ἐπ’
1209 970 1376 1014 αὐτοις.
1428 973 1536 1016 Quod
1562 986 1667 1020 proe-

132 1020 225 1056 lium
255 1031 329 1057 non
363 1020 571 1065 indicatur,
604 1031 677 1056 non
709 1019 867 1056 offendit
895 1032 962 1055 m·
950 1020 1234 1065 0m0numentis,
1267 1031 1363 1067 quae
1397 1031 1441 1057 eo
1473 1020 1556 1067 ipso
1581 1021 1669 1058 loco

133 1068 283 1104 suerunt
306 1067 389 1112 sita,
414 1067 479 1103 ubi
504 1079 633 1114 pugna
651 1067 860 1113 commissa,
887 1067 959 1103 vid.
981 1079 1038 1122 ep.
1059 1072 1116 1104 91.
1136 1072 1192 1105 92.
1214 1072 1276 1112 93;
1304 1069 1557 1105 desideramus
1577 1081 1667 1106 sane

135 1115 288 1152 nomina
309 1126 448 1170 eorum,
469 1114 507 1151 in
528 1126 683 1161 quorum
701 1115 881 1151 honorem
900 1115 1066 1151 carmina
1085 1115 1234 1152 fuerunt
1253 1116 1423 1160 condita3
1446 1119 1668 1163 comparent

135 1163 289 1199 nomina
312 1162 351 1198 in
370 1162 493 1199 titulis
514 1162 908 1209 ¹lhermopylensibus,
922 1163 1084 1199 contra
1073 1175 1112 1199 ιιι
1131 1163 1416 1200 Plataeensibus
1435 1165 1670 1210 praescripta

135 1211 248 1247 fuisse
273 1212 562 1247 consentaneum
589 1211 656 1247 est.
707 1210 826 1246 Poeta
851 1221 934 1246 cum
961 1210 1050 1246 olim
1075 1213 1147 1257 (ep.
1176 1215 1232 1246 91.
1260 1215 1316 1248 92.
1344 1214 1403 1254 93)
1429 1211 1514 1258 sing
1515 1212 1587 1248 ulis
1612 1212 1666 1248 di-

135 1258 266 1294 stichis
291 1258 515 1295 absolvisset
540 1258 675 1304 elogia,
700 1257 762 1293 hic
787 1258 957 1294 uberiore
982 1258 1182 1304 praeconio
1208 1259 1401 1295 decoravit
1419 1259 1519 1296 viros
1539 1259 1666 1305 fortes,

133 1306 174 1342 et
196 1317 270 1351 quo
296 1305 504 1352 expeditius
535 1306 607 1342 sibi
632 1308 731 1342 esset
755 1305 838 1351 iter,
869 1305 1024 1342 nomina
1048 1306 1216 1352 gentium
1250 1307 1474 1353 segregavit,
1508 1319 1603 1353 quae
1628 1308 1667 1343 ιιι

133 1354 256 1390 fronte
287 1353 481 1408 cipporum
512 1365 622 1399 supra
652 1353 783 1389 addita
812 1353 1045 1399 legebantur.
1104 1353 1196 1390 Cum
1227 1355 1431 1390 verendum
1464 1356 1580 1399 esset,
1621 1367 1667 1391 ne

135 1401 256 1447 poeta,
281 1400 313 1437 si
338 1401 509 1436 alterutri
534 1401 639 1447 genti
663 1401 828 1447 palmam
841 1400 1064 1456 ,tribuissem
1094 1413 1247 1448 gravem
1274 1402 1344 1438 sibi
1376 1401 1558 1438 invidiam
1583 1413 1671 1438 con-

136 1448 260 1493 flaret,
299 1448 508 1484 Simonides
546 1459 668 1494 aequa
697 1448 805 1484 lance
836 1448 1042 1494 pensitavit
1080 1449 1209 1485 laudes
1242 1460 1465 1495 omnemque
1498 1450 1673 1486 offensio-

135 1507 220 1532 nem
245 1496 450 1542 prudenter
474 1496 644 1540 evitavit,
670 1507 743 1541 quo
769 1496 826 1539 fit,
853 1497 896 1531 ut
913 1495 1081 1542 gentium
1107 1496 1320 1533 nominibus
1345 1497 1525 1534 detractis
1550 1497 1670 1533 ambi-

134 1554 284 1598 gamus,
309 1543 444 1589 quibus
476 1525 766 1589 unumqu’odque
793 1523 958 1589 elogium
985 1543 1211 1580 destinatum
1237 1544 1362 1580 fuerit.
1401 1545 1576 1581 Fortasse
1601 1546 1673 1581 ali-

136 1591 220 1637 quis
240 1590 429 1627 existimet
441 1603 504 1648 ep.
513 1595 559 1627 99
573 1592 726 1638 propter
739 1603 772 1626 v.
788 1595 805 1626 1
827 1591 875 1627 ad
895 1590 1100 1636 Spartanos
1120 1603 1201 1628 esse
1219 1583 1469 1637 referendum,
1482 1591 1668 1638 siquidem

137 1636 361 1675 Λακωνικὸν
394 1636 613 1684 ἐπικήδειον
645 1639 735 1675 olim
766 1638 866 1674 haud
898 1638 1077 1684 ignobile,
1110 1640 1211 1685 quod
1243 1639 1353 1675 Teles
1387 1641 1426 1676 et
1449 1640 1672 1677 Plutarchus

135 1686 312 1723 exhibent
336 1686 423 1730 (vid.
446 1699 484 1743 p.
483 1653 599 1722 η1189
625 1686 682 1722 ed.
708 1687 745 1732 3)

328 1732 378 1771 Οἱ
399 1736 526 1770 θανον
552 1731 645 1770 αὐτὸ
673 1734 740 1779 ζῆν
765 1731 927 1791 θέμενοι
951 1731 1068 1770 καλὸν
1094 1731 1182 1771 οὔτε
1208 1732 1250 1771 τὸ
1275 1733 1479 1781 θνήσκειν,

420 1779 514 1818 ἀλλὰ
540 1780 582 1818 τὸ
610 1781 730 1817 ταῦτα
755 1781 877 1822 καλῶς
901 1777 1091 1828 ἀμφότερ’
1119 1780 1313 1819 ἐκτελέσαι

137 1830 207 1866 hac
238 1830 349 1866 laude
378 1829 548 1876 impertit
578 1829 905 1873 Lacedaemonios,
937 1831 978 1865 at
1008 1827 1134 1866 obstat
1165 1843 1199 1867 v.
1226 1835 1266 1876 3,
1298 1842 1386 1867 nam
1417 1831 1595 1867 Graeciae
1630 1831 1669 1867 in

136 1877 350 1913 libertatem
370 1877 583 1913 vindicatae
603 1876 752 1913 laudem
773 1857 1017 1913 Athenienses
1044 1877 1318 1914 studiosissime
1337 1878 1577 1926 expetebant,
1604 1879 1670 1924 qui

137 1936 248 1971 aegre
279 1923 470 1970 tulissent,
502 1924 534 1961 si
558 1926 673 1971 poeta
704 1924 860 1960 aemulis
890 1924 961 1960 hoc
993 1924 1104 1961 decus
1129 1925 1377 1971 attribuisset,
1403 1927 1533 1962 contra
1558 1927 1672 1962 Lace-

137 1972 325 2009 daemonii
349 1972 450 2007 haud
481 1974 638 2018 gravate
670 1971 959 2008 Atheniensibus
988 1973 1170 2009 eiusmodi
1202 1974 1442 2020 praeconium
1467 1974 1672 2011 concedere

137 2019 240 2055 soliti
271 2021 388 2056 erant.
439 2019 516 2056 Iam
549 2020 581 2056 si
613 2031 669 2066 ep.
697 2023 741 2055 99
773 2019 1065 2073 Atheniensibus
1099 2021 1179 2057 iure
1211 2021 1502 2067 vindicavimus,
1536 2033 1592 2068 ep.
1626 2026 1671 2058 98

136 2067 515 2104 Lacedaemoniorum
546 2078 624 2104 esse
657 2067 819 2121 elogium
852 2067 891 2102 ιιι
922 2069 1052 2122 aperto
1079 2070 1146 2112 est.
1174 2090 1218 2095 —
1252 2068 1296 2106 V.
1326 2074 1356 2105 1.
1390 2070 1491 2113 οῖ’ὃε,
1522 2070 1551 2105 Ρ
1578 2068 1672 2114 οἵδε,

137 2115 451 2160 quemadmodum
478 2115 592 2151 etiam
617 2115 656 2150 in
681 2114 860 2161 proximis
887 2114 1035 2161 saepius
1061 2114 1155 2161 οἶδε,
1180 2110 1250 2152 ἇδε
1278 2117 1440 2161 exhibet,
1467 2117 1669 2153 secundum

135 2164 304 2199 veterum
329 2162 660 2220 grammaticorum
686 2163 905 2208 praecepta3
933 2163 979 2198 cf.
1006 2163 1054 2198 ad
1073 2163 1239 2210 Theogn.
1267 2177 1301 2200 v.
1327 2168 1383 2200 41.
1406 2185 1448 2190 —
1471 2163 1514 2200 V.
1537 2168 1570 2199 2.
1595 2166 1669 2199 θα-

136 2207 267 2253 νάτου,
293 2209 438 2245 Ahrens
462 2206 658 2254 θανάτοι’,
683 2209 842 2246 fortasse
869 2221 973 2254 vere3
1006 2209 1044 2246 in
1070 2212 1198 2247 Attico
1224 2211 1336 2248 titulo
1364 2212 1442 2247 CIA
1467 2212 1484 2246 I
1510 2215 1579 2247 465
1604 2211 1671 2247 ubi

138 2256 235 2313 lapis
258 2238 389 2293 'OAOJ
413 2257 582 2302 exhibet,
613 2257 785 2303 ambigas
815 2258 940 2293 utrum
967 2255 1092 2304 ἔστησ’
1128 2256 1239 2304 ἐγγὺς
1271 2256 1392 2295 ὁδοῑ’
1426 2255 1581 2304 αγαθοῦ
1608 2258 1673 2294 καὶ

138 2301 348 2348 (σώφρονος
378 2300 534 2362 ἀνδρός)
568 2316 617 2341 an
648 2269 741 2353 ὁδῷ
757 2304 807 2340 sit
830 2304 1050 2362 legendum
1082 2305 1214 2342 inscite
1246 2318 1364 2352 nuper
1390 2303 1483 2341 ὁδοῦ
1511 2306 1670 2342 illatum.

139 2351 386 2387 Friedemann
416 2348 683 2408 ἄμφεβάλοντο
718 2352 836 2409 νέφος
872 2349 981 2388 κυᾶν.
1019 2355 1130 2398 flav„
1168 2354 1428 2390 Schneidewin
1465 2350 1674 2400 ῥὐσάμενοι

138 2395 314 2435 θανάτου
341 2395 378 2433 δ’
407 2395 501 2444 ἀμφ.
527 2411 581 2435 νε.
609 2419 653 2425 -
680 2399 708 2434 Ρ
734 2396 834 2445 αμφ’
863 2396 1054 2448 ἐβάλοντο.
1087 2422 1130 2427 —-
1167 2401 1210 2436 V.
1238 2406 1270 2437 3.
1298 2398 1563 2446 καθύπερθεν,
1590 2402 1671 2437 cod.

139 2447 168 2482 P
193 2444 435 2491 καθύπερθε.

236 2493 353 2551 Εριςι
393 2497 471 2529 100.
520 2493 672 2530 Anthol.
699 2493 778 2530 Pal.
800 2493 979 2530 V11253:
1007 2506 1099 2531 corr.
1126 2497 1415 2552 Σιμωνίδου·
1451 2495 1477 2531 C
1505 2494 1560 2536 είς
1585 2493 1673 2537 τοὺς

139 2538 289 2582 αὐτούς.
308 2506 464 2577 grSchol.
492 2540 641 2576 Aristid.
668 2540 719 2576 111
748 2545 831 2576 154.
859 2538 1074 2589 ἐπίγραμμα
1100 2541 1154 2584 εἰς
1179 2541 1266 2584 τοὺς
1292 2540 1333 2579 ἐν
1354 2540 1498 2583 Πύλαις
1517 2539 1669 2579 αποθα-

138 2587 292 2632 νόντας,
319 2589 383 2624 sed
410 2589 439 2624 B
465 2589 681 2633 Σιμωνίδου
707 2589 842 2642 στίχοι,
877 2588 907 2624 D
933 2590 1149 2635 Σιμωνίδης
1180 2590 1381 2636 (Frommel
1413 2602 1448 2636 p.
1475 2593 1521 2626 58
1550 2591 1589 2626 et
1614 2595 1671 2635 59,

141 2637 236 2672 adde
256 2640 325 2673 357
351 2637 592 2683 Σιμωνίδης).
637 2634 819 2672 Aristides
844 2636 884 2671 in
908 2636 1177 2675 Panath.'l.1
1204 2642 1273 2673 214
1298 2638 1345 2673 de
1373 2636 1581 2694 Spartanis,
1591 2638 1672 2695 qui

139 2684 350 2741 Thermopy
353 2684 399 2720 lis
426 2683 694 2720 occubuerunt:
726 2680 922 2719 ἀπώλοντο
960 2679 1017 2719 ἔνι
1055 2681 1173 2731 τούτῳ
1209 2682 1463 2741 κοσμήσαντες
1495 2682 1563 2731 τὴν
1591 2682 1671 2721 Ea.-

139 2728 238 2767 λάδα
263 2732 312 2780 τῷ
348 2732 470 2772 καλῶς
500 2729 718 2767 α’ποθανειν
755 2730 820 2765 καὶ
857 2731 1036 2766 τοσοῦτον
1075 2720 1357 2778 ἐπιδειξάμενοι
1395 2730 1524 2777 μόνον.
1575 2732 1670 2770 Hinc

140 2768 344 2815 scholiasta
382 2778 537 2815 adhibet
574 2778 775 2814 Simonidis
818 2777 1069 2824 epigramma,
1107 2779 1208 2824 qnod
1245 2779 1284 2815 in
1322 2778 1559 2826 anthologio,
1597 2792 1670 2826 quo

140 2837 228 2862 usus
263 2828 338 2871 est,
387 2826 487 2862 haud
525 2825 636 2861 dubie
681 2825 864 2861 consimili
910 2807 1087 2862 lemmat'e
1131 2827 1351 2863 instructum
1397 2827 1480 2863 fuit
1535 2829 1671 2865 Alcaeo

140 2873 353 2918 (Messenio)
390 2873 568 2909 tribuitur
606 2885 665 2919 ap.
698 2873 844 2916 Iriarte,
877 2873 1051 2918 quoniam
1083 2873 1122 2909 ιιι
1154 2874 1265 2910 Anth.
1293 2874 1332 2910 P.
1360 2875 1428 2910 VlI
1455 2878 1524 2911 247
1558 2875 1670 2912 huius

144 2921 279 2965 poetae
305 2921 540 2968 epigramma
565 2920 788 2957 Simonideis
814 2901 947 2967 elogiis
971 2921 1222 2966 praemissum
1254 2924 1320 2958 est.
1372 2922 1519 2968 Reapse
1550 2922 1670 2960 Simo-
