1864 3126
758 137 1032 175 SIMONIDES.
1569 137 1658 180 425

225 250 284 294 Οἳ
311 265 357 294 τε
388 246 520 293 πόλιν
552 245 790 301 Γλαύκοιο,
823 248 1079 303 Κορίνθιον
1110 244 1236 302 ἄστυ,
1268 244 1494 304 νέμοντες,

284 323 332 364 οἳ
359 339 382 365 ιιι
411 318 650 364 κάλλιστον
681 317 854 376 μάρτυν
887 320 1045 362 ἔθεντο
1076 316 1232 363 πόνων

178 404 199 437 5
223 393 394 451 χρυσοῦ
426 389 655 448 τιμήεντος
687 390 735 434 ἐν
767 386 936 446 αἰθέρι·
968 391 1047 432 καί
1074 402 1184 445 σφιν
1215 386 1331 442 ἀέξει

283 461 433 508 αὐτῶν
463 460 502 506 τ’
537 459 716 519 εὐρεῖαν
746 458 947 518 κλῃδόνα
978 459 1051 503 καὶ
1083 458 1304 517 πατέρων·

225 533 494 589 ξεινοδόκων
525 531 610 591 γὰρ
643 531 823 591 ἄριστος
855 529 878 576 ὁ
911 530 1076 589 χρυσὸς
1107 532 1156 576 ἐν
1187 530 1339 588 αἰθέρι
1371 529 1570 588 λάμπων.

789 736 858 781 85.
891 737 996 790 [60.]

224 818 395 879 (Οὐδὲν
428 821 476 864 ἐν
507 817 792 877 ἀνθρώποισι
823 817 945 876 μένει
977 815 1109 875 χρῆμ’
1146 820 1338 875 ἔμπεδον
1371 818 1496 876 αἰεί·)

284 893 333 935 ἓν
365 890 415 936 δὲ
446 890 496 935 τὸ
528 889 767 935 κάλλιστον
799 894 910 942 Χῖος
940 892 1085 934 ἔειπεν
1117 886 1251 946 ἀνήρ·

226 964 310 1020 οἵη
342 978 434 1021 περ
467 963 681 1020 φύλλων
712 961 887 1019 γενεή,
918 964 1034 1018 τοίη
1068 960 1123 1005 δὲ
1154 960 1240 1004 καὶ
1273 958 1501 1017 ἀνδρῶν·
1573 973 1661 1005 1147

282 1036 448 1092 παῦροι
480 1032 570 1091 μὴν
601 1036 786 1091 θνητῶν
818 1032 951 1078 οὔασι
983 1031 1217 1089 δεξάμενοι

179 1119 200 1151 5
226 1106 426 1163 στέρνοις
457 1103 765 1161 ἐγκατέθεντο·
797 1103 980 1161 πάρεστι
1012 1102 1098 1161 γὰρ
1133 1103 1254 1156 ἐλπὶς
1285 1102 1475 1163 ἑκάστῳ,

128 1236 293 1274 bendum
319 1234 376 1273 Οἳ.
398 1236 446 1272 δὲ
473 1232 582 1271 πόλιν
604 1265 612 1272 .
634 1263 642 1272 .
664 1264 672 1272 .
691 1234 930 1282 νέμονται,
957 1232 1055 1272 οἷον
1081 1235 1334 1271 καλλίστων
1354 1231 1499 1279 μάρτυν
1520 1231 1658 1269 ἔθεντο

129 1282 258 1320 πόνων
284 1282 452 1330 χρυσὸν
477 1280 698 1329 τιμήεντα
723 1280 804 1319 τὸν
830 1282 972 1328 αἰθέρι,
998 1283 1113 1319 ascivi
1139 1280 1220 1318 οἷον
1247 1281 1294 1317 ab
1319 1281 1547 1326 Hermanno,
1572 1284 1661 1317 καλ-

131 1333 263 1368 λίστων
289 1342 313 1368 a
336 1330 489 1367 Reiskio
515 1331 758 1377 propositum.
809 1330 916 1374 Quod
942 1329 1202 1367 Schneidewin
1234 1329 1385 1375 scripsit
1409 1326 1547 1364 κύκλον
1575 1332 1662 1364 καλ-

129 1381 262 1415 λίστων
287 1381 376 1424 κτλ.,
401 1379 628 1414 monendum
654 1379 750 1414 hanc
774 1378 974 1415 verborum
1000 1377 1285 1414 collocationem
1307 1388 1330 1413 a
1355 1375 1556 1412 Simonidis
1583 1379 1663 1412 arte

134 1427 354 1470 abhorrere,
384 1427 516 1472 postea
541 1426 661 1463 suasit
691 1424 728 1462 οἳ
758 1425 823 1462 καὶ
854 1425 924 1470 (ita
949 1425 1117 1470 Ursinus)
1145 1453 1153 1461 .
1181 1453 1189 1460 .
1216 1452 1225 1461 .
1251 1421 1388 1470 χρυσὸν
1413 1420 1591 1470 τιμήενθ’
1621 1419 1665 1464 ὃς

134 1471 176 1511 έν
202 1472 344 1518 αόθέρι,
371 1483 538 1510 sermone
564 1474 648 1517 plus
675 1485 786 1520 quam
812 1472 988 1519 pedestri.
1044 1472 1128 1518 Ipse
1164 1471 1255 1508 olim
1281 1471 1496 1507 dubitanter
1527 1471 1659 1507 refinxi

132 1521 169 1558 οἳ
194 1521 270 1558 καὶ
300 1518 495 1557 κάλλιστον
528 1520 672 1567 μάρτυν
705 1519 842 1557 ἔθεντο
874 1518 1034 1566 πόλον,
1058 1519 1288 1565 Bamberger
1313 1519 1407 1555 coni.
1434 1516 1516 1554 οἷον
1542 1519 1665 1554 καλλί-

130 1581 225 1605 στων
259 1568 330 1605 vel.
351 1569 442 1604 οἵων
474 1565 681 1605 κάλλιστον.
726 1568 900 1614 Hartung
929 1568 1051 1604 multa
1080 1566 1234 1603 molitus
1260 1563 1480 1610 ξεινοδόκον
1505 1567 1665 1611 κρείσσω

131 1612 283 1662 δαίμον’
314 1614 449 1652 ἔθεντο
475 1613 603 1652 πόνων
623 1615 781 1662 scripsit.
809 1615 980 1651 Schmidt
1004 1613 1119 1660 γάνος
1137 1626 1205 1673 pro
1224 1611 1353 1650 πόνων
1373 1613 1500 1650 suasit.
1522 1633 1567 1639 —
1582 1614 1628 1649 V.
1644 1617 1663 1649 7

132 1663 253 1700 adieci
279 1675 325 1699 ex
350 1662 551 1709 Apollonio
578 1664 664 1699 Lex.
691 1663 798 1699 Hom.
820 1667 899 1707 116,
920 1667 965 1699 25
992 1663 1233 1704 Ξεινοδοκος.
1254 1690 1262 1698 .
1285 1690 1293 1697 .
1316 1690 1323 1698 .
1348 1658 1368 1697 ὁ
1390 1659 1432 1697 δὲ
1454 1662 1664 1707 Πίνδαρος·

131 1708 397 1756 ξεινοδὸκησέν
428 1723 466 1747 τε
501 1711 646 1757 δαίμων
685 1711 742 1756 (fr.
775 1714 877 1751 311)·
915 1707 1000 1746 ἀντὶ
1032 1711 1100 1746 τοῦ
1139 1707 1413 1756 ἐμαρτύρησεν·
1446 1708 1513 1744 καὶ
1546 1706 1587 1744 ἐν
1619 1709 1663 1756 τῇ

127 1757 323 1795 Ὀδυσσεία
350 1760 386 1804 (σ
410 1761 489 1804 63)·
517 1755 799 1799 Ξεινοδὸκος
823 1756 905 1803 μὲν
931 1755 1034 1804 ἐγώ,
1062 1756 1171 1801 ἔδοξέ
1195 1769 1268 1793 τισι
1292 1755 1418 1802 λέγειν
1443 1753 1665 1802 (μάρτυρα)-

131 1806 224 1851 φησὶ
249 1794 341 1851 γοῧν
367 1807 647 1852 Σιμωνίδης·
673 1803 967 1845 Ξεινοδόκων
994 1804 1030 1841 δ’
1064 1802 1253 1851 ἄριστος
1285 1801 1305 1840 ὁ
1331 1817 1391 1849 χρ.
1419 1800 1467 1839 έν
1499 1802 1664 1848 αἰθέρι

131 1851 345 1900 λαμπρός.
378 1850 464 1888 ἀντὶ
482 1853 550 1889 τοῦ
569 1850 780 1900 μαρτύρων.
793 1873 837 1879 -
851 1850 924 1899 γὰρ
938 1850 1088 1898 ἄριστος
1107 1852 1250 1898 scripsi,
1270 1849 1308 1887 δ’
1332 1849 1487 1897 ὤριστος
1501 1851 1662 1897 Brunck,

133 1900 246 1947 vulgo
292 1898 333 1936 δ’
373 1897 535 1946 ἄριστος.
591 1900 714 1937 Meam
752 1900 1052 1937 emendationem
1089 1911 1171 1936 rece
1199 1899 1232 1935 it
1269 1899 1453 1944 Hartung.
1494 1918 1538 1924 -
1575 1896 1665 1944 λάμ-

134 1961 215 1985 πων
240 1959 307 1994 pro
332 1945 501 1994 λαμπρός
525 1948 703 1984 exhibent
726 1947 783 1984 Et.
810 1948 858 1983 M.
881 1952 961 1993 610,
980 1952 1037 1984 46.
1082 1948 1141 1983 Et.
1203 1946 1264 1983 ud.
1290 1950 1372 1992 414,
1397 1950 1444 1982 35
1470 1947 1509 1982 et
1534 1946 1663 1982 Zonar.

135 1999 224 2031 1415
250 1994 478 2042 (Mingarelli
499 1995 606 2031 codd.
627 1996 719 2032 Nan.
741 1997 842 2041 496),
868 1996 933 2041 qui
957 1995 1116 2032 eundem
1141 2006 1290 2031 versum
1309 2005 1374 2041 per
1393 2004 1556 2030 errorem
1577 1994 1662 2029 Pin-

134 2043 224 2079 daro
249 2042 420 2078 tribuunt
444 2044 482 2078 et
506 2039 526 2078 ὁ
553 2042 743 2080 omittunt.

227 2089 284 2125 Fr.
312 2093 369 2126 85.
420 2089 522 2126 Stob.
548 2090 645 2127 Flor.
666 2089 816 2126 XCVIII
836 2094 899 2126 29:
925 2091 1202 2136 Σιμωνίδου.
1241 2089 1459 2136 Elegiacum
1488 2089 1559 2125 hoc
1586 2100 1665 2125 car-

133 2149 230 2183 men,
255 2137 356 2183 quod
380 2137 532 2182 plenum
556 2140 669 2183 atque
694 2138 882 2184 integrum
908 2149 988 2174 esse
1013 2137 1173 2181 videtur,
1205 2149 1281 2174 non
1306 2137 1574 2173 dubitaverunt
1598 2137 1665 2172 ho-

133 2184 251 2221 mines
282 2184 386 2221 docti
416 2183 490 2221 Ceo
520 2186 656 2231 poetae
680 2185 887 2231 vindicare,
920 2186 1013 2222 mihi
1045 2196 1068 2221 a
1092 2184 1218 2221 melici
1242 2185 1499 2222 consummata
1523 2185 1603 2219 arte
1629 2185 1670 2219 et

132 2232 283 2278 ingenio
307 2243 457 2277 prorsus
481 2232 680 2270 abhorrere
704 2232 869 2278 videtur,
901 2233 1028 2278 itaque
1059 2233 1187 2270 nescio
1219 2244 1268 2269 an
1299 2232 1426 2278 potius
1458 2232 1508 2267 sit
1532 2232 1664 2266 Amor-

134 2279 224 2324 gini,
249 2289 361 2323 quem
385 2281 537 2324 praeter
561 2280 706 2316 iambos
731 2280 846 2316 etiam
871 2280 1014 2326 elegias
1041 2280 1231 2326 scripsisse
1258 2280 1425 2323 constat,
1458 2279 1543 2314 vide
1569 2290 1666 2324 quae

135 2325 211 2361 dixi
236 2325 310 2362 vol.
325 2330 395 2371 ΒΡ.
410 2330 496 2362 441:
522 2328 636 2372 atque
660 2338 830 2364 assensus
854 2327 948 2364 mihi
973 2329 1031 2364 est
1054 2328 1095 2365 L.
1123 2327 1169 2363 de
1189 2326 1314 2373 Sybel.
1352 2327 1418 2361 Est
1443 2327 1569 2362 antem
1596 2326 1667 2362 hoc

137 2385 285 2428 carmen
317 2383 391 2409 non
424 2373 544 2409 solum
570 2374 726 2420 antiqua
758 2374 1001 2432 simplicitate
1033 2375 1177 2420 insigne
1203 2374 1324 2420 (velut
1347 2373 1476 2419 paucis
1502 2372 1560 2408 his
1586 2384 1667 2408 ver—

135 2420 237 2456 sibus
261 2420 418 2466 θνητῶν
443 2422 482 2456 et
505 2422 664 2466 θνητοῖς
686 2422 757 2466 ter,
784 2423 913 2470 βιοτου
931 2421 990 2458 bis
1008 2422 1177 2466 iteratur,
1202 2420 1299 2457 νέων
1320 2433 1353 2457 v.
1375 2426 1396 2456 6
1423 2420 1454 2456 si
1478 2420 1668 2465 integrum

135 2469 204 2512 est,
229 2467 361 2503 eadem
387 2467 574 2503 sententia
598 2467 776 2514 proximis
801 2469 969 2505 versibus
993 2469 1202 2515 repetitur),
1234 2468 1300 2504 sed
1324 2468 1440 2504 etiam
1466 2467 1666 2513 protrepti-

136 2527 221 2551 cum
247 2513 421 2550 carminis
448 2514 644 2550 consilium
669 2515 783 2561 plane
809 2516 999 2570 conspirat
1023 2528 1107 2552 cum
1132 2515 1356 2570 antiquioris
1382 2514 1584 2550 Simonidis
1609 2514 1667 2550 in·
1724 2519 1738 2535 '

137 2562 259 2608 genio.
309 2562 453 2598 Tamen
477 2562 699 2598 Plutarchus
725 2562 801 2598 sive
827 2574 911 2608 quis
936 2563 1032 2599 alius
1056 2563 1209 2600 Homeri
1235 2563 1353 2599 vitam
1387 2562 1538 2607 scripsit
1562 2561 1664 2606 (vide

135 2609 184 2644 ad
207 2622 242 2646 v.
269 2611 306 2654 2)
331 2610 480 2654 quando
507 2608 735 2645 Simonidem
761 2621 845 2645 cum
877 2609 1038 2646 Pindaro
1064 2610 1269 2655 coniungit,
1303 2609 1478 2646 melicum
1504 2610 1667 2655 poetam,

138 2668 213 2693 non
231 2657 543 2702 iambographum
563 2656 686 2692 dicere
707 2656 863 2701 videtur,
890 2657 1073 2702 siquidem
1092 2656 1151 2692 illi
1170 2656 1370 2702 biographi
1385 2657 1485 2700 ,hanc
1505 2655 1667 2702 elegiam

136 2707 389 2750 respexerunt.
423 2725 466 2731 —
499 2704 543 2740 V.
572 2708 589 2738 1
624 2703 724 2739 solus
750 2703 904 2740 Ursinus
929 2704 1056 2746 habet.
1087 2704 1139 2739 in·
1159 2704 1321 2740 Stobaeo
1353 2703 1595 2740 desideratur.
1622 2723 1666 2730 —-

138 2750 183 2786 V.
209 2755 242 2787 2.
268 2751 378 2796 Resp.
404 2751 504 2787 Plut.
525 2751 589 2787 vit.
610 2750 718 2787 Hom.
739 2754 808 2787 283
828 2751 884 2786 ed.
906 2750 1018 2787 Gale:
1035 2747 1199 2796 Ὅμηρον
1225 2752 1354 2787 τοίνυν
1379 2752 1573 2796 Πίνδαρος
1597 2749 1667 2796 μὲν

139 2796 214 2843 ἔφη
239 2796 334 2834 Χῐόν
359 2811 397 2834 τε
424 2798 489 2834 καὶ
508 2800 545 2834 Σ
570 2802 727 2843 υρναῖον
746 2796 940 2843 γενέσθαι,
959 2799 1175 2844 Σιμωνίδης
1193 2797 1235 2834 δὲ
1257 2800 1361 2834 Χῖον.
1396 2797 1450 2833 Cf.
1471 2797 1536 2835 vit.
1556 2797 1666 2834 Hom.

139 2845 197 2881 ed.
222 2845 418 2882 Westerm.
445 2849 490 2882 28
516 2812 747 2893 (gramnn.
774 2846 856 2881 Par.
884 2845 935 2881 llI
960 2849 1022 2889 98,
1050 2848 1118 2890 13).
1153 2866 1194 2871 —
1225 2843 1271 2880 ἓν
1297 2844 1339 2881 δὲ
1366 2842 1421 2889 τὸ,
1452 2845 1600 2882 Hecker
1620 2843 1667 2881 ἓν

141 2891 182 2928 δέ
209 2905 254 2928 τι.
282 2913 326 2919 -
353 2893 397 2929 V.
424 2898 456 2929 3.
482 2894 564 2939 τοίη
591 2891 645 2939 δὲ,
678 2892 873 2939 legebatur
897 2890 1037 2939 τοιήδε.
1072 2913 1115 2919 —
1149 2893 1193 2930 V.
1219 2896 1252 2929 4.
1279 2890 1352 2939 μὴν
1379 2892 1523 2939 scripsi,
1553 2893 1666 2939 atque
