1864 3126
796 124 1009 162 ALCMAN.
1614 125 1666 168 61

799 234 867 277 75.
901 235 1008 289 [28.]
1603 245 1673 277 856

219 313 337 374 Ἤδη
370 317 542 375 παρέξει
573 313 770 360 πυάνιόν
800 332 845 360 τε
877 314 1044 361 πόλτον
1655 298 1659 301 η

232 389 388 446 χίδρον
418 404 463 431 τε
494 384 658 449 λευκὸν
687 390 878 445 κηρίναν
909 385 952 429 τ’
988 385 1183 445 ὀπώραν.

799 496 868 539 76.
901 496 1008 550 [24]

219 576 358 637 ἿΩρας
389 576 431 623 δ’
467 580 596 636 ἔσηκε
625 586 763 637 τρεῖς,
794 578 932 635 θέρος

230 650 305 696 καὶ
337 660 465 709 χεῖμα
495 648 719 709 κώπώραν
749 653 925 708 τρίταν,

231 722 305 767 καὶ
336 723 546 779 τέτρατον
577 720 627 766 τὸ
658 724 767 781 Hip,
805 720 887 766 ὅκα

231 792 385 839 σάλλει
417 793 519 852 μέν,
550 794 704 839 ἐσθίεν
736 791 779 837 δ’
815 792 934 838 ἄδαν

185 877 207 910 ⁶
233 863 316 911 οὐκ
347 868 481 910 ἔστιν.

698 964 767 1007 77.
800 964 868 1007 78.
904 963 992 1018 [74.
1025 962 1112 1016 75.]

232 1079 408 1089 .....
441 1047 504 1090 Αἰ
531 1043 618 1104 γὰρ
650 1038 758 1104 ἇμιν

230 1114 405 1161 τούτων
435 1116 562 1174 μέλοι
593 1152 603 1160 .
635 1151 646 1161 .
677 1152 687 1161 .

225 1183 354 1246 Ἁμὶν
385 1185 431 1233 δ’
465 1185 713 1246 ὑπαυλήσει
745 1188 887 1246 μέλος.

799 1297 867 1341 79.
900 1297 1007 1350 [77.]
1603 1309 1670 1340 857

173 1428 178 1432 ,
231 1378 323 1424 Καὶ
354 1387 484 1438 χεῖμα
514 1381 604 1438 πῦρ
634 1396 682 1424 τε
713 1378 888 1424 δᾶῐιον.

137 1506 354 1556 ἐπιστεφεῖς
372 1507 442 1545 σὺν
460 1511 550 1557 λίνῳ
571 1522 609 1545 τε
631 1506 786 1557 σασάμῳ
814 1522 866 1554 τε,
892 1505 1130 1555 κήμπέλαινα
1150 1510 1351 1545 Πελίκεσσι
1377 1509 1450 1554 (vel
1470 1512 1673 1555 πελικαῖσι)

136 1554 379 1603 χρυσόκολλα.
431 1557 535 1593 Dixit
564 1557 679 1593 etiam
704 1557 881 1593 Welcker
905 1557 951 1592 dc
977 1556 1036 1592 his
1061 1557 1230 1593 versibus
1254 1556 1292 1592 in
1319 1556 1410 1594 Mus.
1437 1557 1507 1592 Rh.
1534 1557 1566 1593 X
1590 1561 1671 1594 412.

137 1626 181 1630 —
208 1605 380 1641 Fortasse
412 1605 485 1641 hoc
518 1604 771 1651 fragmentum
799 1604 896 1640 sicut
921 1604 1036 1640 etiam
1062 1605 1105 1640 fr.
1134 1609 1178 1641 75
1204 1606 1244 1640 et
1267 1605 1344 1640 alia
1368 1605 1551 1650 quaedam
1577 1616 1673 1650 quae

137 1654 343 1698 sequuntur
361 1652 596 1688 referendum
615 1652 663 1688 ad
688 1652 783 1688 illud
804 1652 1011 1688 carminum
1031 1664 1161 1697 genus,
1187 1652 1287 1697 quod
1306 1652 1513 1698 Hesychius
1532 1664 1673 1688 memo-

136 1702 214 1736 rate
252 1701 508 1747 Κλεψίαμβοι·
543 1696 808 1744 Ἀριστόξενος·
846 1698 937 1746 μέλη
975 1697 1060 1735 τινὰ
1098 1697 1189 1744 παρ’
1220 1696 1401 1746 Ἀλκμᾶνι.
1451 1700 1671 1745 quibuscum

137 1758 338 1794 componas
364 1758 460 1794 quae
479 1747 614 1783 Athen.
635 1747 721 1783 XlV
742 1751 811 1783 636
824 1748 854 1783 Β
881 1759 926 1784 ex
945 1747 1107 1783 Phillide
1127 1747 1316 1794 ascripsit:
1345 1745 1387 1783 ἐν
1407 1746 1464 1789 οἷς
1487 1745 1560 1793 γὰρ
1586 1745 1674 1788 τοὺς

136 1791 296 1843 ἰάμβους
325 1788 420 1843 ᾖδον
452 1793 642 1842 ἰαμβύκας
674 1792 854 1840 ἐκάλουν,
891 1793 932 1831 ἐν
965 1794 1022 1836 οἷς
1053 1794 1096 1831 δὲ
1128 1796 1417 1840 παρελογίζοντο
1450 1793 1496 1831 τὰ
1529 1794 1571 1831 ἐν
1597 1800 1674 1836 τοῖς

135 1841 284 1889 μέτροις
320 1840 589 1892 κλεψιάμβους.
639 1843 703 1879 ubi
743 1844 1196 1888 παρακατελογίζοντο
1235 1845 1386 1879 omnino
1424 1843 1672 1886 scribendum,

135 1901 223 1926 nam
263 1887 558 1937 παρακαταλογὴ
590 1891 651 1928 vel
681 1888 872 1937 καταλογὴ
905 1890 994 1935 (vid.
1020 1891 1195 1936 Hesych.)
1227 1891 1377 1937 proprie
1408 1890 1484 1927 dici
1515 1891 1673 1936 solebat,

137 1937 288 1984 quando
314 1949 399 1974 assa
423 1949 515 1975 voce
540 1937 707 1974 carmina
730 1938 952 1975 recitabant.
1330 1946 1335 1951 ·

230 1985 289 2021 Fr.
317 1989 373 2022 75.
424 1986 562 2022 Athen.
588 1986 674 2022 XIV
700 1989 768 2022 648
783 1986 831 2022 B:
869 1984 1047 2022 Πόλτου
1075 1984 1117 2021 δὲ
1143 1983 1374 2032 μνημονεύει
1396 1981 1581 2031 Ἀλκμάν
1607 1982 1671 2021 οὗ·

135 2036 224 2074 τως·
248 2029 357 2079 Ἤδη
389 2036 465 2070 κτλ.
500 2032 578 2069 ἔστι
603 2032 646 2070 δὲ
672 2031 714 2069 τὸ
747 2031 963 2078 πυάνιον,
997 2029 1048 2075 ὥς
1079 2045 1172 2079 φησι
1197 2034 1398 2079 Σωσίβιος,
1430 2035 1671 2079 πανσπερμία

138 2077 180 2115 ἐν
204 2083 340 2126 γλυκεῖ
366 2077 553 2127 “ψημε’νη·
581 2082 739 2127 χίδρον
766 2080 808 2117 δὲ
831 2079 870 2117 οἱ
893 2078 1010 2126 ἑφθοὶ
1030 2082 1162 2126 πυροί·
1189 2082 1385 2127 κηρίναν
1412 2079 1459 2117 δὲ
1487 2077 1672 2125 ὀπώραν

136 2125 238 2185 λέγει
262 2125 304 2164 τὸ
331 2141 357 2175 μ
379 2131 426 2166 λι.
476 2128 530 2166 Cf.
556 2129 658 2165 Eust.
686 2128 752 2165 Od.
782 2133 884 2174 1563,
914 2133 931 2164 1
959 2131 998 2165 et
1026 2133 1128 2174 1735,
1154 2132 1211 2165 50.
1239 2150 1281 2155 —
1311 2129 1353 2164 V.
1383 2133 1413 2164 1.
1439 2127 1616 2172 πυάνιον,
1645 2128 1672 2162 Β

137 2187 310 2211 πεανιον.

232 2222 290 2260 Fr.
318 2227 374 2259 76.
422 2222 558 2260 Athen.
585 2223 619 2260 X
643 2227 714 2260 416
729 2224 778 2260 D:
812 2222 896 2259 Koe’v
922 2224 973 2272 τῷ
999 2221 1186 2271 πέμπτῳ
1213 2221 1257 2268 (ε’
1284 2223 1365 2267 ΑΒ,
1393 2234 1466 2258 om.
1492 2222 1602 2268 PVL)
1627 2221 1671 2258 δὲ

138 2265 322 2317 (Ἀλκμὰν)
355 2266 556 2316 ἐμφανίζει
586 2268 705 2307 αὑτοῦ
735 2268 777 2308 τὸ
810 2269 1014 2317 ἀδηφάγον
1046 2269 1164 2316 λέγων
1198 2267 1332 2311 οὕτως·
1361 2268 1494 2316 Ὥρας
1523 2274 1599 2307 κτλ.
1627 2291 1671 2296 —-

140 2316 182 2352 V.
206 2321 237 2353 1.
264 2315 375 2364 ἔσηκε
401 2322 501 2363 τρεῖς
525 2318 567 2363 L,
593 2317 658 2364 ἔση
683 2319 749 2354 καὶ
774 2324 919 2365 κετρεῖς
943 2319 1019 2365 Pv,
1046 2317 1156 2355 ἕσακε
1182 2323 1281 2363 τρεῖς
1306 2318 1344 2352 Β.
1367 2338 1410 2344 —-
1437 2318 1482 2353 V.
1501 2322 1534 2354 2.
1561 2322 1671 2364 χεῖμα

137 2360 325 2410 κώπώραν
352 2376 482 2402 censor
503 2364 682 2410 lenensis,
708 2371 819 2412 χεῖμα
838 2363 1020 2412 χώπάραν
1041 2366 1384 2411 Schweighaeuser,
1403 2363 1575 2424 χειμάχῳ
1601 2378 1671 2407 πα-

137 2424 210 2456 ραν
232 2412 278 2458 Δ,
327 2410 469 2460 ειμάχω
495 2425 622 2459 παραν
647 2412 689 2458 Β,
714 2411 857 2460 χιμᾶλω
882 2411 1010 2459 πάραν
1035 2413 1077 2459 Ρ,
1103 2427 1139 2459 χι
1170 2417 1246 2460 αλῳ
1271 2410 1363 2459 παρ’
1391 2426 1441 2448 αν
1466 2412 1511 2455 V,
1537 2411 1672 2459 χειμὰν

139 2456 287 2506 ὄπῦραν
344 2489 352 2497 .
391 2481 435 2486 -
474 2460 518 2497 V.
545 2465 578 2497 3.
610 2458 788 2507 τέτρατον
819 2450 897 2507 PL,
922 2460 1101 2507 τέταρτον
1127 2426 1171 2496 Vl
1207 2482 1244 2486 —
1285 2474 1350 2506 ηρ,
1376 2456 1450 2496 ὅκα
1483 2460 1670 2505 Schweig-

138 2508 315 2552 haeuser,
346 2521 488 2554 ηροκας
512 2509 561 2554 Α,
592 2505 634 2544 τὸ
661 2506 803 2552 κρόκας
827 2509 938 2553 PVL,
974 2510 1170 2555 praeterea
1201 2508 1271 2544 scri
1301 2508 1332 2544 si
1355 2508 1445 2554 ffip.
1484 2527 1528 2534 -—-
1568 2509 1611 2542 V.
1638 2511 1670 2542 4.

139 2552 266 2591 σάλλει
290 2553 361 2602 μὲν
384 2556 539 2602 Porson,
564 2555 653 2592 libri
676 2552 760 2591 ἀλλ’
788 2555 826 2592 εἰ
848 2555 929 2603 μέν.
957 2577 1000 2583 -
1029 2553 1161 2592 ἐσθίεν
1186 2553 1223 2591 δ’
1252 2557 1353 2592 αδαν
1380 2557 1534 2601 Porsen,
1562 2554 1670 2590 ἔσθει

140 2599 183 2638 ἐν
208 2599 333 2639 δάδαν
358 2602 464 2639 PVL.
491 2625 535 2631 -—
562 2603 606 2640 V.
633 2606 665 2640 5.
693 2601 794 2639 ἔστιν
820 2603 862 2648 Β,
886 2604 1002 2650 vulgo
1028 2602 1116 2639 ἔστι.

232 2650 292 2687 Fr.
315 2654 371 2687 77.
391 2654 448 2687 78.
486 2650 661 2698 Aponon.
681 2651 728 2687 de
750 2662 856 2697 pron.
875 2655 944 2688 383
959 2651 1006 2686 B:
1026 2649 1073 2686 Ἡ
1090 2652 1228 2686 AMIN
1246 2647 1398 2707 Δωρικὴ
1426 2647 1671 2696 ἐγκλινομένη

139 2697 327 2734 συστέλλει
351 2696 394 2734 τὸ
420 2706 452 2743 ῖ,
483 2696 525 2735 ἐν
551 2697 607 2740 οἷς
630 2698 948 2744 προπερισπᾶται·
986 2696 1038 2733 Al
1059 2695 1144 2743 γὰρ
1174 2692 1284 2744 ἇμιν
1316 2710 1490 2733 τουτων
1522 2696 1671 2743 μέλοι·

139 2740 327 2792 ὄξῦνομέν
351 2755 410 2782 τε·
431 2743 549 2794 Ἀμὶν
574 2749 649 2782 κτλ.
674 2743 868 2793 Ἀλκμάν.
895 2766 939 2773 --
966 2742 1127 2789 τούτων,
1153 2744 1388 2781 Valckenaer
1411 2741 1552 2781 τωύτῶ.

235 2793 295 2829 Fr.
315 2797 371 2830 79.
409 2793 587 2831 Priscian.
610 2794 624 2830 Ι
644 2798 708 2829 21:
733 2793 1000 2838 „Inveniuntur
1024 2791 1140 2828 etiam
1166 2803 1235 2838 pro
1255 2791 1378 2829 vocali
1403 2794 1577 2839 correpta
1600 2793 1671 2828 hoc

141 2838 333 2887 digamma
356 2839 423 2877 illi'
439 2841 514 2886 usi,
540 2843 584 2877 ut
602 2842 776 2877 Alcman:
802 2841 878 2877 Καὶ
897 2853 928 2886 χ.
950 2842 1024 2877 κτλ.
1052 2841 1111 2876 cst
1129 2840 1227 2876 euim
1248 2839 1447 2876 dimetrum
1467 2839 1669 2877 iambicum

142 2887 181 2923 et
210 2886 264 2924 sic
296 2890 352 2925 est
385 2889 647 2935 proferendum
677 2888 724 2934 f,
762 2890 805 2925 ut
841 2888 956 2925 faciat
988 2887 1138 2923 brevem
1178 2887 1398 2934 syllabam.“
1448 2888 1668 2924 Manifestus
