1864 3126
180 153 265 195 328
528 163 529 166 ’
743 152 936 189 ΡΟΕΤΑΕ
963 151 1139 190 MELIOI.

837 260 904 303 52.
940 259 1042 318 [35]

754 344 846 377 ΕΙΣ
869 344 1129 378 ΕΤΡῼΠΗΝ.

245 423 292 468 Ὁ
320 426 483 482 ταῦρος
514 418 659 481 οὗτος,
693 419 727 469 ὦ
759 433 851 481 παῖ,
1029 425 1176 482 τέμνει
1209 424 1258 468 δὲ
1288 427 1406 482 κῦμα
1436 431 1609 483 χηλαῖς·

255 495 366 548 Ζεύς
397 513 471 552 μοι
504 498 628 540 δοκεῖ
655 514 720 548 τις
751 495 884 540 εἶναι·
1031 494 1113 541 οὐκ
1144 493 1201 540 ὂὶν
1233 495 1280 540 δὲ
1312 499 1475 554 ταῦρος
1505 495 1638 550 ἄλλος
1671 513 1682 519 ·

253 567 377 624 φέρει
407 565 493 625 γὰρ
524 564 640 624 ἀμφὶ
670 568 830 620 νώτοις
1033 568 1076 620 ἐξ
1107 564 1266 624 ἀγέλης
1297 567 1500 621 ἐλασθείς

253 641 485 682 Σιδωνίαν
515 647 724 695 γυναῖκα·
1033 641 1214 682 ἔπλευσε
1243 637 1326 695 τὴν
1357 638 1606 695 θάλασσαν,

207 721 227 752 5
253 712 364 768 περᾷ
396 709 446 753 δὲ
476 709 644 754 πόντον
676 707 825 767 εὐρύν,
965 722 1008 754 10
1034 712 1074 754 εἰ
1103 708 1162 766 μὴ
1194 708 1333 766 μόνος
1364 711 1542 762 ἐκεῖνος.
1592 761 1601 763 g

840 829 908 871 53.
942 829 1047 882 [53]
1614 841 1704 873 1071

800 912 893 945 ΕΙΣ
914 911 1096 946 ΡΟΔΟΝ.

257 993 620 1052 Στεφανηφόρου
651 992 741 1050 μετ’
776 988 884 1082 ἦρος
1040 995 1227 1051 μέλομαι
1258 993 1398 1052 ῥόδον
1428 994 1629 1051 τέρεινον

281 1152 336 1184 52.
387 1147 582 1194 Inscriptio
607 1147 774 1193 legitur'
763 1159 803 1182 in
828 1147 1006 1193 margine.
1029 1169 1072 1174 --
1098 1147 1232 1184 Tribus
1258 1147 1420 1195 strophis
1445 1150 1707 1194 quaternorum

187 1207 362 1232 versuum
395 1207 543 1231 carmen
575 1198 743 1231 constare
773 1195 922 1230 videtur
951 1194 1202 1240 Mehlhornio,
1234 1197 1298 1242 qui
1328 1196 1481 1232 tertiam
1515 1196 1707 1242 stropham

185 1243 397 1279 mutilatam
424 1254 503 1278 esse
530 1243 665 1279 censet.
692 1263 734 1268 —-
769 1242 812 1277 V.
839 1246 871 1277 2.
899 1241 989 1288 step
992 1244 1109 1278 banus
1135 1243 1318 1288 disposuit
1342 1244 1465 1288 verba,
1497 1243 1577 1279 cod.
1604 1243 1713 1279 δοκεῖ

184 1305 239 1332 τις
264 1289 369 1327 εἷναί
389 1304 452 1336 μοι
479 1287 582 1331 Ζεύς.
609 1311 653 1315 ——
679 1289 722 1325 V.
750 1294 781 1325 4.
808 1291 1013 1335 Σιδωνίαν,
1045 1291 1124 1326 cod.
1151 1302 1262 1336 supra
1287 1292 1464 1335 σιδονιον,
1496 1291 1592 1326 unde
1617 1289 1708 1326 Her-

185 1350 323 1374 manno
349 1339 531 1395 Σιδονίην
556 1337 710 1383 placuit.
745 1358 788 1362 —
821 1337 864 1374 V.
891 1340 923 1372 5.
950 1338 1046 1387 περᾷ
1074 1336 1115 1373 δε
1149 1338 1377 1383 Stephanus,
1410 1338 1488 1374 cod.
1515 1334 1618 1382 παρὰ
1653 1336 1708 1382 δὲ,

186 1386 251 1422 sed
277 1397 388 1431 supra
414 1382 473 1443 δὴ.
500 1406 543 1411 —-
575 1385 614 1420 V.
642 1390 673 1421 6.
701 1384 829 1430 τέμνει
854 1382 908 1428 δὲ,
934 1374 1062 1419 malim
1088 1398 1139 1421 τε.
1171 1405 1216 1411 -
1248 1385 1291 1420 V.
1319 1389 1350 1422 ’1.
1377 1381 1446 1420 οὐκ
1473 1397 1520 1420 αν
1552 1383 1710 1430 Stepha-

185 1445 266 1478 nus,
294 1433 372 1469 cod.
407 1429 527 1468 οὐκᾶν
560 1426 639 1468 οὖν.
673 1453 717 1458 --
751 1432 795 1468 V.
822 1435 854 1468 8.
883 1429 1076 1476 ἐλασθείς,
1112 1432 1213 1468 haud
1245 1432 1321 1489 scip
1348 1444 1395 1467 an
1426 1432 1638 1473 λιασθεὶς
1661 1432 1712 1468 sit

185 1481 494 1526 praeoptandum.
522 1492 566 1506 -·-
593 1480 636 1515 V.
665 1483 719 1516 10.
746 1476 871 1526 μόνος,
898 1479 1107 1525 Stephanus
1133 1476 1247 1525 μόνος
1272 1476 1321 1525 γ’,
1346 1480 1432 1518 fort.
1458 1480 1597 1526 μοῦνος
1621 1480 1710 1516 scri-

186 1528 358 1564 bendum.

282 1626 338 1659 53.
390 1622 476 1658 Cod.
511 1620 564 1662 εἰς
595 1619 636 1657 τὸ
673 1619 805 1668 ῥ’όδον,
837 1621 972 1657 sedin
1002 1635 1051 1658 m.
1083 1620 1137 1662 εἰς
1168 1618 1292 1667 ῤ’όδον.
1326 1642 1368 1648 -
1407 1622 1529 1658 Antea
1559 1623 1709 1658 auctore

186 1669 423 1707 Mehlhornio
454 1681 476 1704 a
507 1669 629 1715 priore
664 1669 838 1704 carminis
868 1669 974 1714 parte
1007 1671 1054 1714 (v.
1090 1673 1161 1704 1—
1172 1672 1230 1715 19)
1261 1669 1430 1715 separavi
1467 1669 1711 1714 posteriorem

184 1721 234 1764 (v.
252 1722 343 1754 30-
347 1719 420 1763 43),
446 1718 548 1752 ratus
575 1717 647 1752 duo
674 1716 839 1752 eiusdem
865 1716 1077 1762 argumenti
1101 1719 1277 1762 poemata
1295 1718 1338 1752 ut
1356 1717 1427 1752 fit
1416 1729 1455 1752 m
1473 1717 1545 1752 hac
1565 1716 1710 1763 sylloge

188 1765 364 1801 continuo
391 1776 429 1800 se
455 1765 642 1809 excepisse
674 1775 718 1799 ac
749 1765 882 1809 postea
905 1765 944 1799 in
968 1776 1084 1799 unum
1110 1763 1303 1800 coaluisse.
1353 1762 1408 1800 Ac
1431 1775 1561 1810 reapse
1586 1765 1624 1800 in
1650 1775 1711 1800 co—

189 1814 270 1848 dice
296 1812 480 1853 Palatino,
506 1811 571 1846 ubi
598 1812 788 1847 clausulae
810 1810 1015 1847 carminum
1034 1812 1111 1847 fere
1131 1810 1307 1847 asterisco
1326 1811 1588 1857 insigniuntur,
1613 1822 1711 1848 com-

188 1861 296 1906 paret
324 1863 363 1903 -”>,<-
391 1838 542 1895 additus
569 1858 689 1894 versui
714 1863 770 1902 20,
797 1859 862 1894 sed
882 1859 982 1903 quod
1007 1859 1138 1894 eadem
1162 1860 1255 1894 nota
1280 1858 1394 1895 etiam
1415 1860 1503 1895 ante
1522 1871 1555 1895 v.
1576 1863 1622 1895 30
1647 1860 1712 1895 ad-

188 1907 326 1953 scripta
358 1908 430 1950 est,
464 1918 589 1941 rursus
620 1906 707 1942 huic
732 1905 872 1942 indicio
897 1907 1161 1942 auctoritatem
1185 1905 1332 1942 videtur
1363 1906 1554 1952 derogare.
1604 1907 1712 1942 Nunc

186 1954 293 2008 illam
320 1954 533 1999 opinionem
559 1953 694 1989 abieci.
720 1954 827 1988 tanta
852 1953 951 1989 enim
976 1954 1032 1988 est
1057 1952 1263 1988 similitudo
1288 1953 1481 1998 utriusque
1506 1952 1644 1999 partis,
1671 1956 1714 1989 ut

189 2001 314 2039 omnia
339 2001 503 2037 eiusdem
530 2001 662 2046 poetae
689 2011 768 2036 esse
795 2002 1082 2036 consentaneum
1107 2000 1170 2035 sit:
1202 2010 1334 2045 parum
1359 2002 1484 2036 autem
1510 1999 1712 2036 verisimile

189 2049 349 2085 eundem
373 2048 662 2084 versificatorem
687 2048 744 2083 bis
769 2047 869 2083 idem
893 2047 1004 2092 plane
1030 2049 1288 2092 argumentum
1315 2047 1543 2083 tiactavisse.
1594 2048 1712 2083 Multo
1732 2083 1735 2085 ,

188 2097 346 2151 gravius
368 2095 442 2131 hoc
473 2095 546 2139 est,
581 2095 682 2140 quod
713 2093 835 2140 priore
866 2094 1016 2140 quidem
1042 2096 1148 2140 parte
1173 2093 1406 2140 propositum
1431 2095 1622 2131 commode
1649 2095 1712 2130 ab·

190 2143 286 2180 solvi
310 2142 475 2187 videtur,
507 2154 581 2178 non
605 2142 697 2177 item
722 2141 945 2188 posteriore:
977 2141 1145 2187 inprimis
1180 2141 1336 2178 offendit
1365 2154 1399 2177 v.
1426 2146 1473 2177 24
1497 2139 1603 2187 τόδε,
1629 2153 1713 2178 cum

189 2203 263 2227 non
300 2190 544 2250 praecesserit
582 2186 708 2246 ῥ’όδον,
746 2190 810 2225 sed
842 2189 942 2225 floris
980 2200 1116 2224 nomen
1154 2187 1242 2224 solis
1273 2188 1490 2235 compositis
1524 2189 1712 2225 vocabulis

190 2236 477 2284 ῥοδοδάκτυλος,
503 2233 744 2284 ῤὀδοπήχεες,
777 2234 980 2283 ῥὀδόχρους
1004 2249 1038 2273 v
1066 2241 1111 2272 20
1125 2248 1201 2281 seq.
1232 2235 1282 2272 sit
1311 2236 1527 2272 indicatum.
1580 2238 1612 2272 A
1637 2248 1713 2272 car-

190 2286 301 2321 minis
327 2285 476 2339 exordio
502 2285 681 2320 molestae
713 2285 783 2319 hae
810 2284 988 2330 ambages
1014 2283 1230 2327 abhorrent,
1257 2284 1415 2320 decebat
1433 2286 1585 2337 poetam
1604 2284 1713 2337 plane

191 2332 364 2370 carminis
389 2332 587 2368 consilium
612 2331 788 2377 profiteri.
840 2331 904 2367 Sin
928 2333 1152 2377 perpetuum
1177 2333 1235 2367 est
1257 2342 1416 2375 carmen,
1449 2329 1715 2367 desideraveris
1749 2336 1751 2338 ’

191 2392 302 2434 aegre
330 2379 543 2416 continuam
570 2380 703 2415 seriem
730 2390 921 2415 sensorum
952 2380 990 2414 et
1014 2378 1210 2423 aequabile
1235 2378 1414 2415 orationis
1438 2378 1595 2422 flumem
1627 2389 1713 2414 nam

191 2427 329 2464 caesim
355 2430 394 2463 et
418 2426 627 2463 intervallis
653 2427 913 2472 argumentum
937 2425 1154 2472 explicatur
1204 2425 1357 2462 Scilicet
1386 2436 1534 2462 carmen
1557 2436 1632 2462 non
1657 2426 1715 2461 est

191 2474 426 2519 continuum,
459 2474 525 2510 sed
556 2473 710 2510 alternis
743 2473 887 2509 vicibus
919 2474 1103 2518 cantatur,
1136 2472 1176 2509 id
1207 2473 1309 2518 quod
1337 2472 1412 2508 iam
1437 2471 1608 2510 Dacieria
1631 2483 1713 2518 per-

192 2523 329 2568 spexit.
361 2535 394 2557 v
427 2526 448 2557 3
481 2521 648 2566 quamvis
686 2522 860 2566 corrupto
891 2521 969 2566 ipse
1001 2522 1115 2566 poeta
1143 2520 1183 2556 id
1208 2519 1394 2566 professus
1419 2522 1510 2557 erat.
1556 2519 1715 2555 Constat

192 2581 354 2614 carmen
379 2570 411 2604 si
436 2580 459 2604 a
483 2568 674 2614 prooemio
695 2570 741 2612 (v.
765 2572 825 2603 1-
792 2571 870 2614 -3)
895 2567 1120 2612 discesseris,
1140 2567 1305 2613 strophis
1322 2565 1581 2612 inae-qualibus
1607 2568 1714 2612 quat-

192 2621 288 2662 tuor,
315 2628 408 2662 quas
434 2616 635 2653 intervalla
660 2615 857 2651 manifesta
882 2616 1092 2661 segregant,
1123 2614 1268 2660 fuitque
1293 2614 1332 2650 in
1357 2613 1560 2667 archetypo
1587 2613 1712 2660 singu-

192 2665 237 2700 lis
273 2664 435 2710 strophis
468 2663 666 2699 asteriscus
699 2663 859 2708 additus,
891 2673 1005 2708 quam
1036 2663 1163 2699 notam
1189 2661 1333 2699 duobus
1360 2660 1451 2701 locis
1477 2660 1590 2697 etiam
1616 2672 1715 2697 nunc

193 2712 272 2747 cod.
299 2712 375 2748 Pal.
403 2711 575 2747 servavit.

289 2759 331 2795 V.
361 2762 392 2794 1.
418 2754 711 2804 στεφανηφόρον
739 2757 958 2802 Stephanus,
985 2752 1388 2801 οο(1.στεφανηφόρον.
1413 2775 1462 2782 --
1484 2754 1530 2792 V.
1549 2759 1583 2790 2.
1609 2754 1714 2801 μέλο-

194 2819 279 2850 μαι,
306 2805 385 2842 cod.
419 2817 531 2852 supra
561 2805 758 2851 μέλπομαι.
811 2804 952 2840 Eadem
990 2803 1193 2859 scripturae
1229 2803 1391 2840 varietas
1428 2802 1717 2860 deprehenditur

194 2853 233 2887 111
262 2855 390 2888 Anacr.
417 2853 461 2888 fr.
489 2856 546 2897 65,
572 2853 672 2909 quod
702 2852 762 2888 hic
794 2852 1023 2888 versificator
1052 2851 1222 2887 imitatus
1254 2851 1327 2886 est:
1363 2846 1430 2885 τὸν
1458 2846 1605 2906 Ἔρωτα
1642 2847 1716 2895 γὰρ

194 2896 260 2934 τὸν
280 2896 400 2947 ἁβρὸν
426 2899 584 2946 μέλομαι
603 2897 766 2947 βρύοντα
785 2900 930 2946 μίτραις
948 2897 1227 2944 πολυανθέμοις
1245 2893 1406 2933 astem-
1431 2891 1497 2933 οδε
1518 2894 1590 2943 γὰρ
1609 2897 1716 2933 θεῶν
