1864 3126
209 139 294 182 734
550 130 552 135 '
668 137 974 175 FRAGMENTA
998 136 1265 175 ADESPOTA.

302 230 556 303 εὐχομένων
589 243 873 301 ἐπακούσατ’,
899 244 1110 304 οὐράνιαι
1141 245 1328 303 χθόνιαί
1353 262 1400 289 τε

301 320 511 374 δαίμονες
543 311 578 362 ὦ
609 320 945 374 πανδείμαντοι·

300 389 486 444 πέμπετε
519 386 559 432 δ’
595 386 734 445 ἄμμιν
765 387 1046 444 ροδόκολπον

301 457 537 516 Εὐνομίαν
569 458 932 518 λιπαροθρόνους
961 457 1001 502 τ’
1037 457 1248 516 ἀδελφάς,
1282 463 1429 504 Δίκαν

299 531 372 574 καὶ
404 529 751 588 στεφανηφόρον
783 529 1003 588 Είράναν·

300 601 432 646 πόλιν
463 618 510 645 τε
540 601 674 645 τάνδε
705 600 1010 659 βαρυφρόνων

301 672 534 717 λελάθοιτε
566 676 821 731 συντυχιᾶν.

254 400 274 430 εἰ

928 817 1023 859 141.

299 929 321 932 -.
347 916 512 933 υυυυ
538 916 655 933 -υ-

304 983 458 1027 Μισέω
491 976 703 1039 μνάμονα
732 980 973 1038 συμπόταν.

927 1125 1021 1189 14⁵?-

299 1292 643 1313 Δυ-’,Δυ-.
642 1292 799 1312 ἆἆἆἆ

296 1360 463 1406 Ὁδεύει
495 1358 629 1419 μοῖρα
660 1360 771 1418 πρὸς
801 1361 924 1416 τέλος
956 1359 1152 1419 ἀνδρῶν,

300 1435 390 1477 οἵτε
420 1431 503 1476 τὰν
534 1431 713 1491 πρώταν
745 1433 977 1489 λελόγχασι
1009 1430 1155 1490 τίμάν.

904 1623 910 1626 ,
926 1577 1023 1619 143.

300 1672 704 1695 -έυυ-υυ-ί-

299 1750 321 1754 .-
346 1736 561 1754 -----
585 1736 751 1753 -υ--.

203 1873 304 1923 μένῳ
330 1872 492 1920 νήσαντο
518 1875 618 1921 λίνῳ.
664 1873 736 1909 Sed
756 1872 923 1918 geminas
942 1871 1079 1907 Parcas
1107 1871 1279 1907 colebant
1299 1871 1448 1918 Delphi,
1474 1873 1548 1910 vid.
1570 1874 1730 1910 Pausan.

204 1923 236 1957 X
262 1927 320 1967 24,
346 1927 378 1958 4.
423 1922 520 1957 Plut.
547 1922 592 1956 de
619 1918 658 1956 εἴ
678 1920 781 1966 apud
805 1919 970 1965 Delphos
997 1931 1026 1955 c.
1054 1924 1086 1954 2.
1133 1919 1308 1955 Weloker
1333 1919 1546 1956 Zeitschrift
1570 1921 1630 1956 fur
1655 1922 1731 1958 alte

203 1951 325 2005 Kunsi
348 1982 383 2015 p.
411 1973 490 2004 220.
519 1990 562 1994 —
589 1968 632 2004 V.
659 1972 692 2004 3.
719 1932 965 2011 ἑπακούσατζ
993 1967 1059 2002 VA
1080 1964 1325 2023 ἐπακούσατε,
1331 1967 1464 2024 „vulgo
1485 1964 1729 2004 ἐπακούσετε.
1745 1992 1748 1993 ⁷

205 2039 246 2043 —
277 2017 320 2053 V.
347 2021 378 2052 5
406 2014 570 2076 πέμπετε
598 2012 635 2050 δ’
663 2015 804 2060 scripsi,
829 2015 1024 2060 legebafiur
1047 2010 1222 2070 πέμπετ’.
1251 2035 1293 2039 -
1319 2010 1453 2070 ἄμμιν,
1479 2014 1513 2049 V
1538 2013 1668 2074 ἆμμῖν,
1694 2029 1730 2052 v.

204 2062 306 2121 ἁμῖν.
334 2085 377 2090 -
405 2061 648 2119 ροὸὀκολπον,
674 2062 706 2096 Α
727 2044 974 2118 ῤὀδοκόλπην.
996 2082 1039 2087 -
1062 2061 1104 2095 V.
1126 2065 1157 2096 6.
1179 2058 1360 2105 ἀδελφάς,
1380 2061 1419 2098 L.
1441 2062 1602 2098 Dindorf
1623 2060 1733 2099 ἁδελ-

203 2109 310 2157 φεάς
339 2132 382 2137 --
415 2110 459 2148 V.
486 2114 518 2147 8.
544 2108 654 2145 πόλιν
679 2122 736 2154 τε,
762 2109 890 2144 malim
915 2107 1024 2145 πόλιν
1051 2107 1111 2143 δὲ.
1138 2129 1181 2134 ——
1208 2108 1250 2144 V.
1279 2112 1311 2144 9.
1338 2110 1541 2154 συντυχιᾶν
1567 2109 1731 2154 Grotius,

203 2172 236 2196 v.
264 2159 479 2205 συντυχίαν,
504 2157 590 2194 fort.
618 2170 667 2193 συ
681 2170 811 2202 ντυχι
827 2170 883 2192 αν
908 2154 1163 2192 λελάθοιτε.

298 2266 358 2301 Fr.
387 2269 465 2301 141.
511 2265 698 2300 Plutarch.
727 2264 875 2311 Quaest.
904 2263 1069 2309 Sympos.
1097 2263 1319 2319 Iprooem.·
1347 2259 1389 2298 τὸ
1415 2261 1530 2308 μισέω
1556 2261 1732 2310 μνάμονα

205 2312 416 2359 συμπόταν,
449 2326 477 2347 ω
504 2310 640 2347 Σόσσιε
673 2313 883 2354 Σενεκιᾚων
917 2309 1012 2367 ξνιοι
1029 2307 1136 2366 πρὸς
1160 2307 1248 2351 τοὺς
1273 2307 1530 2367 ἐπιστάθμους
1556 2310 1732 2368 εἰρῆσθαι

203 2361 363 2420 λέγουσι,
391 2357 596 2406 φορτικοὺς
622 2355 795 2399 ἐπιεικῶς
819 2359 884 2394 καὶ
909 2371 984 2393 ανα
1011 2355 1131 2402 ώγους
1156 2353 1197 2392 ἔν
1222 2357 1272 2405 τῷ
1297 2358 1423 2392 πίνειν
1449 2354 1576 2398 ὄντας·
1603 2356 1645 2393 οἱ
1660 2356 1731 2404 γὰρ

205 2405 246 2443 ἐν
272 2409 428 2457 Σικελία
438 2411 625 2464 Δωριεῖς,
651 2403 700 2447 ὡς
727 2405 845 2449 ,ξ’,οικε
878 2403 943 2441 τὸν
996 2405 1210 2461 πίσταθμον
1235 2393 1410 2450 μνάμονα
1434 2403 1732 2451 προσηγόρευον·

205 2454 299 2491 ἔνιοι
331 2454 374 2491 δὲ
407 2444 475 2512 τὴν
501 2455 706 2500 παροιμίαν
733 2455 879 2489 οἴονται
909 2466 987 2493 τοις
1010 2465 1114 2497 παρα
1147 2449 1265 2487 πότον
1289 2450 1505 2497 λεγομένοις
1529 2451 1594 2488 καὶ
1618 2465 1732 2499 πρατ-

204 2501 376 2560 τομένοις
400 2499 608 2547 ἀμνηστίας
631 2499 836 2557 προσάγειν
861 2503 935 2535 κτλ.
978 2500 1070 2535 item
1096 2499 1192 2535 Plut.
1220 2510 1267 2544 ap
1307 2498 1410 2535 Stob.
1438 2498 1559 2535 XVIII
1584 2503 1641 2545 28,
1667 2499 1732 2536 nbi

204 2548 377 2596 μνήμονα
403 2549 589 2606 (Trinoav.
609 2546 851 2605 μνημοσύνας
855 2545 1014 2603 ποτάν).
1042 2546 1192 2582 Lucian.
1214 2545 1380 2603 Sympos.
1401 2558 1432 2582 c.
1453 2551 1494 2581 3:
1515 2547 1625 2582 Μισῶ
1643 2544 1729 2592 γάρ,

206 2598 298 2642 φησὶ
324 2597 388 2633 καὶ
414 2593 434 2633 ὁ
460 2594 704 2642 ποιητικὸς
727 2594 877 2641 λόγος,
903 2592 1078 2640 μνάμονα
1104 2591 1309 2640 συμπόταν.
1347 2593 1553 2629 Martia1.1
1578 2598 1634 2631 27.

296 2705 355 2741 Fr.
378 2707 456 2739 142.
482 2702 718 2759 Apollonius
738 2702 853 2760 Tyan.
874 2712 931 2746 ep.
952 2705 997 2736 83
1017 2713 1052 2746 p.
1073 2704 1117 2735 55
1138 2700 1195 2736 ed.
1215 2701 1374 2758 Kayser·
1402 2700 1596 2745 Πατρίδος.
1607 2697 1727 2758 ἐσμὲν

203 2750 424 2810 πορρωτέρω
451 2748 519 2785 σὺν
546 2751 711 2808 δαίμονι,
737 2746 811 2794 ἤδη
837 2747 880 2784 δὲ
907 2747 952 2783 τὰ
977 2748 1042 2792 τῆς
1066 2745 1209 2788 πόλεως
1233 2745 1435 2803 πράγματα
1462 2744 1503 2782 ἐν
1521 2760 1574 2803 νφ
1597 2742 1726 2794 ἔβαλό-

205 2811 278 2842 μαν
311 2795 547 2855 (ἐβαλόμην)·
579 2795 706 2832 ὁδεύει
737 2801 848 2843 μοῖρα
879 2808 972 2855 προς
1003 2794 1107 2836 τέλος
1138 2791 1302 2839 ἀνδρῶν,
1336 2794 1372 2830 οἳ
1394 2792 1466 2829 τὰν
1490 2783 1640 2839 πρώταν
1665 2797 1723 2829 λε-

203 2843 357 2890 λόγχασι
380 2843 502 2892 τιμάν.
531 2866 573 2871 -
600 2845 642 2880 V.
661 2849 694 2879 2
721 2844 796 2879 οἵτε
823 2854 890 2889 pro
916 2843 952 2877 οι
976 2842 1116 2888 scripsi.
1143 2862 1188 2868 —
1213 2842 1396 2878 Videntur
1419 2842 1511 2877 haee
1537 2852 1581 2876 ex
1607 2841 1724 2886 lyrico

206 2891 263 2925 ve}
290 2893 433 2938 tragico
458 2895 572 2938 poeta
597 2892 717 2938 petita.
741 2902 832 2927 esse.
