1864 3126
228 139 286 180 60
728 122 730 125 ’
794 137 987 172 POETAE
1013 137 1189 173 MELch.

887 247 952 288 71.
987 246 1091 299 [26]

324 326 492 372 Αἷκλον
522 325 749 383 Ἀλκμάων
781 324 1014 384 ἁρμόξατο.

958 436 1025 477 72.

317 505 451 560 Ἧσκέ
478 533 544 567 τις
575 515 771 573 σκάφευς
801 514 1025 560 ἀνάσσων.

887 626 1090 678 73.[36]

324 704 502 764 Πρόσθ’
535 705 811 759 ’Λπόλλωνος
841 707 1018 764 Λυκήω.

929 816 984 857 74
1001 814 1050 857 A.

323 901 519 940 Ναοῖσιν
552 894 864 953 ἀνθρώποισιν
896 898 1214 941 αἰδοιέστατον.

862 1016 916 1059 74
929 1015 979 1058 Β.
1012 1017 1116 1070 [17.]

323 1102 486 1142 Κλῖναι
519 1098 600 1156 μὲν
632 1096 738 1142 ἑπτὰ
770 1098 843 1142 καὶ
874 1097 1001 1142 τόσαι
1032 1097 1276 1156 τράπεσδαι

320 1172 588 1226 μακωνίδων
620 1168 769 1227 ἄρτων
802 1170 1125 1226 ἐπιστέφοισαι,

322 1244 430 1300 λίνῳ
463 1257 507 1284 τε
540 1239 725 1300 σασάμω
757 1257 802 1283 τε
832 1237 915 1296 κήν
947 1243 1171 1296 πελίχναις

321 1313 500 1356 πέδεσσι
532 1311 819 1369 χρυσοκόλλα.

227 1464 403 1511 δρύφειν,
429 1467 635 1510 περαίνειν,
661 1467 700 1501 et
724 1462 969 1510 δρυφόμενοι,
996 1462 1259 1511 φθειρόμενοι.
1298 1466 1401 1501 Dixit,
1419 1467 1465 1500 de
1484 1466 1556 1500 hoc
1575 1465 1618 1501 fr.
1640 1465 1752 1500 eiiam

228 1514 403 1549 Welcker
427 1513 467 1548 in
487 1514 578 1549 Mus.
599 1514 667 1548 Rh.
686 1513 811 1548 X407.
835 1533 878 1538 —
906 1513 1138 1553 συναικλίαις
1157 1511 1325 1557 Βίηᾶοιῃΐ
1351 1513 1464 1558 vulgo
1489 1513 1754 1556 συναικλείαις,

228 1561 289 1595 ΒΡ
315 1562 562 1601 συνακλείαις.

202 1640 210 1644 .
321 1609 380 1644 Fr.
395 1613 450 1645 71.
488 1607 623 1644 Ahhen.
643 1608 694 1643 IV
717 1612 784 1644 140
799 1607 842 1643 C:
869 1606 944 1643 Καὶ
963 1606 1092 1642 πάλιν
1112 1603 1283 1642 ’Ἁικλον
1303 1610 1377 1643 κτλ.
1395 1629 1435 1633 -
1459 1607 1591 1653 scripsi
1611 1605 1752 1642 αἶκλον.

228 1677 272 1682 ——
299 1653 487 1701 ἁρμόξατο
513 1657 592 1700 PL,
617 1651 808 1701 ἁρμόξατο
834 1655 866 1691 V
892 1655 1049 1690 fortasse
1075 1656 1184 1690 recte.

321 1705 379 1739 Fr.
409 1707 463 1739 72.
503 1703 621 1738 Cram.
642 1703 712 1739 An.
734 1703 800 1738 Ox.
821 1702 837 1735 I
860 1706 937 1746 159,
959 1706 1021 1737 30·
1047 1701 1122 1737 Καὶ
1148 1699 1168 1737 ὁ
1195 1701 1264 1759 μὲν
1289 1700 1445 1747 ποιητὴς
1469 1701 1538 1762 τὴν
1563 1699 1754 1761 ἄρχουσαν

227 1750 415 1786 συστέλλει
441 1747 482 1786 ἐν
508 1751 558 1798 τῷ
580 1749 701 1806 ἔσκεν,
727 1747 746 1784 ὁ
768 1748 809 1784 δὲ
827 1729 982 1805 Ἀλκμάν
1002 1747 1198 1794 φυλάττει·
1219 1744 1327 1785 Ἦσκε
1348 1753 1422 1784 κτλ.
1453 1748 1580 1809 Τινὲςρ
1586 1749 1658 1785 δύο
1683 1747 1753 1795 μὲν

228 1800 309 1840 (scr.
331 1797 439 1854 μέρη)
447 1799 572 1852 *φασιζ
598 1791 642 1842 ἧς
667 1778 752 1832 άντὶ
771 1797 837 1832 τοῦ
858 1791 906 1842 ἦν
927 1797 1115 1842 Δωρικῶς,
1142 1797 1207 1832 καὶ
1227 1810 1269 1832 κε
1290 1795 1580 1842 σύνδεσμος·οἴ
1597 1801 1756 1841 Δωριεῖς

227 1843 249 1890 ἢ
277 1843 370 1891 μετὰ
397 1845 464 1880 τοῦ
489 1858 511 1879 ν
537 1843 708 1889 λέγουσιν
733 1840 756 1889 ἢ
776 1845 892 1891 τροπῇ
919 1844 986 1879 τοῦ
1007 1857 1023 1878 ε
1046 1843 1100 1885 εἰς
1125 1857 1184 1880 κα.
1211 1865 1255 1870 --
1284 1844 1423 1901 Scripsi
1450 1843 1630 1889 σκάφευς,
1654 1845 1753 1890 lege-

229 1893 340 1928 batur
365 1904 543 1936 σκαφευς.
595 1891 735 1928 Deinde
762 1892 919 1927 Alcman
944 1891 1046 1926 haud
1070 1891 1182 1927 dubie
1205 1889 1411 1927 ,Ρανάσσων
1437 1890 1646 1949 scripserat.

322 1940 379 1975 Fr.
407 1943 463 1975 73.
514 1939 686 1996 Apollon.
714 1939 759 1974 de
785 1939 868 1974 adv.
895 1938 1010 1974 Bekk.
1037 1939 1105 1973 An.
1126 1938 1159 1973 II
1181 1942 1267 1974 563·
1294 1936 1466 1996 Πρόσθε,
1492 1937 1662 1984 πρόσθα,
1687 1939 1754 1974 καὶ

227 1984 318 2043 παρ’
344 1983 513 2032 Ἀλκμᾶνι
545 2000 642 2022 ουτω
675 1985 829 2022 δεκτέον
856 1983 924 2032 τὴν
951 1983 1202 2031 συναλοιφήν·
1234 1983 1409 2031 Πρόσθ’
1444 1986 1515 2032 (ita
1542 1987 1645 2031 Bast,
1672 1987 1751 2021 cod.

227 2031 334 2080 πρὸς)
359 2037 433 2070 κτλ.

321 2081 378 2117 Fr.
407 2081 508 2118 74A.
552 2081 728 2118 Et.F10r
749 2080 872 2116 Miller
890 2080 994 2116 Misc.
1015 2084 1077 2116 55·
1111 2080 1187 2116 Καὶ
1211 2078 1252 2116 τὸ
1281 2079 1558 2126 αἰδοιέστατον,
1585 2077 1635 2121 ὡς
1659 2076 1751 2125 παρ’

223 2126 411 2175 Ἀλκμᾶνι,
445 2128 544 2164 οἷον·
576 2133 724 2164 ναοῖσιν
749 2125 809 2164 ἄν.
836 2127 911 2164 affl.
961 2127 1042 2163 Nisi
1065 2129 1162 2164 forte
1187 2129 1347 2174 primum
1371 2109 1593 2164 vocabuhim
1620 2127 1754 2163 vitium

228 2177 429 2221 conssraxit,
473 2177 586 2222 poeta
623 2173 828 2232 ἄνθρωπος
870 2175 1049 2212 adiectivi
1086 2176 1168 2212 loco
1207 2175 1396 2221 adhibuiffl,
1440 2175 1753 2220 quemadmodum

228 2225 390 2260 comicus
421 2221 628 2268 ανθρωπον
659 2218 757 2269 ἦθος
788 2223 892 2259 dixit
943 2223 1095 2259 Diibner
1126 2223 1219 2259 coni.
1244 2222 1413 2266 νέουσιν,
1445 2223 1578 2258 Nauck
1608 2225 1753 2258 λαοῖσιν

226 2273 269 2307 ut
300 2269 559 2315 ἀνθρώποισιν
592 2272 704 2316 plane
736 2271 909 2316 izollatur,
941 2270 1040 2306 idem
1071 2267 1329 2317 ἡδυμέστατον
1361 2251 1451 2316 (vid.
1477 2270 1575 2306 infra.
1599 2270 1643 2306 fr.
1671 2270 1753 2315 137)

230 2319 291 2355 hic
316 2318 586 2355 restihuendum
612 2318 824 2354 arbitratur.
1788 2351 1796 2359 ,

322 2367 379 2402 Fr.
401 2366 499 2402 74B.
530 2365 667 2402 Athen.
687 2366 740 2401 III
762 2366 1158 2401 110F:Mocnmv1.'3mv
1177 2361 1300 2422 ἄρτων
1320 2341 1550 2411 μνημονεύει
1567 2361 1753 2423 Ἀλκμάν

228 2411 275 2450 ἐν
301 2414 357 2473 τῷ
382 2412 567 2461 πέμπτῳ
595 2413 661 2459 (sic
689 2413 1027 2470 Schweighaeuser,
1055 2410 1097 2449 ἐν
1123 2413 1191 2448 τῶι
1211 2410 1238 2448 ε’
1259 2414 1303 2456 A,
1331 2410 1372 2448 ἒν
1397 2413 1448 2460 τῷ
1468 2425 1532 2448 ιεω
1552 2411 1592 2456 Ρ,
1620 2408 1660 2446 ἐν
1686 2415 1753 2447 ἴεω

228 2463 269 2505 Β,
297 2451 342 2497 ἐν
363 2462 413 2509 τῷ
434 2450 767 2507 πεντεκαιδεκάτῳ
792 2461 872 2505 VL)
899 2456 1033 2501 ουτως·
1059 2463 1223 2496 Κλῖναι
1247 2463 1322 2495 κτλ.
1350 2450 1434 2495 ἐστὶ
1450 2439 1661 2518 βρωμάτιον
1688 2455 1751 2494 δια

227 2508 374 2554 μέλιτος
391 2498 464 2544 καὶ
487 2509 601 2544 λίνου.
629 2529 669 2534 ——
700 2508 743 2543 V.
771 2512 802 2543 2.
831 2505 1090 2565 ἐπιστέφοισαι
1114 2507 1223 2551 APV,
1252 2505 1450 2552 ε’πιστέφοι
1474 2518 1512 2542 σε
1540 2505 1582 2551 Β,
1608 2503 1751 2541 ἐπιστε-

228 2560 314 2601 φεῖς
333 2557 465 2613 σελίνῳ
485 2555 525 2592 L.
546 2576 590 2582 -—
616 2555 660 2591 V.
681 2560 711 2590 3.
733 2556 821 2603 λίνῳ
842 2568 879 2591 τε
902 2553 1055 2604 σασάμω
1075 2569 1127 2600 τε,
1153 2554 1412 2592 Schneidewin
1429 2555 1518 2589 λίνω
1537 2566 1576 2589 τε
1597 2549 1751 2611 σασάμω

227 2617 277 2639 τ.ε
305 2625 349 2629 -
382 2617 429 2649 κη
418 2599 454 2638 ’ν
479 2602 550 2647 ΒΡ,
577 2616 623 2648 κη
626 2616 648 2638 ν
673 2602 747 2639 VL.
782 2624 825 2629 ——
857 2604 945 2639 πελί
943 2616 1067 2649 χ,ναις
1092 2604 1121 2639 P
1146 2603 1255 2639 πελλί
1252 2614 1368 2648 χ.ναις
1396 2622 1440 2627 -
1471 2601 1516 2637 V.
1540 2604 1574 2636 4.
1599 2598 1754 2636 πέδεσσι

227 2651 373 2695 ABDP,
407 2617 563 2686 πέδαισι
596 2650 679 2696 VL,
716 2651 891 2686 παίδεσσι
930 2615 1273 2707 Schweighaeuser&
1327 2648 1568 2684 scribendum
1604 2647 1754 2683 videtur

227 2699 317 2754 λίνῳ
349 2711 387 2733 τε
428 2698 503 2743 (vel
535 2696 593 2743 δε)
631 2679 784 2756 σασάμῳ
822 2710 861 2733 τε
900 2698 935 2742 (i.
969 2708 1000 2734 e.
1038 2693 1165 2743 ἄρτοις
1201 2699 1368 2737 λινωτοῖς
1404 2695 1469 2731 καὶ
1505 2696 1752 2741 σασαμωτοῖς)

228 2759 249 2780 κ
258 2735 568 2803 ἠμπελαίναις
599 2744 785 2781 πέδεστι
816 2742 1056 2790 χρυσοκόλλα.
1109 2745 1211 2780 Alias
1238 2741 1283 2790 ἐμ
1284 2741 1430 2779 πέλανοι
1455 2743 1645 2787 (110111113111,
1675 2741 1750 2778 vid.

228 2792 387 2838 Hesych.
410 2790 614 2849 ἐμπέλανα,
639 2789 807 2837 πόπανα,
832 2793 991 2829 formam
1016 2791 1250 2838 diphthongo
1272 2792 1419 2827 auctam
1437 2789 1610 2836 agnoscit
1633 2770 1752 2825 idem.

229 2839 416 2875 Πέλαινα·
444 2836 615 2885 πόπανα,
641 2840 873 2897 μειλίγματα.
923 2839 1158 2875 Femininum
1182 2849 1298 2885 genus
1323 2839 1448 2874 taetus
1471 2837 1590 2873 idem.
1622 2834 1750 2872 ἐπιπε-

230 2884 374 2922 λάνιαι·
413 2884 496 2922 ὀλαὶ
529 2886 591 2922 καὶ
623 2885 796 2932 πόπανα,
832 2887 897 2923 ubi
927 2886 1012 2923 fort.
1047 2884 1286 2923 ἕπιπέλαιναι
1319 2884 1529 2931 legendum.
1579 2884 1752 2929 Hartung
