1864 3126
914 611 1050 655 XXV.

692 717 1274 767 TELESILLA.

970 846 1003 888 1.

301 1040 398 1086 ‘'Ao’
422 1041 638 1100 ’Ἀρτεμις,
671 1038 706 1088 οἶ
737 1043 889 1102 κόραι,

312 1112 531 1170 φεύγοισα
562 1113 642 1159 τὸν
671 1113 867 1172 Ἀλφεόν.

961 1237 1001 1280 2.
1647 1250 1739 1281 1112

334 1319 481 1359 Athen.
512 1320 607 1358 XIV
641 1322 723 1360 619
738 1320 788 1359 B:
824 1316 878 1359 ‘H
915 1321 969 1369 εἰς
1004 1318 1229 1362 Ἀπόλλωνα
1270 1319 1353 1379 ᾠδὴ
1395 1319 1622 1375 φιληλιᾶς
1663 1319 1742 1378 (ita

216 1384 335 1435 PVL‚
367 1385 552 1437 φηλικίας
582 1381 674 1438 ΑΒ)
706 1380 758 1434 ὡς
787 1384 994 1426 Τελέσιλλα
1024 1387 1265 1440 παρίστησιν.

962 1503 1000 1546 3.

334 1587 449 1626 Paus.
481 1588 522 1626 II
555 1588 622 1636 35,
656 1589 698 1626 2:
734 1583 787 1627 Τὸ
819 1585 890 1640 μὲν
921 1585 970 1640 δὴ
1001 1590 1071 1629 τοῦ
1102 1587 1302 1637 Πυθαέως
1333 1586 1459 1640 ὄνομα
1489 1584 1741 1642 μεμαθήκασι

215 1647 320 1703 παρὰ
347 1647 549 1705 Ἀργείων·
580 1648 730 1700 τούτοις
760 1649 834 1705 γὰρ
860 1649 1061 1705 Ἑλλήνων
1091 1650 1257 1706 πρώτοις
1287 1650 1504 1705 ἀφικέσθαι
1539 1651 1741 1694 Τελέσιλλά

215 1729 314 1769 φησι
344 1713 412 1757 τὸν
442 1715 615 1757 Πυθαέα
646 1715 686 1765 ἐς
716 1712 788 1769 τὴν
817 1715 948 1771 χώραν
974 1714 1218 1767 ’Λπόλλωνος
1248 1719 1372 1758 παῖδα
1403 1715 1508 1759 ὄντα.

961 1837 999 1877 4.

332 1919 452 1958 Paus.
482 1919 523 1956 II
556 1920 624 1970 28,
652 1921 694 1958 2:
722 1915 811 1958 Ἐπὶ
843 1917 885 1958 δὲ
915 1921 960 1973 τῇ
991 1916 1092 1974 ἄκρᾳ
1122 1922 1191 1959 τοῦ
1222 1917 1341 1971 ὅρους
1366 1921 1604 1971 Κορυφαίας
1635 1918 1737 1959 ἐστὶν

212 1979 319 2035 ἱερὸν
344 1979 578 2035 Ἀρτέμιδος,
610 1977 658 2023 οὗ
688 1982 754 2023 καὶ
789 1983 988 2024 Τελέσιλλα
1019 1981 1226 2036 ἐποιήσατο
1258 1983 1302 2024 ἕν
1331 1982 1472 2041 ᾄσματι
1502 1981 1671 2037 μνήμην.

954 2099 993 2143 5.

331 2185 514 2234 Apollod.
553 2185 657 2224 Bibl.
689 2185 751 2224 III
783 2186 829 2234 5,
869 2187 912 2224 5:
948 2181 1107 2237 Ἐσῶθη
1154 2183 1196 2225 δὲ
1233 2188 1311 2225 τῶν
1349 2183 1420 2237 μὲν
1455 2181 1632 2238 ἀρρένων
1669 2180 1738 2239 (ex

212 2250 367 2289 Niobae
398 2245 555 2302 liberis)
589 2245 788 2301 Ἀμφίων,
826 2251 903 2289 τῶν
940 2247 983 2289 δὲ
1019 2253 1194 2302 θηλειῶν
1232 2249 1386 2303 Χλωρὶς
1423 2245 1448 2302 ἡ
1486 2247 1736 2302 πρεσβυτέρα,

213 2307 238 2368 ᾗ
270 2311 428 2366 Νηλεὺς
460 2311 682 2369 συνῴκησε,
719 2311 815 2354 κατὰ
847 2312 890 2354 δὲ
930 2313 1155 2355 Τελέσιλλαν
1194 2312 1270 2368 (ita
1306 2316 1475 2366 Aegius‚
1512 2315 1607 2354 libri
1641 2317 1736 2354 τελε-

213 2376 319 2431 σίαν)
360 2375 570 2430 ἐσώθησαν
607 2375 799 2430 Ἀμύκλας
840 2376 918 2434 (ita
957 2381 1086 2430 codd„
1118 2376 1292 2432 Ἀμύκλα
1327 2376 1384 2431 v.)
1420 2378 1486 2418 καὶ
1523 2379 1738 2431 Μελίβοια,

212 2440 399 2496 ἐτοξεύθη
432 2442 474 2484 δὲ
505 2440 574 2484 ὑπ’
609 2440 740 2484 αὐτῶν
770 2443 836 2484 καὶ
868 2441 1055 2497 Ἀμφίων.
1118 2445 1270 2484 Ultima
1300 2445 1397 2484 haec
1433 2444 1481 2482 de
1512 2443 1735 2493 Amphione

211 2510 422 2549 interfecto
454 2522 533 2548 non
564 2510 614 2548 ad
646 2510 857 2550 Telesillao
887 2523 1047 2549 carmen
1079 2511 1272 2560 spectaui,
1298 2510 1368 2549 sed
1393 2509 1646 2549 continuatur
1671 2508 1733 2548 his

213 2574 447 2624 Apollodori
489 2575 683 2625 narratiqz
727 2581 819 2614 nam
863 2575 1065 2625 Amphion
1101 2577 1217 2625 pater
1254 2574 1536 2625 intelligendus
1575 2575 1655 2623 est,
1693 2576 1734 2612 et

214 2653 336 2690 supra
366 2653 438 2690 pro
470 2639 694 2689 Amphione
725 2640 806 2678 filio
838 2641 949 2679 cuius
981 2640 1080 2679 alias
1110 2640 1223 2678 nulla
1253 2639 1299 2678 fit
1335 2639 1482 2679 mentio
1513 2639 1605 2678 fort.
1639 2640 1732 2678 Δα-

309 2763 550 2800 Telesilla.
601 2764 660 2799 Fr.
689 2769 719 2800 1.
756 2763 957 2810 Hephaesta.
984 2768 1046 2800 62:
1079 2762 1154 2799 ἔστι
1186 2764 1313 2799 τοίνυν
1340 2759 1500 2808 ἐπίσημα
1527 2759 1568 2798 ἐν
1594 2763 1643 2806 τῷ
1669 2762 1731 2799 ἰω-

213 2812 317 2857 νικῷ,
344 2807 586 2856 ἕφθημιμερῆ
613 2809 682 2856 μὲν
708 2807 753 2846 τὰ
780 2812 947 2857 τοιαῦτα,
973 2810 1030 2852 οἷς
1054 2807 1077 2856 ἡ
1106 2809 1303 2847 Τελέσιλλα
1329 2806 1526 2855 ἐχρήσατο·
1551 2807 1628 2845 ’Ἄὸ’
1656 2813 1730 2846 κτλ.

213 2878 258 2882 —
286 2858 327 2893 V.
357 2862 372 2892 1
402 2858 515 2894 etiam
540 2858 590 2893 ib.
617 2863 662 2894 26
687 2858 835 2904 legitur,
861 2859 925 2894 ubi
949 2858 1051 2894 FlssS
1077 2855 1181 2904 κόρα.
