1864 3126
206 142 290 185 168
518 179 520 183 .
771 144 963 180 POETAE
988 145 1165 181 MELICI.

414 275 455 291 ,
859 252 928 294 49.
962 251 1067 305 [50]

289 330 368 384 Ὦς
405 332 490 390 γὰρ
529 331 686 390 δήποτ’
724 331 1045 390 Ἀριστόδαμόν
1082 332 1207 390 φαισ’
1248 333 1329 379 οὐκ
1372 333 1636 393 ἀπάλαμνον
1676 338 1725 381 ἐν

1053 404 1241 464 Σπάρτᾳ
1271 405 1411 462 λόγον

298 480 442 531 εῐπην·
481 473 693 532 χρήματ’
735 472 888 532 ἅνηρ,
926 474 1131 532 πένιχρος
1162 474 1203 520 δ’
1240 474 1389 529 οὐδεὶς
1424 475 1574 522 πέλετ’.
1599 479 1727 531 ἔσλος

1054 543 1160 590 οὐδὲ
1191 550 1345 603 τίμιος.

911 640 1017 683 *50

297 757 471 766 .....
507 725 697 778 Δοκίμοι
730 720 771 765 δ’
807 720 987 779 ἄριστος
1018 725 1199 779 ἔμμεναι

297 791 477 836 πιόνων
510 794 558 836 αἰ
588 793 640 836 δέ
662 791 701 836 κ’
732 791 861 849 ὀνῆσι
892 794 1033 846 ,Ρᾶδυς
1063 793 1161 850 περὶ
1194 794 1360 851 φρένας
1392 792 1535 851 οἶνος,
1567 790 1626 840 αὖ
1657 797 1727 850 δὶς

1053 862 1225 916 ἄθλιος.

202 990 300 1028 εἶναι
321 992 455 1028 τοῦτον
466 989 624 1038 Ἀχιλλέα
644 990 744 1037 παρὰ
760 990 936 1033 Σκύθαις
956 992 1109 1041 βασιλέα
1127 994 1201 1029 τῶν
1221 991 1356 1038 τόπων,
1377 990 1420 1036 ὃς
1438 992 1588 1055 ηράσθη
1609 1010 1647 1033 τε
1661 998 1727 1042 τῆς

200 1036 423 1085 Ἰφιγενείας
448 1041 687 1085 πεμφθείσης
714 1037 799 1076 ἐκεῖ
816 1040 880 1075 καὶ
907 1039 1055 1083 ἔμεινεν
1082 1038 1309 1087 ἐπιδιώκων,
1343 1040 1381 1085 ἒξ
1415 1055 1459 1078 ου
1485 1041 1599 1085 τόπος
1620 1041 1724 1090 Ἀχίλ-

203 1090 314 1122 λειον.
342 1085 380 1122 οἷ
398 1086 439 1122 δὲ
460 1087 569 1122 τοῦτο
590 1085 761 1131 λέγοντες
779 1087 1043 1133 παραφέρουσι
1062 1086 1232 1134 μάρτυρα
1250 1087 1316 1124 τὸν
1332 1086 1532 1126 Ἀλκαῖον
1551 1091 1724 1137 λέγοντα·

199 1131 394 1179 Ἀχιλλεῦ
420 1131 611 1179 (Ἀχιλλεὺς
635 1134 773 1169 Mme
797 1145 872 1170 var.
899 1136 984 1171 lect.
1011 1136 1057 1180 R)
1085 1131 1133 1176 ὃς
1158 1137 1237 1177 τᾶς
1261 1138 1502 1178 Σκυθικοῖς
1527 1139 1612 1183 (Km
1639 1151 1724 1174 σκυ-

202 1178 335 1226 θικὰς,
361 1186 438 1222 τοῖς
462 1183 673 1222 Σκυθικοῖς
698 1182 736 1217 Μ
761 1193 837 1218 var.
863 1183 948 1218 lect.
969 1183 1015 1228 R)
1041 1181 1233 1228 μεδὲεις.
1277 1184 1418 1219 Eadem
1445 1185 1581 1222 Eudoe.
1602 1189 1658 1223 86.
1679 1207 1724 1212 --

204 1224 224 1263 ὃ
253 1228 400 1274 scripsi,
428 1227 570 1264 Seidler
595 1225 626 1273 ὁ,
653 1229 850 1274 legebatur
875 1225 932 1274 ὃς,
959 1230 1004 1265 cf.
1032 1230 1079 1265 ad
1105 1230 1147 1266 fr.
1177 1235 1206 1266 1.
1235 1252 1277 1256 —
1305 1229 1430 1276 μέδεις
1456 1231 1615 1277 Seidler‚
1640 1233 1727 1269 libri

203 1274 360 1321 μεδέεις.
382 1296 425 1301 ——
451 1276 686 1321 ydescripsi,
712 1276 907 1322 legebatur
926 1277 1001 1318 τᾶς.
1039 1277 1183 1313 Pariter
1201 1278 1240 1313 in
1258 1277 1352 1323 App.
1372 1279 1485 1316 Anth.
1508 1283 1574 1316 107
1600 1281 1725 1327 legen-

204 1323 291 1357 dum
318 1324 398 1358 οἵδε
425 1323 490 1358 καὶ
510 1320 659 1358 Ἑλλάδι
684 1323 731 1371 γᾷ
759 1322 992 1359 δουλοσύναν
1019 1323 1168 1370 ἔπορον,
1196 1325 1262 1360 ubi
1287 1323 1356 1360 τὰν
1381 1326 1570 1372 scriptum.

298 1370 356 1406 Fr.
383 1374 460 1416 49„
491 1370 612 1407 Schol.
638 1369 743 1406 Pind.
769 1370 898 1408 Isthm.
925 1371 960 1406 Π
990 1376 1046 1407 17:
1091 1369 1324 1418 Χρήματα,
1363 1370 1552 1419 χρήματ’
1592 1371 1723 1420 ἀνήρ·

204 1417 314 1452 τοῦτο
346 1414 610 1462 άναγράφεται
641 1415 711 1463 μὲν
742 1416 795 1462 εἰς
825 1415 892 1458 τὰς
921 1419 1123 1464 παροιμίας
1154 1415 1218 1455 ὑπ’
1248 1417 1377 1465 ἐνίων,
1412 1417 1649 1467 ἀπόφθεγμα
1681 1421 1724 1458 δέ

204 1462 303 1499 ἐστιν
325 1461 603 1510 Ἀριστοδήμου,
640 1462 819 1510 καθάπερ
858 1465 951 1510 φησὶ
975 1464 1193 1511 Χρύσιππος
1224 1463 1265 1502 ἕν
1297 1467 1347 1513 τῷ
1379 1467 1466 1513 περὶ
1497 1469 1724 1515 παροιμιῶν·

204 1513 337 1547 τοῦτον
363 1510 405 1547 δὲ
432 1509 498 1547 τὸν
520 1508 777 1558 Ἀριστόδημον
803 1514 995 1558 Πίνδαρος
1019 1511 1088 1558 μὲν
1114 1510 1159 1548 οὗ
1185 1515 1335 1559 τίθησιν
1368 1511 1407 1558 ἐξ
1439 1511 1640 1561 ὀνόματος,
1676 1513 1726 1557 ὡς

204 1556 317 1604 δήλου
351 1556 476 1603 ὄντος,
508 1554 551 1599 ὅς
583 1556 682 1595 ἔστιν
709 1557 728 1594 ὃ
755 1560 864 1596 τοῦτο
898 1558 1032 1604 εἰπών,
1061 1558 1183 1618 μόνον
1215 1559 1256 1596 δὲ
1284 1558 1535 1607 ἔσημειώσατο
1560 1560 1628 1608 τήν
1653 1577 1723 1598 πα-

203 1607 323 1649 τρίδα,
349 1603 406 1641 ὅτι
429 1603 599 1651 Ἀργεῖος·
622 1603 820 1649 Ἀλκαῖος
847 1605 888 1643 δὲ
909 1607 974 1643 καὶ
997 1606 1037 1643 τὸ
1058 1621 1179 1654 ονομα
1198 1608 1263 1643 καὶ
1282 1606 1350 1654 τὴν
1375 1611 1539 1655 πατρίδα
1563 1612 1726 1656 τίθησιν,

205 1650 274 1688 οὐκ
296 1650 433 1698 Ἄργος,
466 1651 558 1688 ἀλλὰ
585 1651 782 1699 Σπάρτην·
807 1650 874 1695 ⁰529
898 1652 969 1700 γὰρ
995 1652 1134 1700 δήποτε
1163 1655 1278 1700 φασὶν
1301 1652 1558 1702 Ἀριστόδημον
1586 1655 1627 1693 ἐν
1652 1659 1724 1694 Σπ.

202 1699 314 1745 λόγον
342 1697 411 1736 οὐκ
437 1697 661 1747 ἀπάλαμνον
686 1700 807 1737 εἰπεῖν
833 1705 907 1738 κτλ.
957 1702 1096 1738 Eadem
1121 1702 1229 1749 Diog.
1255 1703 1376 1738 Laert.
1404 1704 1419 1738 I
1445 1707 1502 1751 31X,
1528 1704 1593 1740 ubi
1618 1702 1668 1745 ὡς
1692 1718 1725 1750 γ.

204 1749 237 1783 δ.
266 1744 332 1793 Ἀρ.
364 1744 409 1783 ὅν
441 1760 558 1792 φασιν
591 1744 660 1787 οὐκ
691 1745 754 1784 άπ.
790 1746 832 1784 ἐν
864 1751 909 1786 Σ.
934 1746 1047 1794 λόγον
1078 1748 1200 1785 εἰπεῖν
1227 1778 1235 1786 .
1262 1778 1270 1785 .
1298 1779 1305 1785 .
1333 1747 1469 1792 ἐσθλὸς
1505 1752 1599 1796 (cod.
1626 1751 1726 1788 Mon.

206 1792 326 1839 ἐσλός)
351 1795 473 1831 verbis
499 1793 590 1830 οὐδὲ
611 1797 729 1840 τίμιος
753 1796 908 1834 omissis.
942 1796 994 1832 Cf.
1016 1796 1148 1832 Suidas
1175 1809 1208 1833 v.
1229 1795 1411 1843 χρήματα,
1437 1795 1593 1844 χρήματ’
1615 1796 1725 1845 ἀνήρ,

203 1838 379 1898 πενιχρὸς
404 1838 441 1876 δ’
470 1839 647 1878 οὐδέποτ’
678 1840 813 1884 ἐσθλὸς
838 1872 846 1879 .
873 1871 881 1879 .
909 1873 916 1880 .
943 1844 1008 1879 καὶ
1030 1840 1206 1885 Ἀλκαῖος·
1239 1842 1288 1885 ὡς
1313 1842 1383 1890 γὰρ
1410 1842 1545 1891 δήποτ’
1569 1842 1723 1891 Ἀριστό-

204 1890 324 1934 δημον
351 1901 467 1933 φασιν
495 1887 535 1924 ἐν
555 1891 599 1925 Σ.
622 1887 690 1925 οὐκ
710 1886 746 1925 οἳ.
769 1893 800 1927 λ.
821 1889 942 1927 εἰπεῖν
967 1888 1139 1937 χρήματα
1164 1890 1229 1927 καὶ
1253 1889 1298 1926 τὰ
1326 1888 1421 1937 ἑξῆς.
1461 1893 1626 1939 Respicit
1650 1894 1725 1929 huc

205 1936 341 1972 Zenob.
356 1936 407 1971 VI
421 1940 466 1971 43
485 1937 612 1981 ibique
631 1936 781 1982 interpr.
801 1938 929 1974 Arsen.
950 1941 1030 1974 476.
1066 1939 1231 1984 Apostol.
1251 1938 1372 1974 XVIII
1391 1943 1447 1974 32.
1473 1940 1724 1986 Paroemiogr.

204 1982 246 2017 Τ.
272 1982 306 2017 II
331 1994 365 2028 p.
395 1987 473 2019 129.
523 1984 694 2019 Fortasse
729 1986 855 2020 autem
886 1986 957 2020 hoc
982 1985 1024 2020 fr.
1053 1985 1149 2021 sicut
1173 1985 1216 2020 fr.
1243 1990 1286 2021 51
1318 1985 1455 2022 rectius
1487 1987 1724 2033 adscripseris

204 2029 419 2065 Stasiom'cis.
472 2030 621 2067 Cori-exi
651 2031 743 2066 haec
772 2031 880 2067 iustis
911 2043 1083 2068 versuum
1114 2033 1278 2068 numeris
1312 2033 1502 2069 restitutis.
1537 2055 1580 2060 —
1618 2034 1662 2071 V.
1691 2040 1724 2070 1.

203 2073 312 2121 φαισ’
340 2078 378 2112 et
403 2090 435 2113 v.
457 2082 477 2112 2
504 2079 615 2123 εἴπην
635 2077 776 2123 (εἰπῆν)
803 2078 1070 2123 Schneidewin,
1096 2080 1291 2125 legebatur
1316 2080 1433 2124 φασὶν
1459 2081 1497 2116 et
1521 2079 1654 2118 εἰπεῖν.
1678 2102 1722 2108 -

203 2123 247 2159 V.
273 2128 306 2160 2.
334 2121 439 2165 ἐσλὸς
464 2125 579 2161 schol.
605 2125 711 2160 Pind.
737 2127 774 2160 et
800 2126 880 2161 cod.
906 2127 1050 2163 Monac.
1076 2126 1198 2172 Diog.,
1225 2124 1359 2167 ἐσθλὸς
1383 2127 1492 2173 Diog.
1518 2129 1557 2163 et
1582 2127 1722 2165 Suidas.

297 2171 354 2208 Fr.
381 2175 437 2208 50.
487 2173 618 2208 Alcaei
641 2172 743 2208 haud
768 2172 878 2208 dubie
911 2174 996 2209 sunt
1026 2184 1154 2209 versus
1185 2175 1241 2218 (ut
1264 2173 1342 2209 iam
1366 2174 1455 2210 olim
1481 2175 1624 2220 monui,
1659 2176 1726 2212 ubi

202 2218 422 2263 fragmentis
446 2219 635 2265 adespotis
661 2219 830 2264 inserui),
865 2231 956 2265 quos
982 2220 1136 2256 adhibet
1159 2220 1370 2257 Demetrius
1395 2221 1481 2267 περὶ
1505 2220 1723 2269 ποιημάτων

201 2264 283 2300 Vol.
309 2266 456 2302 Hercul.
483 2265 548 2302 Ox.
575 2266 591 2300 I
620 2271 703 2302 122;
738 2268 862 2312 ιδαρισ
885 2270 890 2311 Ι
912 2288 955 2293 -
981 2270 1045 2304 νλ.
1061 2280 1146 2303 εναι
1167 2295 1174 2303 .
1196 2297 1204 2304 .
1224 2282 1275 2303 vm
1299 2269 1304 2314 Ι
1327 2297 1334 2305 .
1357 2297 1364 2304 .
1386 2270 1521 2312 δεκενη
1548 2290 1592 2295 -
1618 2282 1685 2307 σπε
1716 2270 1723 2318 Ι

203 2339 210 2346 .
226 2340 234 2348 .
250 2340 258 2347 .
274 2339 282 2347 .
298 2325 410 2358 ρενας
435 2326 535 2354 οινος
561 2314 787 2360 οτδιΙωτοιος
812 2327 919 2350 καπω
945 2328 1017 2361 γαρ
1042 2315 1226 2362 κεφαξλαν
1245 2328 1464 2365 κατισχοτον
1489 2317 1564 2353 ,Ρον
1586 2318 1592 2362 Ι
1613 2319 1723 2364 θαμα

200 2362 327 2405 θυμον
353 2374 564 2407 αιτιαμενοι
585 2363 591 2406 Ι
619 2362 928 2407 πεδαπετομενας
949 2363 955 2408 Ι
982 2364 1315 2408 τακετητοδουκετι
1336 2365 1341 2408 Ι
1365 2390 1490 2400 ......
1505 2377 1546 2399 εν
1571 2376 1621 2410 πρ
1636 2393 1643 2400 .
1658 2394 1666 2402 .
1681 2378 1723 2400 αι

280 2409 285 2451 Ι
307 2411 551 2443 τωκαι.λυτα
577 2422 699 2454 καιρυ.
748 2409 890 2444 Eadem
914 2421 1032 2455 nuper
1056 2409 1219 2455 repetita
1243 2411 1330 2446 sunt
1354 2410 1436 2446 Vol.
1461 2411 1609 2447 Hercul.
1636 2412 1720 2448 coll.

200 2454 266 2490 alt.
293 2454 333 2490 T.
355 2454 398 2490 V.
428 2459 471 2491 19
497 2467 570 2491 non
596 2455 674 2491 sine
700 2455 903 2502 scripturae
928 2457 1109 2493 varietate
1137 2459 1272 2503 Ιλαρις
1293 2460 1298 2502 Ι
1321 2470 1495 2503 -νμεν
1521 2459 1559 2492 ΣΙ
1588 2479 1631 2484 -
1657 2472 1689 2494 ν.
1712 2458 1718 2506 Ι

202 2522 245 2526 -
267 2502 404 2547 δεκονη
419 2523 462 2527 —
478 2515 545 2538 σπε
569 2504 575 2548 Ι
597 2523 641 2529 -—
659 2516 727 2544 νας
750 2506 861 2544 θινος
879 2505 960 2539 οτδι
983 2504 986 2550 Ι
1004 2506 1017 2536 Χ
1035 2525 1077 2529 —-
1104 2517 1143 2544 ος
1168 2517 1268 2539 κατω
1293 2517 1364 2550 γαρ
1389 2504 1572 2551 κεφαΙλαν
1591 2516 1722 2552 κατιοχ

202 2569 245 2574 -
260 2562 279 2583 τ
293 2570 336 2574 -
351 2550 488 2596 γονζθα
507 2552 686 2595 μαθυμον
701 2550 933 2598 ἀιτιαμεΙνος
951 2564 997 2586 πε
1014 2579 1022 2587 .
1037 2564 1270 2597 ατουομενας
1286 2551 1290 2599 Ι
1307 2564 1467 2587 τακει-
1478 2553 1697 2597 ητοδουκετι
1713 2553 1717 2600 Ι

202 2616 245 2621 —-
273 2608 357 2631 ενπι
384 2617 426 2622 —
453 2610 478 2631 α
500 2599 505 2641 Ι
527 2600 802 2633 τωκαιτΛυτα
827 2611 949 2644 καιρυ.
987 2598 1089 2642 Quae
1114 2598 1153 2633 in
1177 2597 1248 2634 hoc
1273 2599 1425 2635 chartae
1449 2598 1566 2635 frusto
1590 2599 1720 2644 legun-

200 2643 278 2688 tur,
311 2643 435 2679 omnia
466 2645 599 2690 poetae
631 2645 868 2681 attribuenda
899 2647 1001 2688 sunt,
1036 2647 1184 2691 praeter
1213 2645 1413 2681 novissima
1437 2646 1566 2690 verba,
1597 2646 1653 2682 ita
1677 2649 1720 2683 ut

202 2689 335 2734 opinor
359 2691 593 2737 corrigenda:
619 2691 684 2726 καὶ
709 2689 754 2727 τὰ
782 2689 877 2728 αὐτὰ
904 2693 969 2728 καὶ
987 2690 1198 2741 ”Ιβυ(κος).
1249 2692 1446 2728 Praeterea
1470 2693 1622 2738 respicit
1645 2693 1716 2730 De-

201 2737 356 2772 metrius
395 2737 463 2774 hos
501 2750 628 2774 versus
661 2751 695 2784 p.
725 2743 790 2774 122
818 2740 873 2775 ed.
901 2739 1033 2785 Oxon.,
1071 2752 1107 2785 p.
1134 2743 1179 2775 20
1205 2739 1261 2777 ed.
1287 2738 1461 2785 Neapol„
1498 2739 1563 2775 ubi
1599 2740 1718 2777 iustus

203 2783 413 2819 chartarum
440 2786 530 2822 ordo
558 2789 723 2822 servatus
757 2798 836 2822 esse
867 2787 1031 2832 videtur,
1062 2787 1126 2822 sed.
1157 2797 1251 2831 quae
1281 2786 1351 2822 hac
1381 2786 1520 2832 pagina
1545 2787 1718 2833 leguntur

202 2840 312 2875 aegre
345 2832 535 2877 expedias,
567 2845 600 2869 v.
627 2837 648 2868 2
674 2846 732 2869 νει
757 2845 849 2879 φησι
875 2847 945 2879 φρε
978 2854 1021 2861 ———
1056 2846 1091 2871 v.
1117 2837 1150 2870 5.
1175 2846 1197 2868 ν
1222 2854 1265 2860 -
1292 2834 1584 2878 ογαρουδιωπων
1606 2835 1612 2880 Ι
1633 2847 1719 2870 αντι

200 2889 316 2922 τουμη
350 2881 553 2926 φευγομεΙν
589 2901 628 2906 -—
661 2883 728 2925 λητ
760 2901 804 2907 -
830 2894 871 2916 αι
897 2902 936 2907 -
966 2895 1104 2927 τοτεφη
1133 2883 1137 2926 Ι
1167 2901 1210 2907 -
1237 2893 1292 2922 οις
1320 2883 1492 2926 λεγουσιν
1523 2893 1616 2927 μετα
1643 2883 1649 2928 Ι
1672 2902 1716 2909 —-
