1864 3126
846 763 1042 807 XXVII.
1615 773 1704 806 1201

669 848 714 919 T
732 872 758 919 1
775 872 827 919 M
848 869 891 919 o
914 870 954 920 o
972 871 1019 919 R
1037 870 1079 918 E
1102 870 1146 920 o
1167 871 1227 919 N.
1730 843 1735 847 ’

822 1199 1068 1250 Stropha
1858 1218 1864 1239 ι

249 1292 461 1315 -Δυυ-
484 1294 982 1313 -----------
1005 1289 1030 1312 Ξ
1859 1310 1864 1331 4

249 1349 698 1374 Low—uu-k-J-u
720 1354 933 1372 -----
956 1348 981 1371 Ξ
1859 1358 1864 1387 ἶ

250 1408 583 1433 ,ιυυ-ω-κΛ
1856 1413 1864 1464 ⁴

249 1467 1031 1494 Ξέυυ-υυ-ᾺΔυ---Ι-υ-ξέ
1855 1465 1864 1519 i

1859 1522 1864 1549 2

839 1567 1072 1619 Epodus

251 1659 1033 1683 ..-υυ-υυ-,ιυ-...ι-υ--

251 1716 986 1742 Δυυ-υυ--ιυ-Ὰέυ--

253 1782 561 1802 ..uo-uu-

253 1835 1035 1862 ...Δυ--Δυ---ιυ-ΞΔυ--

297 1968 575 2003 Timocreon.
626 1966 682 2003 Fr.
711 1971 741 2002 1.
767 1967 864 2002 Plut.
886 1966 950 2003 vit.
978 1965 1218 2002 Themistocl.
1245 1977 1274 2001 c.
1296 1970 1358 2001 21:
1387 1964 1652 2011 Τιμοκρέων
1678 1962 1716 2001 δ’

198 2029 218 2051 ο
240 2012 412 2055 Ῥόδιος
436 2011 682 2060 μελοποιὸς
707 2010 748 2049 έν
774 2010 914 2062 ᾄσματι
939 2011 1180 2049 καθάπτεται
1203 2010 1427 2057 πικρότερον
1451 2013 1518 2048 τοῦ
1541 2014 1717 2058 Θεμιστο-

198 2060 340 2107 κλέους,
366 2059 416 2103 ὡς
441 2059 575 2102 ἄλλους
600 2059 669 2107 μὲν
696 2059 756 2096 ἐπὶ
783 2057 942 2106 χρήμασι
967 2058 1143 2105 φυγάδας
1173 2058 1479 2116 διαπραξαμένου
1505 2062 1718 2103 κατελθεῖν,

197 2107 316 2146 αὐτὸν
343 2108 385 2145 δὲ
412 2108 524 2152 ξένον
549 2106 641 2144 ὄντα
668 2108 731 2144 καὶ
750 2109 860 2153 φίλον
879 2106 1090 2154 προεμένου
1110 2103 1162 2142 δι’
1184 2103 1380 2153 ἄργυριον·
1407 2105 1507 2153 λέγει
1524 2104 1561 2142 δ’
1584 2103 1717 2148 οὕτως·

196 2155 282 2193 Ἀλλ’
311 2159 384 2192 κτλ.
433 2156 588 2192 Numeri
613 2156 797 2201 quomodo
824 2155 1049 2191 discribendi
1079 2153 1172 2199 sint,
1204 2155 1313 2190 valde
1344 2154 1571 2194 dissentiunt
1600 2153 1719 2189 homi-

200 2217 264 2241 nes
284 2203 396 2247 docti,
423 2204 489 2239 alii
509 2203 621 2239 aliter
640 2203 923 2247 constituerunt,
947 2203 1052 2238 velut
1071 2201 1220 2238 Boeckh
1238 2202 1277 2237 in
1300 2202 1491 2247 prooemio
1509 2201 1595 2237 lect.
1610 2201 1720 2237 Bero-

200 2252 263 2288 lin.
293 2255 395 2295 1833,
422 2251 611 2286 Hermann
635 2250 675 2285 in
698 2249 818 2286 Praef.
846 2249 942 2295 Epit.
970 2250 1084 2285 doctr.
1110 2250 1217 2285 metr.
1236 2261 1273 2295 p.
1291 2248 1413 2284 XVIII
1439 2249 1494 2284 ed.
1515 2253 1549 2293 2,
1574 2249 1721 2284 Ahrens

200 2300 239 2335 in
263 2298 356 2334 Mus.
387 2298 504 2334 Rhen.
531 2298 566 2333 II
590 2302 659 2334 457
682 2309 759 2343 seq.
792 2298 830 2332 et
854 2297 951 2333 Dial.
978 2296 1062 2333 Dor.
1095 2300 1176 2342 477,
1208 2296 1272 2341 qui
1308 2295 1510 2342 stropham,
1545 2295 1719 2332 antistro—

200 2347 315 2392 pham
348 2347 385 2381 et
415 2345 576 2391 epodum
607 2345 773 2391 integras
805 2355 994 2391 superesse
1020 2343 1148 2387 credit,
1182 2343 1340 2388 denique
1374 2343 1546 2388 Hartung
1575 2343 1613 2378 in
1645 2345 1734 2378 tres-

201 2393 373 2439 strophas
393 2392 597 2438 dispescuit
615 2392 838 2437 aequabiles.
866 2391 970 2427 Adde
984 2391 1057 2427 huc
1070 2392 1118 2427 M.
1135 2390 1306 2426 Schmidt
1317 2390 1426 2426 Pind.
1440 2390 1494 2426 Ol.
1511 2402 1545 2435 p.
1559 2389 1720 2427 LXXVI.

201 2441 280 2486 Ego
313 2452 409 2476 nunc
440 2439 612 2476 Ahrensii
637 2439 917 2485 discriptionem
948 2449 1096 2484 sequor:
1129 2439 1274 2474 constat
1307 2448 1455 2473 carmen
1485 2437 1605 2474 tribus
1629 2438 1720 2473 stro-

201 2489 287 2533 phis
312 2489 576 2532 quaternorum
601 2498 784 2531 versuum,
810 2497 929 2531 neque
953 2497 1040 2522 vero
1067 2486 1125 2521 est
1149 2482 1421 2531 μονόστροφον,
1455 2486 1499 2520 ut
1521 2485 1667 2520 Har-tun
1697 2495 1719 2519 o

198 2535 333 2579 visum,
352 2535 417 2570 sed
435 2534 547 2570 tertia.
565 2534 719 2580 stropha
738 2533 848 2580 epodi
873 2534 954 2570 vice
978 2533 1156 2579 fungitur,
1183 2543 1409 2578 quamquam
1434 2542 1551 2578 prope
1575 2541 1662 2567 acce
1690 2530 1722 2565 it

201 2593 439 2618 numerorum
464 2581 606 2628 species
631 2582 679 2618 ad
704 2581 843 2627 priores
870 2579 1058 2626 strophas:
1084 2590 1171 2615 nam
1196 2592 1230 2615 v.
1254 2584 1270 2615 1
1299 2581 1337 2615 et
1356 2583 1377 2614 2
1404 2578 1560 2614 eandem
1585 2576 1722 2622 ubique

202 2630 363 2665 formam
388 2629 597 2673 ostendunt,
625 2629 690 2664 sed
715 2629 826 2674 epodi
850 2640 884 2664 v.
911 2632 932 2663 3
958 2627 1146 2673 semipede
1170 2627 1290 2662 minor
1314 2628 1382 2671 est,
1406 2638 1442 2662 v.
1468 2629 1492 2660 4
1518 2626 1622 2667 totus
1646 2626 1721 2660 tro-

204 2676 342 2712 chaicis
368 2676 531 2722 dipodiis
556 2677 712 2720 constat,
737 2677 778 2711 at
802 2676 842 2711 in
859 2675 1056 2711 novissimo
1081 2686 1191 2710 versu
1215 2674 1387 2720 strophae
1407 2673 1446 2708 et
1463 2671 1722 2717 antistrophae

205 2723 346 2770 dactyli
371 2735 455 2759 cum
479 2723 664 2760 trochaeis
690 2722 960 2759 consociantur.
1010 2721 1178 2757 Modicus
1203 2721 1437 2766 stropharum
1464 2718 1640 2755 circuitus
1664 2721 1721 2754 ut-

204 2772 291 2815 pote
315 2771 354 2805 in
380 2771 544 2807 carmine
569 2770 822 2807 breviusculo:
853 2780 939 2805 nam
970 2769 1158 2814 integrum
1184 2769 1241 2804 est
1271 2778 1430 2809 carmen,
1461 2766 1561 2811 quod
1593 2778 1720 2811 quem-
1800 2798 1822 2808 ,ἡ

205 2817 404 2853 admodum
429 2818 629 2863 pleraeque
655 2815 925 2853 Timocreontis
951 2815 1211 2852 cantiunculae
1249 2813 1524 2851 convivantium
1557 2813 1722 2850 oblecta·
1791 2815 1819 2857 ‘s

205 2863 300 2901 tioni
324 2865 396 2900 fuit
421 2865 665 2910 destinatum3
691 2865 734 2901 fr.
762 2869 781 2900 7
809 2865 937 2910 aperte
961 2860 1111 2900 σκολιὸν
1136 2864 1300 2910 vocatur,
1319 2860 1394 2898 vid.
1413 2859 1601 2907 Aristoph.
1628 2860 1718 2897 Ach.
1744 2886 1750 2889 -
1808 2871 1823 2911 ’,ιι
