1864 3126
195 118 282 160 344
544 144 546 147 -
761 119 954 159 POETAE
980 118 1156 160 MELICI.

943 229 981 271 2.

830 310 921 352 Τοῦ
953 306 1093 352 αὐτοῦ

197 393 330 448 Λόγος
369 396 422 443 εἰς
459 392 528 435 τὸν
563 392 880 447 ὑπερφυέστατον
919 396 1119 448 Ζαχαρίαν
1155 393 1223 437 τὸν
1254 401 1391 438 Δοῦκα
1426 395 1495 439 τὸν
1526 395 1719 439 Ἀσκαλω-

198 461 324 512 νίτην·
366 460 441 513 ἔχει
479 459 522 500 δέ
557 475 644 500 τινα
681 459 749 500 καὶ
786 462 840 510 εἰς
875 458 943 502 τὸν
979 461 1383 515 μεγαλοπρεπέστατον
1420 464 1619 518 Ζαχαρίαν
1643 455 1723 504 ψτὸν

630 527 796 574 Γαζαῖον
826 523 1001 579 παρόντα
1031 529 1076 582 τῇ
1109 523 1302 580 ἀκροάσει.

537 606 580 649 Ὁ
611 606 725 664 λόγος
757 606 1013 663 στρατηγικὴν
1043 606 1176 664 λαβὼν
1208 610 1402 662 ἐξουσίαν,

542 677 706 728 θαρρῶν
737 671 888 727 πρόεισι
917 678 970 731 τῷ
1003 678 1201 731 στρατηγῷ
1233 675 1463 730 συντρέχων.

307 754 403 798 Ἀπὸ
436 754 632 810 φοιβάδος
663 758 843 810 μελίσσης
1065 749 1228 812 Παφίης
1258 756 1371 812 χάριν
1400 760 1583 812 κομίζων,

283 822 561 876 πεφορημένον
592 838 651 874 με,
682 825 862 874 Μοῦσαι,
1066 820 1142 864 σὺν
1172 823 1258 876 ἐμοὶ
1289 821 1452 876 κρότους
1482 821 1630 878 βοήσει.

249 885 527 940 5πολιηόχοισι
557 885 703 940 κώμοις
1009 898 1051 929 15
1094 892 1297 941 Στρατιῆς,
1328 887 1469 942 μάκαρ,
1493 887 1698 943 κρατήσας,

284 951 497 1007 πολιήοχον
529 954 691 994 δονεῖτε·
1068 950 1197 1005 σοφὸν
1226 951 1394 1006 ἱππότην
1426 952 1599 1008 διδάξας,

307 1015 351 1059 Ὁ
383 1018 426 1059 δὲ
458 1021 552 1067 νοῦς
584 1015 674 1066 ὅλος
705 1013 881 1071 χορεύων
1067 1016 1109 1059 τὸ
1143 1018 1186 1060 δὲ
1217 1016 1334 1068 πεζὸν
1363 1016 1580 1072 ἡμερώσας,

286 1081 580 1137 ὃμοτερπέεσσιν
611 1081 762 1137 αὔραις,
1068 1084 1128 1137 ἔχε
1159 1086 1337 1136 μείζονας
1366 1082 1562 1134 θοώκους.

284 1147 467 1203 καθαρὸν
498 1149 611 1202 μέλος
640 1146 834 1189 τινάσσων
1097 1147 1237 1190 Πόθεν
1255 1143 1354 1202 ἦλθε
1370 1152 1530 1203 Φοῖβος,
1543 1147 1699 1203 ἄνδρες,

230 1224 271 1255 10
285 1218 452 1270 καθαρῷ
483 1214 595 1267 μέλος
626 1215 787 1267 κομίζοι.
1007 1223 1052 1255 20
1065 1211 1205 1267 κράτος
1228 1212 1363 1267 ’Ἀρεος
1393 1212 1600 1267 κεράσσαςς

308 1277 353 1320 Ὁ
379 1276 416 1320 δ’
438 1278 560 1333 ’Ἁρης
585 1277 684 1329 ἅναξ
711 1276 731 1320 ὁ
757 1282 918 1333 σῶφρον
1068 1276 1089 1321 ὁ
1125 1279 1168 1320 δὲ
1201 1282 1350 1333 Φοῖβος
1381 1277 1496 1328 ἄλλος
1527 1277 1642 1334 ἐγγύς

289 1344 567 1399 δεδιδαγμένος
597 1342 791 1399 γελάσσαι,
1071 1343 1191 1386 πάλιν
1221 1345 1366 1394 εἴκελος
1396 1342 1576 1397 φαάνθη.

954 1463 992 1504 3.

843 1546 932 1589 Τοῦ
965 1541 1106 1588 αὐτοῦ

289 1626 578 1684 Ἐπιθαλάμιος
609 1630 854 1684 σχεδιασθεὶς
885 1631 939 1679 εἰς
968 1627 1037 1671 τὸν
1066 1628 1394 1683 θαυμασιώτατον
1420 1628 1644 1672 Ἀνατόλιον

576 1693 760 1736 Φαύστου
790 1692 837 1736 τὰ
868 1698 1001 1749 πρῶτα
1033 1694 1202 1748 φέροντα
1232 1690 1399 1749 Γάζης.’

485 1783 528 1850 ᾩ
558 1783 673 1840 λόγος
704 1781 893 1839 ἐρωτικὴν
924 1782 1109 1839 ἐπιγνοὺς
1139 1786 1362 1838 παρρησίαν

489 1851 615 1903 ἦλθεν
645 1848 821 1904 χορεύων
853 1846 905 1900 ὦς
936 1847 1124 1900 δεδοικὼς
1154 1848 1246 1899 τοὺς
1275 1847 1441 1900 πόθους.

318 1930 519 1985 Γλυκερὸς
537 1931 696 1986 πάρεστι
713 1936 844 1986 κῶμος
858 1941 950 1974 1082
1071 1930 1405 1987 στεφανηφόροισι
1435 1933 1568 1986 μέλπει

291 1997 528 2051 νεολαμπέος
558 1995 744 2052 γαλήνης,
1017 2007 1059 2039 10
1074 1995 1148 2040 δύο
1179 1995 1412 2052 φωσφόροις
1441 2003 1592 2052 μνγεΐσι.

256 2072 276 2104 5
291 2061 350 2104 ὅτι
379 2060 452 2115 τὴν
483 2062 578 2104 νέαν
608 2060 811 2116 Κυθήρην
1107 2061 1207 2105 Δότε
1238 2080 1305 2116 μοι
1334 2061 1469 2105 πόθου
1499 2058 1692 2105 κύπελλον

295 2127 469 2169 Φαέθων
499 2128 588 2178 νέος
618 2130 774 2181 κομίζει.
1074 2132 1264 2183 γλυκερίῗς
1295 2126 1421 2184 βρύον
1453 2129 1645 2182 μελίσσης,

308 2192 434 2234 ’Ὅθεν
464 2190 490 2247 ἡ
521 2191 633 2243 πόλις
663 2191 705 2235 τὸ
738 2194 882 2249 φέγγος
1075 2195 1142 2235 ἴνα
1171 2191 1243 2243 τὰς
1273 2193 1422 2248 φρένας
1452 2191 1663 2234 συνάπτων

294 2257 593 2314 φιλοπαννύχου
624 2261 778 2314 χορείας
1075 2261 1321 2314 νεονυμφίον
1350 2257 1533 2314 χορεύσω.

304 2398 490 2434 Ioannis
517 2409 667 2434 carmen
691 2402 724 2434 2.
769 2398 884 2434 Extat
908 2410 968 2444 ap.
993 2397 1231 2444 Matrangam
1255 2401 1335 2435 633.
1363 2419 1406 2423 —
1439 2397 1484 2435 V.
1509 2402 1542 2434 2.
1568 2398 1736 2444 θαρρῶν,

211 2447 240 2482 Β
266 2449 367 2493 θαρρ
371 2443 434 2482 ών.
464 2466 507 2471 -
534 2446 577 2481 V.
605 2449 636 2481 8.
665 2442 953 2503 ὃμοτερπέεσσιν
981 2445 1123 2503 scripsi,
1151 2446 1179 2480 B
1204 2443 1529 2491 νομοτερπέεσσιν,
1555 2445 1600 2481 cf.
1622 2456 1734 2481 carm.

211 2498 334 2540 3,17,
366 2494 429 2529 sed
456 2493 565 2528 credo
598 2495 755 2550 utroque
781 2493 864 2529 loco
890 2491 1141 2539 ὁλοτερπὴς
1172 2492 1429 2547 corrigendum
1456 2493 1480 2528 i.
1512 2504 1542 2530 e.
1576 2505 1734 2538 παντερ-

210 2539 292 2587 πής,
312 2553 400 2577 nam
420 2537 664 2586 φιλοτερπης,
685 2552 758 2597 quo
779 2541 961 2577 vocabulo
979 2541 1040 2577 hic
1059 2542 1171 2586 poeta
1191 2539 1284 2577 alias
1303 2540 1432 2584 utitur,
1451 2539 1572 2576 minus
1592 2541 1734 2586 aptum.

212 2611 255 2615 -—
281 2589 326 2624 V.
349 2592 403 2624 11.
430 2588 594 2633 σῶφρον,
620 2588 648 2622 Β
674 2585 846 2645 σώφρων.
874 2609 916 2614 -
943 2587 988 2624 V.
1011 2553 1083 2624 14.p
1093 2585 1232 2634 βοήσει,
1258 2588 1341 2624 fort.
1370 2585 1437 2636 βοή
1441 2599 1513 2624 σαι.
1543 2607 1585 2612 -
1611 2587 1656 2623 Ὺ.
1678 2590 1734 2623 15.

212 2633 401 2683 κρατήσας
426 2635 610 2679 Picoolos‚
643 2636 672 2670 B
697 2633 891 2681 κροτήσας.
918 2657 960 2662 -
988 2636 1031 2673 V.
1058 2639 1114 2672 22.
1142 2636 1286 2676 εἴκελος
1310 2635 1357 2681 Β,
1383 2601 1578 2680 Matranga
1603 2635 1733 2676 ἴκελος.

306 2729 488 2766 Ioannis
515 2741 627 2767 carm.
655 2735 686 2765 3.
732 2730 846 2766 Extat
876 2741 924 2776 ap
957 2730 1205 2788 Matrangam
1231 2733 1311 2766 634.
1344 2750 1388 2756 —
1418 2728 1462 2764 Ὺ.
1490 2733 1522 2765 2.
1555 2726 1736 2770 δεδοικὼς
1803 2758 1809 2761 .

212 2779 426 2824 Matmuga,
459 2775 632 2818 δεδοικὸς
656 2778 698 2814 Β.
731 2798 775 2803 -
807 2776 895 2819 τοὺς
899 2743 1067 2819 Ρπόθους
1092 2777 1141 2821 Β,
1174 2778 1240 2813 τοῦ
1273 2774 1423 2817 πάθους
1447 2777 1661 2832 Massranga.
1691 2797 1734 2802 —
1770 2787 1797 2799 *-

214 2826 257 2862 V.
284 2829 316 2861 4.
349 2824 581 2870 νεολαμπὲος
612 2825 659 2869 Β,
691 2836 765 2860 non
796 2822 1034 2883 νεολάμπεος.
1068 2847 1109 2851 -
1133 2805 1181 2861 Ὺ.
1214 2829 1246 2861 8.
1280 2821 1560 2882 φιλοπαννύχου
1593 2823 1735 2869 scripsi,

218 2873 411 2919 legebatur
437 2853 748 2918 φιλοπαννύχους.
774 2894 813 2898 -
840 2872 883 2909 Ὺ.
904 2877 936 2908 9.
963 2871 1094 2919 μελπει
1119 2873 1325 2918 Μαΐῡϊειιιὲθ,
1350 2871 1380 2906 Β
1399 2869 1527 2917 μέλπε.
1549 2892 1590 2898 -
1618 2870 1662 2906 Ὺ.
1678 2875 1734 2906 14.
