1864 3126
749 139 1001 178 CASTORIO.
1556 138 1644 183 635

747 251 829 284 ΕΙΣ
854 250 1000 284 IIANA.

859 334 899 377 2.

200 414 264 461 Σὲ
295 414 376 461 τὸν
406 420 562 474 βολαῖς
593 416 885 473 νιφοκτύποις
916 418 1209 474 δυσχείμερον

202 486 384 534 ναίονθ’
420 488 572 547 ἕδραν,
603 486 835 546 θηρονόμε
867 486 987 544 Πάν,
1018 485 1152 545 χθόν’
1184 485 1428 544 Ἀρκάδων,
1552 499 1640 532 1281

202 558 352 618 κλήσω
383 561 534 618 γραφῇ
566 556 664 618 τῇδ’
700 560 748 604 ἐν
780 561 900 618 σοφῇ
932 555 1157 616 πάγκλειτ’
1193 561 1274 616 ἔπη

0 695 10 738 ξ,
108 690 224 741 etiam
244 690 426 727 Demetrii
445 689 618 726 Phalerei
637 689 778 726 mentio
798 690 899 726 facta
919 691 987 735 est,
1013 690 1052 726 ιιι
1074 689 1211 726 Bacchi
1236 690 1414 727 honorem
1440 689 1643 726 conditum.

0 748 3 763 ἑ
109 758 154 767 —-
181 738 226 775 V.
255 743 284 774 1.
313 735 470 785 ἐξόχως,
495 737 552 774 ita
576 737 692 774 etiam
717 719 1002 782 Eust.1558‚1',
1029 737 1094 774 sed
1114 738 1141 774 C
1169 735 1307 783 έξόχος.
1324 759 1366 764 -
1388 734 1440 781 δ’,
1467 737 1571 774 Eust.
1591 750 1642 773 τε.

109 783 399 844 -εὖγενέτας,
437 785 468 821 Β
503 783 716 832 εὖγενέτης.
745 806 789 812 -
815 765 1048 832 ἡλιόμορφος
1080 785 1206 830 Kuhn‚
1241 786 1368 831 itaque
1395 786 1498 821 Eust.
1538 783 1642 830 legit,

109 834 224 881 vulgo
249 830 486 889 humanaque..
510 854 555 860 —
581 834 624 869 V.
652 838 685 869 2.
711 838 852 880 τιμαῖς,
877 833 1048 870 Meineke
1067 838 1216 888 τιμαῖσι
1241 833 1408 879 requirit.
1436 854 1479 859 —
1507 832 1643 869 Nescio

109 893 158 919 an
183 892 312 919 versus
338 882 387 919 ad
411 881 576 918 ionicum
601 892 794 917 numerum
820 881 1020 918 revocandi
1046 880 1141 917 sint:

511 949 720 1012 Ἐξόῃως
696 949 735 988 δ’
763 949 965 999 εὐγενέτας
991 949 1221 999 ἡλιόμορφος

514 1002 670 1044 ζαθεοις
694 998 821 1047 ἅρχων
847 1013 887 1037 σε
914 1005 1056 1047 τιμαῖσι
1081 1001 1260 1047 γεραίρει.

108 1074 153 1110 ιιι
170 1072 313 1128 poeta
302 1085 341 1109 ιιι
359 1071 524 1119 primore
542 1083 651 1109 versu
675 1102 699 1108 -
722 1090 748 1107 υ
771 1102 795 1107 -
819 1102 843 1107 -
867 1071 1064 1109 admiserit
1086 1072 1171 1108 loco
1191 1071 1307 1109 ionici
1325 1072 1432 1118 pedis
1456 1091 1481 1107 υ
1505 1090 1530 1107 υ
1554 1103 1576 1108 -
1602 1103 1624 1108 -
1638 1101 1646 1117 ,

109 1133 184 1167 qua
207 1119 362 1157 licentia
385 1121 517 1167 postea
540 1119 682 1166 passim
711 1120 770 1156 nsi
795 1120 882 1156 sunt
907 1121 1250 1156 Anacreonteorum
1273 1122 1419 1166 poetae.
1470 1120 1528 1156 Ad
1555 1131 1644 1156 eun-

107 1169 192 1206 dem
216 1168 371 1204 modum
396 1168 511 1205 etiam
535 1167 806 1224 Aristophanes
831 1167 869 1204 in
900 1167 1081 1204 bacchico
1113 1167 1276 1204 carmine
1307 1168 1400 1205 Ran.
1424 1172 1495 1204 324
1514 1170 1554 1204 et
1573 1173 1641 1204 342

107 1215 289 1254 creticum
307 1215 502 1262 copulavit
520 1227 605 1252 cum
625 1215 757 1253 ionicis
776 1215 945 1273 pedibus
968 1212 1058 1252 ἐλθὲ
1086 1211 1193 1252 τόνδ’
1221 1211 1297 1252 ἀνὰ
1322 1216 1488 1262 λειμῶνα
1514 1229 1643 1262 χορευ-

108 1277 184 1301 σων
215 1263 254 1301 et
285 1262 469 1309 νυκτέρου
501 1264 653 1310 τελετῆς
685 1261 891 1310 φωσφόρος
921 1259 1050 1309 ἀστήρ.
1101 1262 1258 1299 Carmen
1288 1264 1361 1300 hoc
1393 1263 1646 1310 compositum

109 1311 256 1359 Olymp.
282 1311 415 1348 CXVII
440 1315 473 1348 4.

205 1383 264 1420 Fr.
291 1387 324 1419 2.
350 1383 486 1419 Athen
506 1382 541 1418 X
560 1383 691 1419 454F.
720 1381 774 1419 T6
801 1381 843 1419 δὲ
871 1384 1136 1439 Καστορίωνος
1160 1383 1227 1419 τοῦ
1253 1381 1415 1427 Σολέως,
1442 1379 1492 1424 ὡς
1511 1380 1531 1418 ὁ
1553 1381 1646 1419 Κλέ-

109 1429 225 1489 αρχός
250 1442 379 1490 φησιν,
405 1429 459 1472 εἰς
484 1428 550 1467 τὸν
576 1431 690 1467 Πᾶνα
715 1431 860 1489 ποίημα
886 1428 1060 1467 τοιοῦτόν
1087 1428 1204 1467 ἐστιν·
1231 1431 1305 1466 τῶν
1331 1431 1460 1467 ποδῶν
1488 1429 1646 1472 ἕκαστος

110 1475 211 1520 ολοις
243 1476 406 1536 ὀνόμασι
437 1477 739 1536 παρειλημμένος
769 1476 916 1520 πάντας
946 1476 1085 1536 ὁμοίως
1117 1475 1370 1536 ἡγεμονικοὺς
1395 1477 1460 1514 καὶ
1487 1475 1644 1514 ἀκολου·

110 1524 295 1585 θητικοὺς
327 1524 405 1584 ἔχει
436 1524 524 1567 τοὺς
539 1524 688 1583 πόδας,
723 1525 803 1563 οἷον
829 1525 889 1562 Σὲ
922 1523 1001 1562 τὸν
1028 1554 1035 1562 .
1064 1555 1072 1564 .
1102 1539 1186 1572 με
1200 1523 1338 1572 ιλιγμ
1352 1527 1455 1585 ἵης
1505 1525 1571 1562 καὶ
1595 1524 1642 1562 τὰ

109 1572 220 1611 λοιπα
247 1571 314 1610 τὸν
341 1570 460 1610 αὐτὸν
485 1571 637 1631 τρόπον.
675 1572 819 1610 τούτων
846 1570 884 1610 δ’
915 1573 1074 1611 ἕκαστον
1093 1575 1168 1609 τῶν
1188 1575 1318 1610 ποδῶν
1338 1570 1388 1615 ὥς
1406 1587 1455 1609 αν
1475 1574 1518 1621 τῇ
1540 1571 1646 1617 τάξει

108 1623 184 1670 θῇς
208 1619 251 1659 τὸ
277 1618 371 1658 αὐτὸ
399 1620 535 1678 μέτρον
561 1618 771 1679 ἇποδωσει,
798 1617 933 1663 οὕτως·
959 1619 1013 1658 Σὲ
1039 1619 1107 1659 τὸν
1133 1619 1261 1668 βάλοις
1284 1619 1534 1664 νιφοκτύποις
1553 1622 1641 1657 δυσ-

108 1671 300 1730 χείμερον,
337 1666 587 1727 νιφοκτύποις
617 1668 657 1705 σὲ
690 1667 756 1706 τὸν
791 1667 913 1724 βόλοις
938 1671 1196 1716 δυσχείμερον.
1241 1665 1354 1705 καὶ”
1331 1682 1391 1706 οτι
1416 1669 1490 1705 τῶν
1511 1669 1643 1705 ποδῶν

109 1716 267 1760 ἕκαστός
298 1714 433 1754 ἐστιδ
408 1715 735 1775 δεκαγράμματος.
784 1716 851 1753 ubi
875 1717 1210 1774 Schweighaeuser
1239 1717 1317 1753 iam
1347 1718 1435 1753 ante
1463 1716 1645 1753 Cobetum

108 1765 196 1802 Var.
221 1765 323 1802 Lect.
351 1768 419 1800 221
446 1766 546 1801 recte
581 1762 682 1801 ἐστιν
714 1761 979 1811 ἓνδεκαγρά
1021 1777 1163 1812 ματος
1193 1764 1422 1802 emendavit.
1454 1765 1514 1800 tot
1545 1763 1645 1800 enim

107 1812 247 1898 Ιὶιΐᾶοιιε
290 1813 475 1897 elffffffloe.
503 1811 679 1859 dipodiae
723 1813 907 1849 constant.
981 1779 1032 1848 ἕο
1035 1813 1154 1850 rtasse
1203 1812 1371 1849 eiusdem
1414 1811 1645 1849 Castorionis

107 1873 121 1898 1
147 1873 161 1896 1
189 1871 248 1897 em
273 1872 312 1898 es

369 1929 526 1990 Μὲτρον
552 1929 707 1989 φράσον
725 1925 811 1988 μοιΞ
830 1932 905 1968 τῶν
929 1932 1060 1968 ποδῶν
1086 1931 1222 1979 μέτρον
1248 1929 1386 1981 λαβών.

372 1976 430 2017 Οὐ
457 1977 641 2028 βούλομαι
664 1977 736 2027 γὰρ
761 1980 837 2016 τῶν
862 1980 993 2017 ποδῶν
1018 1978 1154 2027 μέτρον
1179 1981 1321 2027 λαβεῖν

110 2053 153 2089 V.
183 2055 213 2087 1.
242 2053 370 2111 βολαῖς
393 2050 584 2095 Meineke,
616 2051 680 2098 leg
681 2051 815 2088 ebatur
840 2049 976 2100 βόλοις.
1003 2073 1047 2079 -
1074 2051 1119 2089 V.
1145 2056 1178 2088 2.
1210 2049 1369 2088 ναίονθ’
1397 2052 1445 2096 L,
1478 2049 1567 2088 νέον
1597 2048 1642 2087 θ’

111 2099 250 2136 ABPV.
277 2120 321 2126 —
349 2098 465 2143 ἕδραν
491 2097 626 2143 Cobet,
653 2110 742 2135 nam
768 2098 870 2143 ἕδος,
897 2099 996 2145 quod
1023 2099 1190 2146 Scaliger
1215 2099 1380 2153 scripsit,
1415 2099 1469 2135 sic
1495 2100 1646 2135 demum

111 2147 204 2184 licet
227 2146 336 2190 tueri,
362 2146 395 2183 si
420 2146 533 2192 plane
559 2147 738 2192 scriptum
763 2148 920 2182 ναίοντα
946 2148 1107 2183 statuas:
1134 2148 1174 2182 at
1199 2146 1294 2182 alias
1320 2146 1359 2183 ιιι
1383 2147 1456 2183 hoc
1481 2146 1646 2183 carmine

110 2194 260 2231 vocales
286 2174 399 2231 elisae
424 2204 499 2229 non
524 2195 776 2239 numerantur,
803 2191 894 2235 ὁδὸς
919 2195 1026 2239 PVL,
1054 2191 1138 2231 ὁδοὶ
1165 2195 1193 2229 Β
1220 2194 1259 2230 et
1278 2194 1384 2230 codd.
1403 2194 1487 2230 Cas.
1510 2215 1551 2221 —-
1574 2196 1646 2239 θη-

110 2238 262 2299 ρονόμε,
284 2240 458 2277 Meineke
485 2240 647 2278 coniecit
670 2222 882 2286 θηροφόνε.
910 2262 954 2268 -
981 2223 1094 2288 χθόν’
1124 2242 1170 2287 L,
1197 2239 1305 2287 χθών
1332 2241 1441 2277 APV.
1469 2262 1512 2267 —-
1540 2240 1583 2276 V.
1611 2246 1644 2277 3.

113 2287 237 2335 κλήσω
265 2288 598 2334 Schweighaeuser
622 2289 661 2325 et
680 2287 808 2333 Cobet,
834 2288 1030 2342 legebatur
1055 2271 1191 2336 κλῄσω,
1197 2255 1317 2334 2‘'quod
1341 2289 1553 2325 litterarum
1578 2301 1645 2324 nu-

109 2348 253 2373 merum
267 2335 430 2389 excedit.
452 2335 516 2371 sed
537 2335 637 2381 quod
656 2335 775 2372 Cobet
793 2335 903 2372 (ιιοιι.
929 2337 1108 2382 „verbum
1128 2337 1336 2372 celebrandi
1353 2347 1428 2372 ιιοιι
1447 2339 1504 2372 est
1521 2337 1645 2382 κλείω,

111 2384 232 2420 multo
258 2382 380 2419 minus
405 2381 523 2430 κλῄω,
555 2383 621 2419 sed
645 2381 739 2419 κλέω
767 2411 775 2418 .
803 2411 811 2419 .
839 2384 982 2420 .Iones
1007 2383 1182 2420 dicebant
1211 2383 1399 2419 interdum
1425 2385 1535 2419 κλείω
1562 2412 1570 2420 .
1599 2412 1606 2419 .
1635 2411 1642 2418 .

111 2432 238 2477 itaque
264 2428 386 2476 κλήσω
413 2432 451 2467 et
476 2429 563 2477 ἔκλη
567 2442 614 2466 σα
639 2430 783 2467 Graeca
807 2432 910 2475 sunt,
942 2442 1018 2467 ιιοιι
1042 2428 1179 2477 κλήισω
1206 2433 1245 2467 et
1270 2429 1358 2478 ἔκλη
1361 2444 1433 2467 ισα.
1437 2433 1458 2450 “
1508 2432 1554 2467 de
1586 2430 1644 2467 his

109 2479 220 2516 valde
247 2477 396 2514 dubito.
436 2489 524 2514 sane
548 2478 670 2515 forma
695 2475 794 2526 κλῄω
819 2459 959 2515 nullius
992 2479 1051 2515 est
1081 2477 1336 2523 auctoritatis,
1373 2479 1414 2515 at
1451 2478 1647 2515 dicebatur

133 2525 230 2571 λ’ζω
258 2525 420 2572 (κληΐζω,
447 2525 591 2582 κλεΐζω,
617 2525 731 2563 etiam
757 2527 888 2570 κλείζω
915 2527 1020 2563 extat
1043 2525 1083 2561 in
1101 2525 1399 2572 epigrammate),
1424 2527 1522 2562 unde
1542 2527 1646 2562 recta

129 2576 257 2611 aione
284 2573 479 2609 descendit
502 2569 624 2620 κλῄσω
651 2575 690 2609 et
715 2571 870 2628 ἔκλῃσαε
901 2573 1014 2628 idque
1047 2574 1199 2611 verbum
1231 2574 1373 2628 pariter
1403 2575 1517 2619 amne
1550 2572 1644 2610 κλέω

109 2623 189 2658 tam
214 2632 431 2677 nuncupare
467 2632 579 2666 quam
616 2621 794 2658 celebrare
830 2620 1034 2676 significat:
1072 2622 1113 2657 at
1146 2633 1235 2657 num
1266 2620 1381 2657 etiam
1412 2621 1518 2658 verbi
1549 2619 1644 2657 κλέω

116 2670 280 2706 futurum
305 2666 426 2715 κλήσω
453 2670 491 2704 et
516 2667 679 2704 aoristus
705 2667 843 2715 ἔκλησα
867 2681 907 2705 ιιι
931 2681 1002 2705 usu
1025 2669 1181 2713 fuerint,
1208 2669 1375 2714 ambigo:
1404 2681 1493 2706 sane
1518 2668 1558 2704 in
1585 2668 1644 2704 Et.

110 2716 206 2754 Gud.
233 2720 314 2760 294,
341 2720 386 2752 46
424 2713 546 2761 κλήσω
578 2715 627 2751 ad
651 2714 744 2752 κλέω
776 2717 934 2752 refertur
957 2716 1110 2752 auctore
1135 2681 1350 2756 Herodiano
1381 2716 1467 2762 περὶ
1493 2716 1644 2753 παθῶν.

66 2796 70 2799 .
111 2764 157 2801 cf.
183 2764 244 2800 Et.
271 2764 319 2799 Μ.
347 2767 426 2807 519,
453 2767 496 2799 31
520 2774 612 2808 seq.,
646 2764 710 2800 sed
742 2764 910 2799 veterum
986 2763 1272 2799 ammaticorum
1304 2774 1349 2799 ea
1375 2764 1420 2798 de
1446 2775 1485 2800 re
1510 2763 1646 2810 exigua

112 2811 334 2855 auctoritas,
366 2810 456 2847 libri
486 2810 597 2846 modo
629 2810 773 2847 addunt
804 2819 833 2855 ῖ,
872 2775 985 2846 ιιιοέό
1014 2810 1232 2855 detrahunt,
1272 2821 1316 2847 ac
1347 2811 1496 2847 variant
1532 2822 1644 2857 saepe

113 2859 246 2895 eodem
270 2858 373 2895 loco:
406 2866 421 2894 ῖ
452 2857 491 2894 ιιι
524 2857 580 2893 his
606 2859 751 2894 mature
786 2857 1046 2894 oblitteratum
1071 2869 1152 2894 esse
1178 2868 1219 2893 ar
1247 2857 1305 2893 uit
1328 2858 1390 2894 hic
1416 2857 1645 2895 Castor-ionis

114 2918 250 2944 versus.
281 2907 342 2942 Me
358 2906 509 2952 quidem
528 2906 650 2942 iudice
669 2907 793 2942 errant
811 2904 929 2942 nostri
947 2904 1129 2950 homines,
1156 2905 1221 2951 qui
1272 2905 1491 2943 icandreum
1510 2906 1640 2953 ἔκλησε

0 2869 21 3027 *xvv*
0 2821 4 2839 ’“
0 2751 9 2798 “··ι
0 2693 4 2701 ’
