1864 3126
237 123 326 166 450
535 133 537 138 “
801 124 993 161 ΡΟΕΤΑΕ
1018 123 1195 160 MELICI.

881 232 950 275 91.
982 232 1117 284 [150]

336 312 564 368 Μυριάσιν
595 311 699 356 ποτὲ
729 315 834 370 τῇδε
864 316 1137 369 τριακοσίαις
1169 311 1383 369 ἐμάχοντο

391 384 438 426 ἐκ
470 383 822 439 Πελοποννάσου
852 377 1053 439 χιλιάδες
1078 383 1260 439 τέτορες.

236 511 507 556 amplificandis
544 512 654 548 rebus
691 512 807 557 gestis
838 512 1053 556 indulsisse,
1097 511 1145 546 Vl
1179 516 1244 547 117
1289 522 1351 546 sex
1387 513 1534 547 tantum
1565 512 1688 548 millia
1721 514 1761 549 et
1827 555 1831 562 =

237 559 526 605 quadringentos
559 559 736 595 cecidisse
768 561 899 595 auctor
930 561 996 595 est.
1045 557 1336 604 Vaniloquentia
1368 559 1443 594 ista
1466 559 1622 605 indigna
1645 559 1760 596 Athe-

235 605 424 642 niensibus
437 609 660 651 removetur,
674 607 704 641 si
723 609 836 652 poeta
847 618 921 642 non
934 618 1127 642 numerum
1141 606 1346 642 occisorum
1359 605 1533 651 hostium,
1554 607 1620 642 sed
1632 607 1758 652 copia·

234 664 316 688 rum
353 653 552 698 indicavit,
589 654 716 698 itaque
755 654 1027 690 emendaverim
1054 653 1298 696 ε”κλιναν;*)
1337 664 1418 688 cum
1458 651 1629 689 ἕκλειναν
1660 655 1759 690 esset

238 700 428 746 scriptum,
453 701 540 736 inde
566 701 723 746 proclivi
748 712 870 736 errore
898 700 1068 736 ἔκτειναν
1094 702 1225 736 ortum.
1275 699 1410 735 Maluit
1434 702 1559 736 autem
1577 700 1761 738 Aristides

234 748 305 782 hoc
325 748 487 783 carmine
506 760 619 794 quam
638 748 875 784 Marathonio
894 748 1017 794 elogio
1046 747 1119 793 uti,
1146 747 1322 793 quoniam
1335 747 1458 782 ‘virtus
1476 747 1760 784 Atheniensium

236 795 536 840 magnificentius
572 796 783 831 illustratur
819 796 952 841 grandi
988 807 1140 832 numero
1177 794 1473 830 adversariorum
1503 794 1678 831 indicato.
1714 815 1760 822 -—

234 842 362 887 Longe
389 843 499 879 aliter
523 843 784 878 difficultatem
810 843 982 888 expedire
1009 845 1162 878 conatus
1186 844 1243 878 est
1261 842 1455 887 Goettling
1479 842 1533 888 (in
1557 842 1758 888 scriptione

237 890 340 924 acad.
366 890 476 925 Ienae
504 891 622 935 1859),
649 891 713 935 qui
739 891 972 936 epigramma
996 891 1068 925 hoc
1094 890 1341 935 subscriptum
1366 889 1478 933 fuisse
1503 890 1614 935 putat
1637 888 1761 935 pictae

235 936 387 972 tabulae
413 938 451 972 in
475 938 632 983 porticu,
659 948 753 982 quae
778 939 938 982 Ποικίλη
963 938 1128 973 vocitata
1153 938 1227 972 est:
1261 937 1469 981 suspicatur
1493 938 1618 972 autem
1645 937 1762 973 Simo-

236 983 362 1019 nidem
383 986 582 1020 certavisse
602 996 686 1020 cum
706 985 904 1030 Aeschylo,
931 986 1043 1029 atque
1070 997 1113 1020 eo
1139 984 1252 1020 refert
1270 984 1474 1029 scripturae
1493 984 1762 1030 diversitatem,

237 1030 466 1067 Simonidem
493 1032 683 1076 scripsisse
709 1030 880 1067 ἔκτειναν
899 1029 1046 1077 Μήδων
1073 1029 1186 1068 ἐννέα
1212 1029 1408 1077 μυριάδας,
1434 1031 1659 1077 Aeschylum
1677 1044 1763 1078 χρυ-

237 1076 412 1123 σοφόρων
438 1077 585 1122 Μήδων
611 1076 812 1124 ἐστόρεσαν
838 1077 1010 1125 δύναμιν.

329 1126 456 1172 Epigr.
483 1130 540 1162 91.
584 1126 719 1161 Herod.
746 1126 815 1161 VII
841 1130 926 1161 228:
961 1128 1156 1172 Θαφθεῐσι
1188 1125 1231 1161 δέ
1263 1137 1329 1170 σφι
1356 1122 1475 1160 αὐτοῦ
1500 1122 1617 1185 ταύτῃ
1641 1126 1760 1172 τῇπερ

238 1171 384 1217 ἔπεσον,
417 1173 481 1208 καὶ
513 1178 608 1208 τοῖσι
631 1171 815 1218 πρότερον
841 1170 1081 1218 τελευτήσασι
1104 1170 1127 1218 ἢ
1154 1171 1241 1213 τοὺς
1266 1170 1340 1207 ὑπὸ
1367 1173 1566 1208 Λεωνίδεω
1590 1185 1758 1219 αποπεμ-

236 1217 408 1264 φθὲντας
439 1222 631 1264 οἴχεσθαι,
665 1218 934 1266 ἐπιγέγραπται
964 1218 1164 1266 γράμματα
1195 1219 1352 1265 λέγοντα
1386 1217 1493 1255 τάδε·
1529 1218 1763 1266 Μυριάσιν

235 1270 309 1302 κτλ.
360 1269 472 1304 Anth.
499 1267 577 1304 Pal.
603 1267 673 1303 VII
692 1272 778 1303 248:
807 1266 907 1303 Corr.
934 1269 1210 1313 Σιμωνίδου.
1236 1268 1262 1302 C
1289 1266 1353 1307 εἰς
1383 1264 1472 1307 τοὺς
1497 1264 1591 1312 μετὰ
1621 1267 1759 1303 Λεωνί-

237 1316 307 1359 δην
340 1313 621 1360 μαχεσαμένους
652 1313 746 1361 πρὸς
777 1313 943 1360 Πέρσας-ι
976 1315 1075 1350 Corr.
1105 1312 1145 1350 ἐν
1173 1312 1436 1360 Θερμοπύλαις
1466 1314 1546 1358 (sed
1570 1314 1664 1350 haee
1688 1314 1762 1350 duo

235 1362 350 1397 verba
373 1363 498 1407 potius
524 1363 572 1397 ad
599 1373 673 1407 seq.
701 1362 817 1408 epigr.
844 1363 1029 1408 pertinere
1054 1362 1252 1406 videntur).
1297 1361 1414 1396 Affert
1440 1361 1555 1396 etiam
1579 1359 1761 1397 Aristides

236 1409 270 1444 II
296 1413 363 1444 512
397 1421 480 1445 cum
518 1408 603 1445 aliis
635 1409 837 1445 Simonidis
875 1409 1008 1455 elogiis
1046 1411 1085 1444 et
1117 1409 1266 1445 Diodor.
1301 1409 1371 1444 Sic.
1404 1409 1453 1443 Xl
1486 1412 1541 1444 33.
1593 1407 1694 1444 Suid.
1726 1420 1761 1444 v.

226 1457 428 1501 ,Λεωνίδης
452 1457 531 1500 (sed
557 1469 629 1492 om.
655 1457 780 1501 ABV).
826 1456 944 1492 Iriart.
966 1461 1023 1500 91,
1047 1457 1113 1491 ubi
1137 1457 1272 1492 Alcaeo
1296 1456 1484 1500 tribuitur,
1510 1456 1574 1491 sed
1594 1460 1662 1491 293
1682 1454 1761 1491 sine

236 1516 270 1548 p.
297 1515 395 1539 nom.
422 1504 586 1540 affertur.
630 1503 685 1539 De
705 1503 868 1539 Kaibelii
892 1504 1136 1548 athetesibus,
1164 1504 1228 1549 qui
1252 1504 1323 1538 hoc
1349 1503 1554 1548 etreliqua
1579 1503 1762 1549 epigram·

235 1553 338 1586 mata
357 1552 456 1596 apud
475 1551 707 1587 Herodotum
727 1550 910 1586 Simonidi
929 1551 1096 1596 abrogat,
1122 1551 1198 1586 dixi
1224 1561 1336 1595 supra
1360 1562 1395 1595 p.
1422 1554 1490 1585 437
1505 1562 1558 1595 sq.
1585 1570 1630 1576 --
1655 1549 1699 1587 V.
1727 1553 1758 1586 1.

235 1599 338 1645 τῇδε,
366 1598 625 1634 Schneidewin
644 1599 747 1634 τᾶδε.
763 1619 807 1624 —
821 1599 1051 1643 τριακοσίαις
1070 1598 1210 1642 Iriarte,
1236 1598 1465 1643 τριηκοσίαις
1483 1596 1620 1633 Herod.
1638 1597 1763 1642 Anth„
1827 1595 1839 1605 ’

237 1647 451 1692 τριηκοσίῃς
476 1646 606 1691 Arist,
644 1635 907 1686 διακοσίαις
932 1645 1041 1681 Diod.
1068 1666 1115 1671 ——
1139 1645 1183 1680 V.
1211 1651 1242 1681 2.
1269 1642 1563 1680 Πελοποννάσου
1587 1645 1700 1681 Anth.
1725 1645 1764 1680 et

236 1704 293 1737 ap.
320 1693 406 1728 Her.
435 1693 582 1736 SMPK,
616 1690 907 1738 Πελοποννήσου
939 1693 1004 1728 rel.
1032 1714 1075 1719 —
1101 1691 1265 1737 τέτορες,
1301 1692 1412 1728 Arist.
1445 1693 1484 1727 et
1514 1703 1572 1737 ap.
1597 1690 1705 1727 Diod.
1731 1691 1760 1726 L

237 1739 409 1785 τέτταρες
447 1741 494 1786 (Κ
525 1740 718 1786 τέττορες).
751 1761 793 1765 -
828 1740 981 1786 Semper
1017 1739 1111 1775 mihi
1145 1739 1336 1775 offensioni
1375 1739 1446 1774 fuit
1481 1739 1763 1784 vaniloquentia

235 1788 356 1822 minus
383 1788 499 1823 etiam
526 1788 787 1833 condonanda,
814 1800 925 1832 quam
952 1799 1012 1831 ea,
1039 1788 1084 1823 de
1111 1799 1185 1832 qua
1209 1798 1320 1832 supra
1345 1786 1438 1821 dixi:
1464 1798 1549 1821 nam
1576 1786 1658 1831 quis
1684 1785 1762 1821 ani-

235 1847 335 1869 mum
373 1835 544 1879 inducat,
583 1835 787 1880 nonaginta
824 1835 1011 1881 myriadas
1036 1835 1232 1870 Persarum
1263 1834 1302 1868 in
1327 1833 1496 1878 angustis
1529 1833 1760 1868 convallibus

236 1881 570 1927 Thermopylarum
597 1893 679 1917 cum
700 1882 926 1917 Graecorum
950 1881 1141 1927 paucitate
1168 1880 1396 1917 conflixisse?
1435 1880 1507 1915 Sed
1527 1880 1760 1926 corruptelae

236 1928 394 1974 suspicio
432 1929 562 1974 procul
593 1929 766 1964 habenda
798 1940 876 1964 esse
909 1928 1073 1972 videtur,
1112 1928 1414 1973 quandoquidem
1450 1938 1578 1963 omnes
1614 1928 1762 1972 praeter

235 1975 438 2011 Diodorum
452 1977 681 2020 τριακοσίαις
694 1977 894 2019 testantur3
913 1976 1058 2011 Siculus
1079 1977 1177 2011 enim
1197 1976 1407 2015 διακοσίαις
1421 1975 1583 2018 exhibet,
1602 1974 1760 2010 fortasse

236 2034 280 2058 ex
311 2022 455 2059 librarii
481 2023 708 2060 correctione
734 2034 828 2067 quae
854 2023 991 2058 nullius
1018 2025 1074 2058 est
1099 2023 1260 2068 usus**).
1305 2021 1377 2056 Sed
1396 2021 1566 2066 quamvis
1579 2020 1760 2057 Herodoti

236 2070 459 2115 scripturam
478 2070 544 2106 alii
562 2072 687 2116 testes,
707 2070 772 2115 qui
790 2081 864 2105 non
883 2071 1002 2106 secuti
1021 2071 1108 2105 sunt
1124 2069 1501 2112 Halicarnassensem‚
1527 2069 1757 2113 confirment,

234 2116 353 2153 nihilo
377 2117 499 2153 minus
525 2118 586 2153 hio
611 2118 787 2152 mendum
812 2117 1028 2153 delitescere
1061 2117 1261 2159 contendo,
1293 2116 1393 2161 quod
1425 2112 1600 2161 μυριάσιν
1631 2127 1758 2160 τρια-

235 2162 315 2200 κόν
325 2179 343 2200 τ
353 2178 372 2201 ο
382 2179 420 2206 ις
433 2165 620 2211 corrigens
635 2164 844 2200 sustuleris:
864 2165 988 2210 'possis
1009 2161 1233 2218 sanerz
1243 2175 1312 2199 σιν
1327 2164 1556 2208 τριακοσίαις
1570 2162 1759 2208 suspicari,

330 2295 362 2338 ³¹⁶)
389 2294 564 2330 Conferas
592 2295 766 2340 reliquias
794 2294 1084 2340 epigrammatis,
1111 2293 1208 2338 quod
1228 2292 1426 2328 Kirchhoff
1446 2291 1691 2338 probabiliter
1712 2291 1759 2327 ad

236 2341 420 2388 proelium
444 2342 718 2377 Marathonium
750 2342 913 2385 rettulit,
948 2352 1145 2387 perperam
1176 2340 1240 2376 ille
1265 2340 1416 2385 quidem
1442 2340 1546 2385 signo
1570 2338 1759 2374 Minervae

234 2387 440 2436 Προμάχου
480 2389 728 2434 subscriptum
763 2400 844 2425 esse
881 2390 982 2424 ratus
1020 2388 1167 2434 (Kaibel
1203 2391 1302 2432 749),
1340 2384 1452 2433 ἄστυ,
1521 2387 1560 2435 tq
1600 2385 1756 2431 Περσῶν

237 2435 499 2482 κλιναμὲνω(ν)
526 2465 533 2472 .
562 2465 569 2472 .
595 2436 650 2472 ita
676 2437 773 2472 enim
799 2436 1049 2481 scribendum,
1082 2447 1166 2470 nam
1199 2435 1298 2480 quod
1329 2434 1492 2469 Kirchho
1551 2433 1655 2468 dedit
1684 2435 1759 2468 κλι-

236 2483 408 2531 νάμενο(ι
426 2482 602 2530 δύναμιν)
624 2495 646 2519 a
666 2484 843 2519 sermonis
863 2483 987 2529 graeci
1011 2483 1240 2528 proprietate
1266 2482 1451 2517 abhorret.
1493 2481 1663 2516 Fortasse
1688 2479 1758 2515 hoc

236 2543 383 2577 quoque
408 2531 637 2576 poematium
664 2532 750 2576 (duo
775 2534 818 2567 ut
842 2531 990 2566 videtur
1009 2530 1279 2575 epigrammata
1298 2530 1398 2574 sunt)
1425 2526 1632 2577 Simonides
1659 2537 1757 2562 com-

235 2580 377 2625 posuit3
405 2578 472 2614 sed
497 2579 611 2614 exiles
636 2578 813 2623 reliquias
837 2590 910 2614 non
936 2578 1027 2612 licet
1050 2576 1316 2623 redintegrare.

306 2627 362 2671 **)
388 2625 572 2662 Diodorus
598 2637 672 2661 non
696 2626 927 2662 Herodotum
952 2623 1159 2670 descripsit,
1184 2624 1223 2659 id
1248 2623 1348 2668 quod
1373 2635 1429 2668 ep.
1454 2626 1499 2658 92
1525 2621 1666 2667 arguit,
1692 2621 1758 2656 sed

235 2675 425 2719 Ephorum
450 2673 599 2708 videtur
625 2674 772 2708 secutus
797 2683 894 2716 esse3
921 2672 1020 2706 idem
1047 2671 1260 2713 exercitum,
1286 2681 1396 2716 quem
1421 2669 1558 2704 Xerxes
1582 2668 1622 2703 in
1642 2667 1758 2704 Thes-

236 2721 366 2756 saliam
393 2719 515 2763 duxit‚
549 2722 697 2755 centum
727 2720 937 2765 myriadum
968 2718 1083 2754 fuisse
1108 2718 1199 2754 dicit
1222 2717 1273 2753 XI
1345 2718 1384 2752 et
1409 2720 1470 2759 11,
1504 2715 1607 2769 quod
1628 2716 1757 2769 aperte

236 2770 381 2813 pugnat
406 2779 489 2803 cum
514 2768 585 2803 hoc
611 2767 813 2813 epitaphio,
841 2768 880 2802 et
904 2778 987 2802 cum
1013 2765 1105 2800 dicit
1128 2766 1173 2800 de
1200 2765 1289 2810 quin
1317 2763 1412 2800 entis
1437 2762 1628 2808 Spartams
1653 2763 1756 2817 (toti-

237 2815 321 2849 dem
352 2815 450 2850 enim
482 2816 662 2859 recenset)
698 2811 788 2850 ου’δὲ
827 2815 876 2862 τῷ
908 2813 1075 2860 χιλιοστῷ
1113 2810 1218 2858 μέρει
1250 2812 1326 2847 τῶν
1356 2811 1543 2855 πολεμίων
1580 2810 1654 2844 ι”σοι
1690 2821 1757 2844 τον

236 2858 414 2906 ἀριθμόν,
441 2861 501 2897 vel
525 2862 597 2897 iste
622 2873 796 2897 numerus
820 2861 919 2896 iusto
946 2860 1090 2896 auctior
1114 2860 1271 2895 videtur.
