1864 3126
206 167 262 207 86
537 188 538 191 =
769 165 962 200 POETAE
988 165 1164 201 MELICl.

277 274 468 330 μαινόλᾳ
498 271 648 331 θύμῳ·
681 275 781 316 τίνα
813 265 948 327 δηῦτε
981 275 1136 316 Πείθω
1387 293 1391 297 ·
1658 283 1727 316 877

277 352 378 399 μαῖς
409 341 523 398 ἄγην
556 344 599 394 ἐς
631 342 717 386 σὰν
749 342 985 399 φιλότατα,
1016 345 1082 394 τίς
1112 340 1172 398 σ’,
1204 337 1238 386 ὦ

205 427 251 457 20
495 411 671 469 Ψάπφ’,
704 411 896 469 ἄδικήει;

276 484 348 527 καὶ
379 483 465 540 γὰρ
498 486 545 526 αἰ
575 483 751 540 φεύγει,
783 484 946 541 ταχέως
977 483 1145 539 διώξει,

277 557 324 597 αἰ
356 554 404 598 δε
437 556 561 611 δῶρα
593 553 651 611 μὴ
686 552 842 610 δέκετ’,
874 552 986 598 ἀλλὰ
1019 554 1211 610 δώσει,

278 628 325 668 αι’
355 624 404 669 δε
435 623 494 682 μὴ
527 629 667 682 φίλει,
698 626 862 682 ταχέως
892 625 1069 682 φιλήσει

490 694 611 740 κωύκ
644 697 862 741 ἐθέλοισα.

206 873 261 909 Cf.
299 885 411 918 supra
435 885 468 908 v.
499 877 542 909 15
581 870 703 931 κῶττι,
738 873 835 908 infra
867 885 899 908 v.
932 876 978 907 25
1004 869 1124 918 κωύκ,
1163 872 1334 909 similiter
1365 874 1404 908 in
1440 874 1624 910 Balbillae
1656 876 1732 922 epi-

205 921 413 976 grammate
444 922 500 956 est
538 918 673 956 κῶσσα.
723 920 925 955 Elisionem
962 919 1080 965 possit
1110 920 1245 965 aliquis
1275 921 1372 956 tueri
1404 921 1572 958 adhibito
1601 921 1732 959 Alcaei

204 968 247 1004 fr.
272 967 355 1003 13A
381 965 498 1003 ἰότοὶτ’
528 965 637 1014 ὔμμι,
670 980 756 1003 nam
782 966 978 1003 Theocriti
1008 979 1133 1003 versus
1158 968 1197 1003 in
1228 968 1390 1004 carmine
1422 969 1566 1005 aeolico
1598 973 1661 1014 30,
1689 974 1732 1006 12

204 1014 622 1120 {M‘fsssszssz'flfiff‘rzffi‘
651 1014 887 1098 ῗῆᾖῖἳῖῗέἐέἑ
921 1014 1219 1107 ἲὲἲισῗῗῖῗΠθω
1243 1015 1734 1116 θὸωἲέὃζᾲᾳῖᾶῗεέῗῖἓ

206 1110 340 1145 Πείθω
373 1114 460 1155 μαῖς
491 1124 588 1156 αγην
623 1107 660 1150 ἒς
692 1107 763 1145 σαν
795 1108 955 1153 Seidler,
989 1109 1062 1144 nisi
1094 1110 1194 1155 quod
1226 1113 1306 1150 λαις
1337 1109 1501 1156 scripsit,
1539 1110 1568 1145 P
1599 1078 1732 1148 τιέαθ’

209 1154 490 1215 εὐτεπείθρμαι
528 1159 749 1214 (correctum
780 1157 818 1192 in
855 1169 919 1191 και
956 1157 1016 1192 vel
1049 1158 1128 1217 βαι)
1167 1156 1416 1214 σαγηνέσσαν,
1450 1159 1620 1216 epitome
1649 1160 1735 1194 τίνα

207 1201 319 1250 δῆυτι
345 1200 396 1248 (δ’
425 1201 515 1249 ηὗτε
543 1205 586 1249 R,
613 1201 650 1239 δ’
678 1201 768 1250 ἠΰτε
797 1205 843 1249 D)
876 1201 998 1239 πειθώ
1032 1204 1096 1239 καὶ
1122 1202 1376 1262 σαγήνεσσαν,
1408 1207 1440 1239 Α
1471 1206 1555 1240 τίνα
1581 1203 1620 1241 δ’
1647 1204 1731 1242 εὔτε

207 1253 402 1309 πείθωμαι
429 1249 679 1308 σαγηνεύσαν,
704 1252 818 1297 vulgo
844 1252 928 1286 τίνα
955 1247 991 1286 δ’
1020 1264 1104 1287 ευτε
1137 1250 1319 1297 πύθωμαι
1351 1252 1582 1297 σαγηνεῦσαι
1613 1250 1733 1308 (φιλό-

206 1297 315 1359 τητός
342 1296 389 1339 σ’,
417 1314 444 1334 ω
470 1296 635 1356 Σαπφώ,
663 1300 786 1344 δίκην)
821 1311 864 1334 ex
896 1298 1094 1334 manifesta
1123 1298 1422 1358 interpolatione.
1478 1300 1559 1345 Ego
1592 1300 1734 1336 conieci

205 1348 291 1381 τίνα
319 1342 430 1391 ὃηῦτ’
457 1343 662 1391 ἀπείθην
688 1346 764 1402 (vel
790 1343 988 1388 ἐπεύθω)
1015 1351 1119 1391 μαῐς
1145 1344 1242 1392 ἄγην
1269 1344 1307 1387 ἐς
1326 1359 1409 1391 σαν,
1436 1346 1624 1382 Hermann
1649 1349 1734 1383 τίνα

207 1387 320 1451 δηῦτε
347 1395 471 1429 πείθω
498 1393 561 1428 καὶ
589 1390 849 1450 σαγηνοέεσσαν
875 1390 1076 1438 φιλότατα,
1108 1394 1252 1429 Ahrens
1283 1395 1367 1429 τίνα
1392 1376 1505 1449 δηῦτε
1532 1396 1656 1430 πείθω
1682 1393 1732 1442 μὴ

208 1444 300 1486 σαλη
305 1454 325 1474 ν
351 1441 388 1485 (i.
418 1453 447 1476 e.
475 1438 641 1485 ἆσαλειν,
667 1437 931 1500 ἆφροντιστειν
956 1440 1030 1476 vid.
1051 1441 1242 1498 Hesych.)
1254 1440 1308 1481 εἰς
1327 1439 1398 1476 σὰν
1418 1438 1615 1486 φιλότατα,
1639 1442 1732 1478 Har-

206 1490 302 1534 tung
329 1488 536 1523 Seidlerum
562 1488 741 1533 sequitur,
776 1488 840 1523 sed
866 1485 1070 1523 ἅπυιθεν
1095 1487 1133 1533 (1.
1161 1500 1190 1524 e.
1218 1485 1393 1546 ἄπωθεν)
1425 1488 1600 1546 requirit,
1632 1489 1737 1525 Blass

207 1537 406 1580 πείθωμαί
428 1532 463 1570 σ’
491 1548 589 1580 αγην
622 1535 644 1571 1.
671 1546 701 1570 e.
729 1547 787 1571 σοι
813 1548 922 1593 αγην
955 1555 997 1560 -
1031 1535 1075 1570 V.
1101 1539 1158 1571 20.
1195 1532 1332 1580 Ψάπφ’
1367 1533 1519 1579 αδικήει
1551 1536 1734 1581 Gaisford,

208 1583 254 1618 cf.
282 1583 340 1617 Et
367 1582 415 1617 M.
443 1586 525 1628 485,
551 1587 611 1617 41:
645 1581 682 1618 οἷ
705 1581 850 1622 Αἰολεῖς
874 1579 922 1617 w'ex
946 1583 1011 1626 τῆς
1041 1579 1189 1640 πρώτης
1214 1584 1391 1640 συζυγίας
1415 1580 1480 1618 διὰ
1505 1584 1571 1618 τοῦ
1596 1588 1620 1629 ἢ
1646 1596 1736 1629 προ-

209 1629 403 1675 φέρουσιν,
428 1611 542 1675 ἆὸική
546 1644 586 1674 ω,
613 1624 700 1672 ωψα
726 1626 761 1664 τ’
789 1626 928 1686 αδικήη
955 1629 1000 1674 (D
1027 1624 1175 1675 cfioepam',
1208 1631 1244 1665 M
1271 1627 1359 1675 ωψα
1385 1627 1573 1676 δαδικήν),
1604 1631 1736 1667 eadem

208 1678 267 1714 Et.
294 1677 388 1712 Gud.
416 1681 496 1720 294,
520 1681 564 1712 39
590 1677 655 1712 11111
681 1673 806 1732 ὄψαθ’
834 1673 974 1722 αδικίη.
1018 1676 1128 1722 Apud
1155 1658 1260 1713 Dion.
1281 1678 1311 1712 P
1335 1690 1390 1718 τις
1415 1685 1611 1722 σωψαπφα
1636 1679 1736 1723 δίκη,

208 1724 298 1760 libri
323 1724 509 1780 epitomae
535 1725 590 1764 τίς
615 1718 643 1759 ὦ
670 1721 807 1768 σαπφώ
835 1725 934 1781 δίκη,
944 1725 992 1758 Ἀ
1013 1725 1264 1769 Ψαπφαδίκη,
1290 1725 1443 1760 Ursinus
1463 1725 1503 1760 et
1522 1725 1736 1770 Stephanus

209 1774 378 1816 Σαπφοῖ,
405 1769 542 1807 ἀδικεῖ.
594 1770 699 1816 Scrip
701 1773 824 1806 turam
852 1769 976 1816 Ψάπφ
982 1767 1091 1807 ’1100
1115 1771 1197 1807 1000
1223 1772 1401 1807 librorum
1427 1772 1629 1808 auctoritas
1652 1773 1734 1808 tue

208 1820 280 1863 tur,
312 1817 351 1853 in
388 1819 660 1864 epigrammate
675 1783 843 1854 p.Anthol
869 1819 948 1855 Pal.
947 1784 1024 1853 φΙΧ
1060 1822 1124 1854 191
1161 1830 1287 1854 versus
1317 1819 1379 1854 lex
1409 1819 1557 1865 flagitat
1581 1817 1738 1863 ’Ἠριννα

211 1866 414 1911 Ψαπφοῦς,
434 1866 498 1901 ubi
517 1866 706 1922 Σαπφοῦς
725 1866 838 1910 vulgo
858 1866 1006 1911 legitur,
1032 1866 1132 1910 quod
1152 1866 1266 1902 etiam
1289 1865 1547 1902 Schneidewin
1567 1867 1736 1903 correxit.

209 1912 403 1948 Traditum
442 1910 600 1958 ἄδικήη,
640 1924 723 1948 011111
762 1913 832 1948 1100
864 1924 937 1949 11110
973 1913 1057 1948 1000
1089 1918 1110 1948 3
1142 1925 1237 1959 pers.
1273 1913 1401 1949 littera
1432 1916 1471 1948 H
1505 1914 1737 1958 terminetur,

209 1960 406 1995 immutare
438 1971 513 1995 non
545 1959 731 2004 dubitavi,
765 1960 809 1995 cf.
837 1960 915 1996 Alc.
942 1960 985 1995 fr.
1013 1963 1054 2002 5,
1084 1965 1113 1995 1.
1146 1982 1189 1986 —-
1224 1961 1267 1996 V.
1294 1965 1349 1997 21.
1377 1959 1434 2006 αἰ,
1466 1959 1529 1996 GP
1556 1959 1607 2004 εἰ,
1632 1960 1664 1995 D
1691 1959 1736 1997 εἴ.

211 2029 254 2033 -
281 2004 436 2064 φεύγει,
468 2006 499 2042 G
525 2005 696 2066 φεύγεις,
731 2007 761 2041 D
789 2020 921 2061 φαγοι..
951 2029 995 2033 -
1027 2007 1071 2042 V.
1097 2011 1152 2043 22.
1180 2006 1236 2052 αἱ,
1262 2009 1295 2043 D
1321 2021 1367 2043 οι.
1400 2028 1444 2033 -
1477 2004 1614 2050 δέκετ’,
1639 2008 1669 2043 Ρ
1694 2007 1739 2044 δέ

211 2051 304 2098 κετζ
338 2054 523 2112 epitome
529 2052 570 2090 δὲ
598 2054 663 2108 ιιαὶ
688 2051 820 2099 τᾶλλα,
853 2053 924 2090 nisi
949 2055 1050 2100 quod
1074 2054 1106 2088 D
1133 2055 1197 2090 καὶ
1224 2066 1372 2091 0111.-
1398 2051 1510 2098 ἄλλα,
1543 2051 1637 2090 ἄλλα
1663 2055 1737 2091 PD.
1758 2060 1762 2063 ’

211 2101 318 2137 Blass
344 2098 470 2137 δέκετ’
497 2095 625 2147 ἆμαί.
646 2113 677 2137 0.
679 2104 836 2137 nostra.
864 2121 908 2127 -
934 2101 977 2136 V.
999 2106 1055 2137 23.
1082 2101 1133 2146 αἰ,
1158 2102 1260 2147 Βαῖ,
1286 2101 1319 2136 D
1339 2100 1390 2138 αἳ.
1416 2121 1461 2127 —--
1487 2082 1530 2137 V.
1552 2106 1608 2138 24.
1633 2115 1739 2138 κωυκ

213 2146 390 2185 ἐθέλοισα
422 2149 565 2194 scripsi,
597 2160 683 2183 nam
715 2149 760 2184 (10
782 2150 939 2206 puellae
951 2161 1076 2185 amore
1107 2150 1243 2195 agitur,
1274 2149 1396 2185 miuus
1415 2150 1515 2185 recte
1540 2149 1738 2185 Blomfield

211 2210 315 2231 κωυκ
352 2177 570 2253 ἐθέλοισαν,
603 2196 660 2231 ΡΟ
695 2193 795 2231 κῶυκ
827 2195 869 2241 (C
902 2193 939 2231 κ’
967 2194 1080 2242 ωύκ’)
1113 2177 1279 2241 ἐθέλοις,
1311 2197 1342 2232 D
1373 2210 1428 2232 κω
1454 2193 1493 2232 §l
1514 2195 1639 2241 (εἰαις)
1672 2196 1739 2232 καὶ

212 2242 351 2288 θέλεις,
376 2242 415 2277 Μ
425 2239 529 2300 ,κᾶτ’
558 2242 595 2278 εἰ
617 2242 679 2278 καὶ
706 2242 845 2288 θέλεις,
871 2243 963 2279 item
989 2244 1031 2289 R,
1057 2243 1129 2279 nisi
1154 2245 1253 2289 quod
1277 2240 1363 2288 κω’,
1387 2239 1460 2279 G'
1466 2241 1494 2278 ὥ
1519 2244 1542 2279 ὕ
1562 2244 1626 2279 καὶ
1649 2240 1737 2279 ἐθέ-

212 2294 299 2334 λοις,
326 2292 358 2325 A
383 2287 486 2326 κῶύκ
513 2287 654 2326 ἐθέλοι.
710 2291 751 2325 Ι11
772 2290 954 2327 librorum
980 2291 1161 2327 varietate
1186 2291 1344 2328 fortasse
1375 2290 1517 2326 κωυκὶ
1541 2289 1737 2326 θέλοισα

213 2337 412 2382 delitescit,
438 2350 526 2374 nam
549 2336 681 2373 θέλειν
706 2337 819 2373 etiam
845 2337 942 2374 infra
966 2338 1009 2375 fr.
1030 2342 1075 2374 25
1101 2340 1140 2374 et
1164 2338 1241 2375 Alc.
1267 2339 1311 2373 fr.
1331 2341 1376 2374 82
1402 2338 1465 2384 leg
1466 2337 1556 2381 itur;
1583 2336 1705 2374 item
1693 2350 1733 2374 111

212 2385 333 2420 titulis
359 2385 503 2420 Lesbiis
535 2385 605 2420 καῖ
624 2383 668 2420 κε’
696 2398 730 2420 τι
756 2384 863 2430 θέλη,
888 2386 986 2421 1111ᾱο
1012 2386 1125 2421 etiam
1149 2385 1190 2421 in
1214 2386 1299 2422 aliis
1324 2385 1416 2421 10018
1441 2385 1543 2420 velut
1567 2381 1673 2421 ὅππα
1692 2398 1734 2421 κε

215 2431 328 2492 θέλη,
362 2429 384 2467 ὅ
415 2445 457 2468 κε
489 2431 604 2477 θέλη,
636 2428 714 2467 ὅττι
747 2445 788 2467 κε
821 2431 917 2478 θέλη
949 2433 1159 2469 litterarum
1190 2433 1325 2468 divisio
1358 2435 1475 2477 certa,
1506 2432 1571 2468 sed
1602 2442 1737 2467 nomen

215 2477 418 2519 ἐθελόντας
450 2480 515 2515 est.
561 2478 780 2515 Theocritus
811 2479 849 2514 in
879 2479 1022 2516 melicis
1054 2480 1278 2516 carminibus
1303 2480 1462 2525 utraque
1486 2478 1591 2515 verbi
1616 2479 1737 2515 forma

214 2525 421 2571 promiscue
447 2539 532 2562 usus
558 2529 626 2562 est.
663 2526 806 2562 Vocula
832 2523 916 2561 οὐκὶ
942 2528 1053 2563 etiam
1080 2528 1179 2573 apud
1204 2526 1442 2563 Theocritum
1467 2526 1572 2562 extat
1596 2530 1653 2571 30,
1678 2531 1735 2562 23.

216 2595 258 2598 —-
285 2573 460 2609 Welcker
491 2573 598 2617 (Mus.
624 2574 742 2610 Rhen.
772 2572 825 2608 XI
850 2578 918 2609 226
933 2577 1024 2620 seq.)
1057 2574 1250 2611 contendit
1277 2574 1424 2610 omnino
1455 2569 1558 2609 κωύκ
1591 2554 1736 2609 ἐθέλοι·

215 2632 284 2655 σαν
316 2620 550 2656 scribendum
583 2631 680 2664 0880,
717 2620 816 2674 quod
853 2621 966 2657 etiam
974 2587 1258 2658 chhneidewin
1287 2619 1479 2674 probavit,
1509 2631 1586 2655 non
1621 2620 1734 2656 ratio-

214 2668 323 2703 nibus
359 2680 458 2725 118118,
495 2668 558 2703 sed
597 2667 777 2714 exemplis
813 2667 964 2704 minime
1001 2668 1162 2704 idoneis.
1194 2679 1314 2714 neque
1352 2667 1449 2704 enim
1483 2669 1611 2713 aptum
1648 2667 1736 2704 huic

214 2716 297 2750 loco
336 2712 406 2751 οὐκ
447 2713 662 2759 ἐθέλοισαν,
702 2727 788 2751 nam
825 2726 944 2759 amor,
981 2727 1090 2761 quem
1128 2716 1203 2752 iam
1233 2727 1308 2752 non
1338 2715 1540 2771 expetebat
1573 2715 1735 2760 Sappho,

215 2762 395 2798 molestus
420 2763 539 2798 multo
566 2762 696 2808 magis,
722 2773 833 2807 quam
858 2764 987 2808 gratus
1006 2765 1086 2799 erat
1103 2763 1260 2799 futurus.
1298 2762 1375 2797 Iam
1395 2761 1426 2796 si
1446 2758 1515 2797 οὐκ
1535 2742 1736 2797 ἐθέλοισαν

216 2809 422 2854 scripseris,
455 2809 605 2845 omnino
631 2809 864 2855 ambiguum,
896 2811 1020 2845 utrum
1053 2810 1123 2846 viri
1150 2822 1197 2846 an
1221 2809 1369 2856 puellae
1394 2819 1557 2844 amorem
1584 2809 1735 2854 Sappho

217 2856 448 2900 expetiverit.
499 2856 674 2892 Welcker
709 2867 785 2892 non
822 2856 1008 2892 dubitavit
1038 2858 1086 2893 ad
1116 2858 1187 2892 vi1i
1224 2855 1446 2893 desiderium
1476 2855 1548 2891 hoc
1586 2867 1736 2892 carmen

217 2902 373 2947 referre,
399 2915 472 2938 nou
498 2906 609 2947 recte,
636 2902 667 2938 si
693 2903 782 2948 quid
802 2904 927 2940 video:
953 2904 1102 2941 omnino
1122 2904 1219 2941 enim
1240 2904 1391 2950 Sappho
1411 2915 1434 2939 a
1452 2903 1615 2939 virorum
1634 2913 1734 2940 amo-
