1864 3126
183 156 270 199 332
748 135 940 192 POETAE
965 156 1142 192 11111101.

253 262 395 320 βρύον
428 260 500 318 ὥς,
531 261 701 319 ὕπερθε
732 265 892 315 λευκᾶς
1034 266 1314 320 διαφαίνεται
1345 263 1550 322 γαλήνας.

254 331 537 392 ἁπαλόχροον
567 333 764 390 γαλήνας
1033 332 1143 392 ὑπὲρ
1174 333 1356 395 αργύρῳ
1390 333 1430 379 δ’
1466 333 1676 392 ὀχοῦνται

119 447 123 452 .
186 417 228 449 15
255 404 830 463 δέμαςείςπλόονφέρουσα,
853 418 942 450 1073
1035 405 1103 450 ε’πὶ
1135 408 1311 463 δελφΐσι
1342 415 1571 464 χορευταῖς

255 474 418 533 ῥόθιον
449 475 670 534 πάροιθεν
702 478 828 521 ἕλκει.
965 490 1008 522 25
1034 476 1223 536 δολερὸν
1254 476 1414 530 Πόθος
1444 477 1627 538 μετώπῳ

253 547 425 603 ροδέων
458 545 499 591 δ’
535 546 705 604 ὕπερθε
737 550 885 605 μαζῶν
1022 547 1156 607 ”Ερος
1175 547 1349 606 Ἵμερος
1379 551 1604 605 γελῶντες.

254 616 424 675 ἁπαλῆς
455 622 612 677 ἔνερθε
643 622 792 677 δειρῆς
1034 618 1166 677 χορὸς
1198 618 1372 677 ἰχθύων
1402 637 1448 664 τε
1477 618 1639 678 κύρτος

254 690 364 746 μέγα
395 692 512 747 κῦμα
543 693 699 751 πρῷρα
728 691 887 747 τέμνει.
1035 691 1105 734 ἐπὶ
1135 690 1344 748 κυμάτων
1374 693 1596 747 κυβιστῶν

181 774 227 805 20
252 761 389 818 μέσον
422 759 615 814 αὔλακος
647 761 696 806 δὲ
722 761 898 821 Κύπρις
1036 765 1218 819 Παφίης
1247 761 1297 806 τὸ
1331 760 1440 819 σῶμ’
1478 760 1642 819 ὀπάζει,

252 836 409 891 κρίνον
442 829 501 885 ὥς
533 838 619 885 ἰόις
650 833 829 890 ἑλιχθέν
965 845 1010 877 30
1036 834 1112 877 ἴνα
1143 832 1322 890 νήχεται
1352 836 1537 889 γελῶσα.

181 973 423 1033 ἄλαλημένος.
464 975 539 1010 sed.
564 974 605 1010 in
629 987 677 1010 m.
712 986 739 1006 κ
773 973 966 1010 varietatis
989 974 1188 1033 judicium,
1221 974 1432 1020 Stephanus
1462 972 1707 1021 άλαλημένον.

185 1045 228 1049 -
255 1019 323 1058 ὑπ’
352 1018 448 1072 άκτᾷ
476 1022 619 1068 scripsi,
646 1021 858 1066 Stephanus
885 1018 947 1058 ἐπ’
976 1019 1087 1071 οἷκτᾷ,
1114 1022 1194 1058 cod.
1221 1019 1378 1058 ἐπαυτά.
1406 1043 1448 1049 -
1483 1022 1528 1058 V.
1556 1027 1599 1059 13
1625 1023 1707 1060 eod.

189 1085 303 1163 βρῖον
330 1103 379 1146 ὡς
404 1106 442 1140 et
466 1105 505 1140 in
524 1117 572 1140 m.
601 1117 628 1137 κ
657 1105 722 1140 0οᾶ
740 1104 845 1140 varia
864 1104 1046 1162 scriptura
1071 1104 1218 1140 omissa.
1249 1126 1288 1130 —
1309 1106 1448 1147 λευκᾶς
1467 1105 1609 1151 scripsi,
1629 1107 1708 1143 cod.

184 1151 336 1196 λευκάν,
364 1152 574 1211 Stephanus
598 1149 745 1188 λευκόν.
772 1173 816 1178 --
842 1151 886 1187 V.
914 1155 969 1187 14.
995 1149 1234 1198 ἆπαλόχροον
1256 1149 1430 1209 χαλήνας
1461 1154 1602 1189 correxi
1627 1154 1707 1189 cod.

184 1200 386 1236 lectionem
417 1197 656 1254 απαλόχρους
696 1213 722 1232 κ
750 1196 941 1245 παλάμας,
972 1199 1011 1234 111
1035 1212 1084 1234 111.
1112 1213 1139 1233 κ
1173 1197 1349 1257 γαλήνας.
1403 1200 1607 1259 Epitheton
1637 1201 1710 1237 hoc

183 1247 332 1292 Veneri,
357 1259 432 1283 non
456 1248 569 1283 maris
595 1247 865 1292 tranquillitati
890 1246 1075 1291 convenit,
1100 1246 1228 1303 itaque
1247 1244 1483 1308 ἁπαλόχροον
1509 1246 1626 1294 δέμας
1655 1260 1710 1284 10-

184 1295 299 1340 stitui,
326 1295 639 1341 quemadmodum
664 1295 703 1329 in
727 1294 994 1330 Anacreontcis
1019 1276 1275 1340 λιπαρόχροος,
1296 1292 1500 1341 ῥὀδόχρους
1523 1295 1709 1349 leguntur.

182 1343 416 1378 Praecedunt
441 1343 513 1378 duo
541 1342 721 1388 epitheta,
747 1342 1021 1387 subsequuntur
1044 1342 1118 1377 duo
1143 1341 1306 1387 nomina,
1331 1343 1430 1399 quod
1449 1342 1558 1378 latini
1575 1343 1710 1400 poetae

185 1391 443 1447 frequentant,
477 1401 561 1425 raro
561 1355 799 1425 padmit'tunt
830 1389 964 1446 graeci.
997 1389 1195 1425 Mehlhorn
1219 1370 1469 1446 ἁπαλοχρόοις
1506 1387 1708 1446 παλάμαις,

183 1439 279 1475 Rose
306 1435 558 1484 άλαλημέναις
584 1434 620 1472 δ’
660 1434 721 1473 ἐπ’
750 1433 848 1473 αὐτα
877 1465 884 1474 .
906 1465 913 1472 .
940 1433 1168 1494 ἁπαλόχροις
1193 1434 1411 1482 παλάμαισι.
1446 1458 1489 1463 -
1522 1437 1566 1474 V.
1595 1441 1638 1474 17
1670 1437 1711 1474 in

181 1498 229 1523 m,
259 1500 285 1519 κ
314 1485 495 1521 additum.
516 1504 560 1512 —-
587 1485 631 1520 V.
655 1487 698 1520 18
725 1484 803 1520 cod.
830 1497 884 1530 pr.
911 1482 1036 1529 δήρης.
1064 1504 1110 1510 -
1134 1483 1178 1519 V.
1201 1488 1256 1520 19.
1282 1485 1413 1532 πρῷρα
1439 1486 1560 1531 (quasi
1577 1488 1709 1543 prora)

183 1532 326 1578 scripsi,
364 1533 561 1578 legebatur
597 1532 743 1577 πρῶτα,
782 1532 877 1567 Rose
912 1532 1014 1566 νῶτα
1051 1531 1214 1567 novavit.
1248 1553 1292 1558 -
1325 1521 1368 1569 V.
1403 1536 1447 1568 21
1480 1532 1560 1569 cod.
1593 1529 1642 1574 ὡς
1672 1534 1711 1569 et

184 1583 260 1626 ελιχ
262 1578 347 1617 θεν.
376 1601 419 1606 -
454 1580 498 1615 V.
526 1583 570 1615 23
598 1579 682 1637 cod3
706 1591 749 1615 ex
782 1590 873 1615 corr.
906 1580 1126 1624 διεφαίνετο
1156 1578 1292 1625 inepte.
1320 1599 1364 1605 —
1396 1579 1442 1615 V.
1463 1583 1520 1615 23.
1545 1576 1709 1628 ἀργύρῳ,

183 1628 284 1684 quod
309 1628 406 1664 Rose
431 1627 627 1663 substituit
659 1624 823 1672 ἀργυροῖ
842 1626 908 1662 illo
933 1637 1006 1662 non
1032 1626 1165 1662 melius
1191 1629 1257 1672 est,
1288 1627 1412 1663 nescio
1432 1638 1480 1663 an
1500 1624 1709 1673 ὑποπορ-

185 1672 352 1720 φύροις
383 1674 643 1721 corrigendum
675 1674 733 1709 sit.
768 1695 811 1700 —-—
844 1670 1024 1719 ὀχοῦνται
1055 1673 1275 1719 Stephanus,
1306 1675 1386 1710 cod.
1419 1671 1631 1720 ὀρχοῦνται.
1663 1695 1708 1701 —-

185 1723 227 1758 V.
255 1726 301 1758 24
327 1723 406 1758 cod.
434 1723 594 1768 ὃελφισι,
620 1722 732 1767 vulgo
760 1723 931 1767 δελφῖσιν
955 1733 1030 1757 11011
1048 1723 1159 1758 recte.
1187 1743 1231 1748 -
1257 1726 1463 1768 χορευταῖς,
1488 1722 1618 1758 malim
1637 1735 1709 1768 χο·

183 1771 360 1826 ρευταί,
386 1782 473 1805 nam
499 1770 760 1828 delphinorum
785 1769 940 1805 choreae
966 1769 1100 1805 iterum
1126 1783 1160 1806 v.
1181 1773 1225 1805 27
1245 1770 1508 1805 memorantur.
1530 1790 1572 1796 -
1599 1770 1642 1806 V.
1664 1773 1710 1805 25

185 1815 342 1862 δολερὸν
375 1815 508 1858 Πόθος
533 1814 690 1864 μετώπῳ
708 1814 820 1873 ”Ερος
840 1812 986 1863 Ἰμερος
1015 1817 1196 1862 γελῶντες
1222 1817 1448 1853 confidenter
1473 1817 1614 1853 correxi
1637 1819 1710 1853 tra-

185 1866 323 1900 ditam
331 1865 550 1910 scripturam
583 1861 739 1907 δολερὸν
771 1861 861 1899 νόον
887 1865 1063 1909 μερόπων
1095 1867 1170 1902 κτλ,
1201 1875 1289 1900 nam
1315 1865 1522 1911 asyndeton
1546 1864 1711 1900 trimem-

184 1913 289 1948 brem
310 1912 519 1948 orationem
545 1911 783 1955 testificatur,
815 1912 943 1955 itaque
967 1911 1120 1947 tertium
1147 1923 1293 1956 quoque
1318 1911 1474 1947 Veneris
1498 1912 1710 1948 ministrum

187 1956 325 1995 Πόθον
351 1960 680 1994 commemoratum
701 1969 779 1994 esse
799 1959 942 1994 certum
962 1959 1027 1994 est.
1065 1958 1285 1995 Mendosum
1304 1970 1384 1995 esse
1403 1956 1577 2015 μερόπων
1597 1970 1710 2005 agno-

189 2009 323 2043 verunt
348 2006 487 2042 Barnes
514 2005 676 2064 (δολεροὶ
700 2004 787 2041 νέον
814 2004 1000 2051 μέτωπον)
1027 2007 1065 2040 et
1090 2006 1116 2042 I.
1142 2006 1187 2041 H.
1213 2006 1309 2042 Voss
1336 2004 1506 2051 (δολερὸν
1533 2003 1621 2042 νόον
1647 2019 1709 2052 με·

188 2052 324 2102 τώπφ),
345 2075 389 2080 -
417 2054 460 2089 V.
483 2057 539 2089 26.
556 2051 666 2109 ”Ερος
692 2052 1069 2112 Βο11100,00(1.ἐ’.ρως
1090 2073 1134 2079 —
1161 2053 1204 2088 V.
1225 2057 1281 2089 27.
1307 2066 1359 2098 τε,
1385 2052 1521 2088 Barnes
1541 2052 1583 2089 δὲ
1601 2065 1706 2099 prae-

187 2090 287 2137 tulit.
322 2122 366 2127 -—
399 2102 443 2136 V.
470 2105 526 2137 28
559 2098 600 2136 τὸ
638 2097 732 2146 σῶμ’
766 2080 899 2143 ὀπάζει
929 2100 1175 2146 probabiliter
1201 2101 1280 2136 cod.
1312 2100 1511 2136 lectionem
1535 2097 1578 2136 τὸ
1604 2112 1710 2147 σωμα

185 2150 311 2192 παίζει
337 2148 567 2194 expedivisse
593 2147 687 2183 mihi
711 2148 848 2183 videor.
889 2147 983 2189 Sane
1015 2149 1163 2190 παίζειν
1189 2148 1372 2205 convenit,
1397 2148 1709 2196 quemadmodum

189 2198 247 2232 est
271 2197 310 2232 in
338 2196 624 2231 Titanomachia
649 2195 790 2240 cyclica
817 2192 949 2240 ἰχθύες
975 2191 1071 2230 ἑλλοὶ
1096 2196 1293 2238 παίζοντες
1311 2193 1484 2241 νήχοντο,
1509 2195 1574 2231 0οᾶ
1595 2198 1709 2231 struc-

186 2245 272 2279 tura
296 2245 445 2287 παίζειν
473 2244 590 2300 σῶμα
603 2244 855 2302 praepostera,
882 2242 1078 2288 oportebat
1107 2243 1147 2277 id
1173 2243 1277 2288 σῶμα
1303 2244 1424 2278 σαίνει
1449 2242 1539 2288 dici,
1571 2242 1617 2278 cf.
1644 2243 1710 2278 So-

185 2292 309 2348 phocl.
335 2292 377 2327 fr.
406 2295 473 2326 691
507 2288 617 2336 χορὸς
642 2288 684 2326 δὲ
711 2287 863 2336 μύνδων
889 2255 1034 2346 ἰχθύων
1068 2286 1273 2345 ἐπερρόθει
1304 2291 1496 2330 σαίνοντες
1526 2287 1712 2336 ουραίοισι

185 2336 254 2384 τὴν
279 2337 523 2384 κεκτημένην.
574 2338 703 2382 Itaque
738 2336 974 2373 Homericum
1010 2333 1143 2380 ὀπάζει
1173 2336 1338 2380 restitui,
1375 2337 1502 2382 qualia
1533 2338 1710 2374 adamant

184 2387 248 2422 isti
275 2386 552 2422 versificatores,
603 2385 699 2439 11000
727 2384 886 2420 correxit
916 2385 1108 2434 κυβιστᾷ
1141 2386 1295 2430 Παφίης
1325 2397 1369 2420 τε
1405 2385 1504 2430 (fort.
1537 2395 1582 2420 ex
1601 2384 1708 2430 .οο(1.)

184 2434 289 2479 σῶμα
314 2434 447 2476 παίζει

280 2532 335 2564 56.
390 2527 564 2563 Additum
599 2528 638 2562 in
663 2539 711 2564 m.
737 2523 838 2562 ἄλλο
889 2526 1047 2563 Carmen
1078 2527 1150 2562 hoc
1181 2536 1375 2572 peiperam
1405 2525 1444 2561 in
1469 2525 1560 2561 duas
1585 2527 1709 2571 partes

184 2576 433 2620 discerptum·
460 2575 561 2620 prior
579 2586 664 2621 pars
684 2578 848 2610 v.1—22
874 2574 936 2610 hic
954 2574 1104 2619 legitur,
1130 2585 1242 2619 quam
1261 2573 1436 2609 continuo
1455 2572 1594 2618 excipit
1618 2584 1646 2609 c.
1662 2577 1707 2609 58

186 2625 277 2658 ΕΙΣ
302 2624 483 2665 ΟΙΝΟΝ,
509 2624 590 2658 tum
615 2622 781 2666 sequitur
806 2625 850 2657 59
878 2623 970 2656 ΕΙΣ
996 2623 1281 2665 ΑΠΟΛΛΩΝΑ,
1307 2631 1465 2666 quocum
1491 2620 1709 2656 coaluerunt

185 2670 390 2706 carminum
421 2649 620 2715 reliquiae,
651 2681 742 2714 quas
777 2669 856 2706 cod.
889 2669 967 2705 Pal.
1001 2668 1178 2704 servavit:
1217 2669 1256 2704 et
1289 2668 1409 2703 altera
1439 2666 1590 2724 quidem
1621 2678 1710 2713 pars

185 2718 294 2753 huius
319 2716 504 2762 poematis
531 2730 564 2752 v.
591 2721 679 2752 23—
687 2721 731 2752 36
758 2716 998 2752 novissimum
1025 2716 1170 2751 obtinet
1195 2715 1329 2759 locum,
1353 2714 1481 2760 itaque
1506 2711 1609 2755 τέλος
1633 2715 1707 2750 τῶν

180 2762 441 2810 Ἀνακρέοντος
467 2764 733 2810 συμποσιακῶν
765 2763 1033 2809 subscriptum:
1066 2763 1134 2798 hos
1167 2761 1446 2808 quatuordecim
1476 2761 1708 2797 hemiambos

185 2824 207 2847 a
237 2812 415 2857 proximis
450 2811 620 2847 dimetris
658 2811 790 2847 ionicis
831 2810 1083 2856 segregandos
1120 2821 1202 2846 esse
1231 2808 1483 2845 manifestum:
1516 2809 1581 2844 sed
1607 2808 1707 2845 solus

186 2859 323 2894 Barnes
349 2858 535 2904 perspexit
560 2858 836 2904 coniungendos
870 2869 946 2894 esse
979 2869 1063 2893 cum
1088 2869 1117 2893 c.
1138 2861 1196 2903 56,
1221 2855 1319 2911 quod
1339 2855 1531 2891 commode
1554 2855 1630 2891 iam
1650 2855 1708 2892 his

186 2906 351 2941 versibus
377 2906 667 2953 redintegratur.
698 2906 826 2951 itaque
858 2916 931 2941 non
962 2904 1038 2941 iam
1064 2886 1235 2941 dubitavi
1258 2903 1298 2939 in
1323 2915 1430 2939 suum
1454 2903 1577 2953 locum
1602 2903 1709 2939 resti-
