1864 3126
0 2300 9 2387 ἱ

0 2391 9 2492 i

851 749 1004 792 XLIII.
1407 729 1410 732 ’
1605 759 1695 791 1268

625 855 1233 909 TIMOTHEUS.

259 1008 539 1045 Timotheus.
581 1009 759 1045 Timothei
783 1010 951 1046 carmina
976 1010 1110 1045 Suidas
1133 1009 1225 1045 haec
1244 1010 1426 1052 recenset,
1440 1010 1483 1044 ut
1507 1007 1604 1044 solet
1627 1019 1695 1054 pro

161 1055 317 1093 arbitrio
342 1055 506 1092 inserens
532 1056 737 1092 carminum
763 1057 962 1103 generibus
998 1056 1392 1102 aliquot-poematum
1424 1055 1574 1091 titulos:
1607 1054 1694 1101 γρά-

161 1112 239 1147 ψας
264 1100 316 1140 δι’
346 1101 448 1140 ἐπῶν
474 1101 613 1150 νόμους
644 1102 848 1148 μουσικοὺς
881 1102 953 1146 ιθ’,
979 1105 1159 1151 προοίμια
1184 1100 1260 1147 λς’,
1278 1101 1462 1149 Ἄρτεμιν,
1489 1101 1696 1143 διασκευὰς

160 1148 214 1196 η’,
243 1148 427 1197 ἐγκώμια,
459 1150 609 1195 Πέρσας
633 1149 656 1197 ἢ
683 1149 883 1188 Ναύπλιον
919 1152 966 1196 (V
993 1150 1246 1195 Ναύπλειον),
1280 1152 1475 1195 Φινείδας,
1511 1150 1694 1197 Λαέρτην,

161 1196 332 1244 διθυράμ
359 1212 425 1240 ους
450 1196 510 1244 ιη’,
536 1195 679 1245 ὕμνους
703 1197 764 1235 κά’
790 1199 854 1236 καὶ
881 1196 975 1236 ἄλλα
1000 1197 1095 1236 τινά.
1136 1199 1189 1235 De
1208 1210 1362 1235 numero
1382 1210 1575 1234 nomorum
1604 1211 1693 1245 pau-

158 1246 277 1283 lulum
348 1246 509 1292 iserepat
553 1246 681 1293 Steph.
722 1248 806 1293 Byz.
834 1260 867 1284 v.
908 1248 1090 1294 Μίλητος-ι
1133 1245 1324 1293 Τιμόθεος
1367 1245 1608 1292 κιθαρῳδός,
1654 1242 1696 1287 ὃς

161 1291 313 1340 ἐποίησε
341 1291 468 1340 νόμων
495 1295 765 1343 κιθαρῳδικῶν
792 1295 940 1343 βίβλους
966 1292 1248 1339 ὀκτωκαίδεκα,
1274 1294 1329 1336 εἰς
1354 1291 1455 1331 ἐπῶν
1482 1294 1694 1340 ὀκτακισχι-

159 1343 248 1378 λίων
286 1338 352 1378 τὸν
391 1338 578 1387 ἀριθμόν,
610 1343 674 1378 καὶ
706 1341 896 1389 προνόμια
929 1342 1028 1387 (fort.
1061 1343 1279 1389 προοίμια
1314 1345 1369 1378 ut⁴
1391 1341 1524 1379 Suidas
1558 1344 1695 1388 vocat),

160 1386 282 1426 ἄλλων
308 1386 450 1434 (αὐλῶν
475 1389 597 1426 Bothe
624 1390 735 1436 coni.)
767 1392 867 1436 χίλια
884 1390 1123 1436 .(Salmasius
1149 1391 1300 1436 χιλίων).
1334 1390 1537 1435 Incertum,
1571 1392 1695 1426 utrum

162 1436 201 1472 in
225 1447 380 1473 numero
405 1436 642 1473 librariorum
668 1438 780 1484 eulpa
803 1449 905 1475 error
930 1438 980 1474 sit
1004 1438 1203 1483 admissus,
1230 1449 1278 1473 an
1303 1437 1423 1473 critici
1448 1439 1603 1482 veteres,
1629 1438 1694 1484 qui

162 1484 351 1521 Timothei
377 1484 543 1520 carmina.
566 1485 604 1521 in
630 1485 797 1521 ordinem
817 1485 1054 1532 redegerunt,
1074 1486 1212 1532 passim
1231 1484 1497 1529 dubitaverint,
1517 1497 1694 1531 quorsum

160 1532 308 1579 singula
333 1532 501 1568 earmina
525 1533 765 1578 pertinerent.
807 1533 918 1570 Velut
941 1531 1116 1580 Ἄρτεμις,
1146 1533 1247 1579 quod
1278 1544 1429 1569 carmen
1459 1534 1587 1580 hymni
1611 1533 1694 1570 loco

160 1579 273 1616 fuisse
297 1579 463 1616 indicare
489 1580 638 1616 videtur
662 1581 843 1618 Alexand.
870 1581 992 1619 Aetol.
1019 1593 1078 1627 ap.
1106 1581 1268 1617 Macrob.
1298 1581 1375 1617 Sat.
1402 1581 1435 1617 V
1461 1585 1524 1616 22:
1555 1577 1645 1617 Ἀλλ’
1673 1577 1695 1617 ὅ

158 1640 200 1673 γε
238 1624 482 1674 πευθόμενος
515 1626 640 1674 πάγχυ
679 1631 875 1675 Γραικοῖσι
910 1627 1095 1675 μέλεσθαι
1129 1626 1323 1675 Τιμόθεον
1357 1625 1523 1675 κυθάρας
1556 1629 1695 1676 ἴδμονα

159 1675 224 1711 καὶ
259 1673 421 1722 μελέων,
459 1673 551 1711 Τῖὸν
589 1674 862 1722 Θερσάνδροιο,
898 1674 964 1713 τὸν
998 1673 1140 1724 ᾔνεσαν
1174 1673 1295 1723 άνέρα
1330 1677 1465 1722 σίγλων
1499 1678 1695 1722 Χρυσείων

159 1719 242 1769 ἷερῇ
269 1720 316 1769 δὴ
343 1720 426 1759 τότε
465 1720 605 1769 χιλιάδι
630 1720 852 1770 ’Τμνῆσαι
883 1722 1028 1770 ταχέων
1054 1718 1162 1760 Ὦπιν
1195 1722 1393 1772 βλήτειραν
1428 1720 1583 1770 ὀϊστῶν,
1608 1721 1692 1760 Ἥτ’

160 1767 223 1806 ἐπὶ
250 1772 439 1818 Κεγχρείῳ
464 1772 504 1806 τί
544 1783 587 1807 ον
621 1769 727 1808 οἷκον
761 1770 783 1807 ἔ
806 1785 851 1815 ει,
889 1772 1050 1808 fortasse
1082 1772 1285 1808 seeundum
1316 1771 1412 1808 alios
1442 1772 1581 1808 Nomos
1610 1772 1693 1809 fuit.

159 1816 269 1854 Certe
295 1816 443 1863 Πέρσαι
506 1829 605 1855 omos
629 1819 713 1865 fuit,
739 1819 776 1855 vi
806 1848 813 1855 .
840 1820 1000 1856 Pausan.
1026 1819 1113 1855 VIII
1139 1823 1198 1864 50,
1218 1824 1258 1856 3:
1284 1816 1465 1855 Πυλάδου
1492 1818 1535 1855 δὲ
1563 1822 1693 1866 Μεγα-

158 1866 356 1901 λοπολίτου
383 1864 454 1912 μὲν
479 1862 620 1911 ἀνδρὸς
644 1865 772 1913 γένος,
804 1868 1027 1916 κιθαρῳδοῦ
1054 1866 1096 1904 δὲ
1123 1868 1198 1902 τῶν
1224 1863 1290 1913 ἐφ’
1320 1863 1459 1903 ἑαυτοῦ
1486 1865 1693 1914 δοκιμωτά-

158 1926 233 1949 των
259 1913 324 1949 καὶ
349 1909 592 1961 ἀνῃρημένου
612 1911 793 1961 Πυθικὴν
817 1916 940 1961 νίκην,
959 1913 1043 1951 τότε
1065 1913 1107 1951 δὲ
1127 1912 1288 1957 ἄδοντος
1309 1914 1503 1962 Τιμοθέου
1531 1918 1572 1951 N
1578 1913 1659 1962 ὁμο
1672 1929 1694 1951 ν

159 1961 227 1996 τοῦ
252 1962 440 2007 Μιλησίου
467 1960 648 2007 Πέρσας
681 1964 755 1998 κτλ.
804 1962 912 1998 Adde
939 1963 1092 2000 Aristot.
1118 1951 1222 2000 Poet.
1249 1975 1280 2000 o.
1307 1967 1346 1999 2:
1382 1959 1521 2009 ὁμοίως
1553 1962 1595 1999 δὲ
1629 1964 1694 1999 καὶ

159 2007 246 2053 περὶ
271 2005 360 2050 τοὺς
384 2007 648 2058 διθυράμβους
671 2009 737 2046 καὶ
761 2007 851 2051 τοὺς
874 2008 1026 2057 νόμους,
1052 2007 1102 2052 ὥς
1127 2009 1279 2056 Πέρσας
1303 2010 1368 2046 καὶ
1386 2007 1610 2058 Κύκλωπας,
1632 2015 1694 2047 Τι-

160 2052 306 2102 μόθεος
329 2056 395 2092 καὶ
421 2054 620 2100 Φιλόξενος
644 2055 846 2104 μιμήσαιτο
871 2055 920 2093 ἄν
947 2072 1012 2099 τις.
1062 2070 1149 2095 nam
1175 2058 1336 2112 Cyclops
1367 2058 1468 2095 haud
1501 2059 1613 2095 dubie
1639 2061 1693 2095 di-

161 2103 373 2187 Ztiyrambus
397 2103 486 2140 fuit:
511 2104 603 2141 item
629 2105 780 2142 Laertes
806 2107 844 2142 et
872 2106 1083 2142 Phiniadae
1110 2106 1169 2142 vel
1195 2106 1325 2142 Nomls
1352 2106 1411 2142 vel
1436 2106 1695 2151 Dithyrambis

210 2150 339 2197 scripti
364 2151 525 2195 fuerunt,
555 2164 629 2188 non
673 2151 871 2196 encomiis,
902 2155 945 2190 ut
983 2153 1115 2190 Suidas
1154 2153 1302 2190 videtur
1331 2153 1536 2190 testificari.
1588 2155 1695 2198 Quod

162 2197 296 2234 Suidas
315 2198 419 2243 dicit,
438 2199 571 2235 Persas
590 2199 704 2236 etiam
726 2198 927 2237 Ναύπλιον
952 2204 1117 2247 vocatos,
1142 2201 1362 2237 manifestus
1387 2213 1488 2238 error
1513 2203 1582 2246 est,
1608 2202 1693 2238 fort.

161 2245 361 2292 legendum
382 2245 542 2290 Πέρσας,
563 2248 798 2283 Ναυτίλον
823 2243 846 2294 ἢ
869 2245 1129 2294 Ναύπλιον,
1150 2252 1192 2286 ut
1210 2249 1323 2286 etiam
1346 2249 1502 2295 Bippart
1521 2249 1694 2294 coniecit,

160 2292 209 2328 cf.
236 2293 369 2329 Athen.
397 2293 482 2329 VIII
508 2293 623 2331 338A
655 2294 772 2340 (Eust.
799 2295 839 2331 Il.
870 2299 979 2342 1538,
1006 2298 1058 2343 5):
1093 2293 1112 2332 ὅ
1146 2294 1261 2338 αὐτὸς
1287 2298 1445 2341 Δωρίων
1477 2297 1693 2343 καταγελῶν

160 2341 228 2376 τοῦ
262 2337 304 2376 ἐν
337 2341 387 2388 τῷ
422 2339 616 2387 Τιμοθέου
649 2343 826 2391 Ναυτίλῳ
858 2342 1114 2388 (casaubonus
1146 2344 1239 2380 coni.
1267 2345 1467 2392 Ναυπλίῳ)
1501 2346 1694 2391 χειμῶνος,

162 2386 329 2432 ἔφασκεν
366 2385 406 2424 ἐν
445 2387 621 2436 κακκάβα
657 2388 794 2433 ζεούσα
829 2392 984 2436 μείζονα
1011 2387 1220 2436 ἑωρακέναι
1247 2392 1424 2438 χειμῶνα.
1464 2412 1505 2416 -
1540 2389 1694 2429 Ώδίνα

160 2435 350 2471 Timothei
375 2439 560 2473 memorat
583 2426 718 2474 Athen.
740 2426 825 2473 VIII
846 2442 915 2474 352
929 2438 979 2474 A:
1006 2436 1221 2481 ἐπακούσας
1247 2438 1289 2475 δὲ
1316 2436 1600 2485 (Στρατόνικος)
1627 2442 1694 2500 τῇς

156 2479 300 2524 Ὠδῖνος
313 2484 378 2529 τῆς
394 2484 600 2531 Τιμοθέου,
614 2484 665 2521 Εἰ
675 2482 713 2521 δ’
730 2482 947 2534 ἐργολάβον,
969 2485 1056 2532 ἔφη,
1079 2485 1211 2531 ἔτικτε,
1232 2487 1297 2522 καὶ
1317 2484 1367 2533 μὴ
1387 2483 1497 2531 θεόν,
1518 2488 1629 2528 ποίας
1642 2501 1692 2524 αν

161 2527 270 2576 ἠφίει
288 2528 436 2576 φωνάς;
455 2532 602 2578 integer
622 2532 755 2569 titulus
769 2532 976 2579 Σεμέλης
995 2530 1102 2576 ὥδίς
1120 2534 1202 2579 fuit,
1228 2534 1302 2570 vid.
1324 2534 1546 2580 ephororum
1570 2535 1693 2572 deere-

158 2580 239 2614 tum
252 2578 351 2624 apud
366 2578 563 2615 Boethium
578 2580 623 2616 de
639 2592 732 2617 mus.
747 2593 781 2627 p.
800 2584 864 2616 182
881 2581 1015 2617 Friedl.
1031 2582 1146 2628 (quod
1165 2581 1337 2628 quamvis
1357 2581 1547 2625 ficticium,
1566 2585 1693 2620 tamen

160 2636 183 2660 a
208 2626 373 2662 musicae
399 2626 492 2662 artis
517 2626 639 2673 perito
664 2628 806 2664 arbitro
830 2627 1044 2665 Aristoxeni
1075 2631 1118 2666 ut
1149 2629 1297 2665 videtur
1322 2629 1506 2665 sectatore
1533 2631 1572 2665 et
1596 2632 1693 2668 anti·

160 2684 255 2719 quae
274 2673 494 2720 disciplinae
513 2675 661 2710 vindice
681 2676 942 2721 compositum,
962 2675 1061 2713 haud
1080 2676 1207 2722 inepte
1227 2675 1469 2712 Timotheum
1494 2677 1695 2724 exagitat»

158 2721 422 2766 παρακληθεὶς
441 2720 483 2757 δὲ
510 2723 575 2757 καὶ
602 2719 710 2758 ἐτεὸν
735 2719 866 2768 άγῶνα
886 2724 955 2768 τάρ
976 2720 1199 2766 Ἐλεισινίαρ
1220 2721 1423 2769 Δάματρορ
1442 2720 1595 2770 ἀπρεπῆ
1616 2727 1692 2763 διε-

159 2765 338 2804 κειάσατο
363 2767 433 2805 τὰν
459 2769 509 2804 τῶ
538 2770 630 2815 μίτω
657 2767 871 2806 διασκειάν·
898 2768 968 2806 τὰν
994 2769 1065 2816 γάρ
1091 2770 1264 2817 Σεμέλαρ
1291 2767 1411 2806 ὠδῖνα
1437 2767 1507 2807 οὐκ
1534 2769 1576 2809 έν
1602 2774 1692 2821 δίκᾳ

158 2812 224 2860 τὰρ
251 2814 339 2861 νέορ
365 2813 551 2852 διδάκκει.
601 2817 707 2853 Adde
740 2817 854 2853 etiam
886 2818 957 2854 Dio
984 2818 1173 2864 Chrysost.
1200 2818 1371 2854 LXXVII
1399 2820 1485 2855 768:
1519 2818 1624 2862 τέλος
1648 2822 1692 2859 δὲ

159 2859 229 2907 τὴν
255 2860 378 2908 κόμην
404 2861 644 2900 διαπάσαντα
670 2864 735 2900 καὶ
765 2862 810 2901 τὰ
842 2863 973 2923 γένεια
1004 2865 1054 2913 τῷ
1086 2863 1275 2912 ψήγματι,
1308 2865 1368 2901 καὶ
1403 2863 1444 2901 τὸ
1477 2864 1542 2902 στό
1571 2880 1597 2903 α
1629 2866 1689 2916 ἒμ-

160 2907 353 2955 πλήσαντα
379 2913 442 2947 καὶ
463 2908 530 2952 τὰς
549 2909 720 2957 γνάθους
739 2908 921 2958 ἒκατερας
939 2910 1044 2959 μόλις
1064 2911 1134 2957 ἔξω
1155 2914 1336 2962 βαδίζειν,
1357 2908 1481 2959 ὥσπερ
1501 2916 1692 2953 αυλοῦντα
