1864 3126
0 0 110 166 ἶ
769 123 1047 161 81ΜοΝιῐ)Ε3.
1585 125 1673 174 41²2

0 171 18 207 ἲ

0 220 10 283 f
134 234 254 276 certis
290 235 446 275 indiciis
478 235 580 276 falso
619 235 812 275 Simonidi
852 237 1052 277 attributa
1085 251 1171 278 csse
1204 239 1302 278 mihi
1332 239 1441 279 visus
1474 250 1563 278 sum
1588 251 1673 288 per-

0 296 10 311 '⁷
133 300 306 352 spicere,
342 301 457 340 obelo
488 301 530 341 iu
561 301 743 351 margine
781 301 918 341 addito
957 303 1163 353 insignivi,
1201 317 1329 354 neque
1362 315 1455 342 vero
1488 302 1676 354 adpunxi,

132 366 325 418 quidquid
346 366 588 407 dubitationi
607 367 839 418 obnoxium;
865 380 957 406 nam
985 368 1192 418 paradosis
1215 380 1502 419 saepenumero
1523 367 1678 408 incerta

131 431 356 472 admodum.
408 432 573 473 Veteres
598 445 732 472 rerum
758 434 968 483 gestarum
1002 434 1216 484 scriptores
1249 447 1336 473 cum
1369 433 1564 473 adhibent
1597 434 1675 484 epi-

131 502 358 549 grammata
382 499 552 550 publicis
585 499 854 539 monumentis
886 498 1098 550 inscripta,
1136 501 1279 550 poetae
1310 512 1455 539 nomen
1485 499 1675 539 reticent:

133 563 202 614 qui
232 567 326 615 post
356 564 484 605 secuti
515 567 628 614 sunt,
666 565 841 615 pendent
883 577 931 603 ex
968 565 1209 604 auctoritate
1248 577 1402 615 eorum,
1446 564 1514 615 qui
1557 564 1677 615 primi

134 627 350 669 Simonidis
383 631 676 683 epigrammata
707 629 885 681 undique
923 630 1148 681 conquisita
1179 632 1221 670 et
1251 631 1420 671 collecta
1451 629 1673 670 ediderunt.

133 693 285 734 Eorum
309 698 446 736 autem
472 696 704 747 carminum,
729 708 831 747 quae
857 695 1028 747 privatis
1049 697 1315 736 monumentis
1336 696 1474 735 addita
1499 696 1673 747 fuerunt,

135 760 352 810 paradosin
382 762 511 801 multo
550 763 676 813 inagis
716 762 911 802 incertam
957 774 1044 800 esse
1082 765 1260 812 apparet.
1322 762 1466 812 Itaque
1504 762 1538 800 si
1576 761 1673 800 haec

134 825 257 865 editio
289 827 624 878 epigrammatum
650 828 701 867 ad
726 840 798 867 nos
826 828 1048 878 propagata
1075 829 1198 878 esset,
1231 828 1378 867 criticis
1411 840 1490 867 non
1514 827 1674 866 deesset

134 890 396 931 addubitandi
424 892 554 943 copia:
585 905 708 943 nunc,
740 906 830 932 cum
855 893 969 931 illam
995 892 1179 943 syllogen
1205 893 1320 932 nobis
1346 895 1457 933 aetas
1484 892 1674 932 inviderit

134 958 256 1006 atque
275 970 437 997 necesse
458 958 511 997 sit
530 958 720 1008 reliquias
741 958 1078 1009 epigrammatum
1093 958 1222 997 denuo
1238 959 1409 1009 undique
1429 959 1672 1009 conquirere,

138 1022 265 1062 multo
296 1023 493 1075 iniquiore
524 1024 749 1064 conditione
783 1023 952 1063 utimur:
993 1037 1084 1063 nam
1118 1024 1187 1075 qui
1217 1026 1546 1075 propagaverunt
1576 1024 1674 1063 haec

135 1086 446 1138 epigrammata,
472 1091 614 1139 poetae
634 1102 779 1129 nomen
797 1078 916 1139 saepe
938 1091 1125 1138 reticent,
1151 1092 1223 1129 aut
1243 1090 1278 1133 si
1296 1089 1462 1138 addunt,
1488 1092 1673 1129 auctores

132 1165 276 1203 parum
295 1154 516 1206 locupletes
537 1157 642 1194 sunt.
694 1154 817 1194 Velut
834 1154 1107 1205 Anthologiae
1130 1154 1349 1204 Palatinae,
1378 1167 1480 1205 quae
1499 1155 1675 1206 plurima

133 1216 346 1259 Simonidis
378 1221 672 1272 epigrammata
713 1221 962 1271 suppeditat,
1003 1220 1046 1260 in
1083 1222 1293 1271 poetarum
1334 1221 1561 1260 nominibus
1593 1223 1672 1260 tra-

133 1282 272 1324 dendis
302 1298 423 1336 quam
454 1286 607 1325 incerta
638 1286 691 1326 sit
723 1286 833 1335 fides,
872 1287 970 1325 satis
1013 1299 1212 1337 superque
1251 1289 1419 1326 constat.
1484 1286 1560 1325 Sed
1593 1300 1671 1337 quo

131 1349 262 1400 magis
288 1350 406 1390 huius
426 1351 684 1391 instrumenti
704 1352 923 1404 auctoritas
944 1353 1120 1402 vacillat,
1153 1365 1199 1391 eo
1219 1352 1345 1392 maior
1365 1353 1496 1392 cautio
1525 1355 1586 1408 est
1605 1352 1672 1391 ad-

135 1413 327 1467 hibenda,
366 1418 412 1455 ut
443 1429 493 1455 ne
532 1416 792 1455 fundamenta
829 1417 990 1467 penitus
1029 1417 1315 1456 subducantur.
1379 1416 1482 1456 Sane
1513 1418 1675 1462 nomina

134 1482 344 1530 poetarum
378 1481 678 1532 epigrammatis
719 1482 760 1520 in
793 1482 1041 1532 Anthologia
1071 1482 1272 1532 adscripta
1303 1483 1442 1522 multis
1474 1495 1520 1523 ac
1551 1484 1674 1523 variis

134 1545 305 1585 obnoxia
336 1546 498 1585 fuerunt
524 1546 738 1596 erroribus,
764 1559 863 1597 quos
890 1547 1186 1598 deprehendere
1219 1548 1454 1598 plerumque
1485 1549 1673 1599 proclive,

134 1611 319 1662 expedire
351 1610 642 1651 difficillimum.
705 1611 850 1651 Procul
890 1613 1026 1651 autem
1068 1613 1250 1652 habenda
1287 1613 1460 1663 suspicio
1499 1614 1673 1664 plurima

131 1676 292 1716 nomina
316 1678 468 1716 temere
494 1689 538 1716 ac
564 1690 636 1727 pro
663 1677 830 1716 arbitrio
858 1691 946 1718 esse
972 1678 1125 1717 addita:
1153 1691 1248 1718 sane
1274 1678 1425 1729 passim
1450 1680 1672 1730 adespoton

133 1743 377 1791 poematium
410 1755 482 1782 suo
515 1743 681 1783 arbitrio
712 1743 1018 1783 vindicaverunt
1056 1743 1148 1782 huic
1186 1744 1251 1783 vel
1287 1744 1348 1783 illi
1386 1747 1547 1794 poetae,
1603 1745 1673 1784 sed

132 1806 382 1856 probabilem
401 1807 484 1847 fere
504 1807 706 1858 capientes
726 1809 1015 1860 coniecturam3
1037 1808 1105 1848 sed
1125 1809 1362 1860 plerumque
1382 1813 1517 1850 vetere
1538 1811 1672 1862 aliquo

136 1872 317 1922 exemplo
344 1873 406 1912 usi
431 1873 591 1912 nomina
616 1874 657 1913 in
678 1886 796 1912 suum
817 1874 950 1914 locum
969 1874 1247 1915 restituerunt.
1297 1875 1401 1915 Nam
1427 1876 1469 1914 in
1494 1877 1671 1928 antiquis

135 1937 378 1989 anthologiis
417 1940 661 1979 carminibus
699 1939 904 1994 ade-sputis
943 1940 1078 1979 nullus
1117 1943 1205 1980 erat
1247 1941 1374 1981 locus:
1420 1941 1489 1992 qui
1532 1946 1673 1992 postea

135 2002 471 2053 epigrammatum
504 2006 661 2057 eclogas
693 2005 973 2055 condiderunt,
1012 2006 1084 2046 hoc
1122 2006 1254 2046 minus
1295 2011 1538 2047 curaverunt
1593 2022 1671 2058 quo

1543 2039 1555 2060 7

133 2069 301 2109 accessit
331 2069 587 2110 librariorum
614 2071 812 2120 socordia,
844 2071 912 2122 qui
937 2084 1056 2122 saepe
1069 2072 1236 2112 nomina
1260 2073 1462 2123 adscripta
1486 2075 1671 2125 neglexe-

135 2218 254 2253 tatem
285 2219 464 2265 principis
491 2219 666 2256 editionis
694 2216 991 2258 Simonideorum
1023 2221 1337 2268 epigrammatum
1371 2223 1671 2260 convellendam:

136 2264 241 2300 velut
267 2276 323 2311 ep.
347 2270 412 2302 132
432 2267 532 2312 quod
553 2279 666 2314 supra
683 2280 719 2314 p.
735 2272 804 2304 445
825 2269 934 2305 docui
954 2271 1147 2324 receptum
1166 2270 1282 2305 fuisse
1301 2270 1340 2305 in
1366 2270 1462 2305 hanc
1488 2270 1671 2318 syllogen,

136 2311 256 2348 omnis
293 2312 463 2349 veritatis
500 2316 608 2350 notas
647 2327 736 2360 prae
768 2327 808 2352 se
845 2316 934 2360 fert;
972 2316 1213 2352 nihssominus
1245 2316 1445 2353 Kirchhoff
1471 2329 1582 2354 ausus
1615 2322 1673 2355 est

138 2358 321 2415 Simonidi
346 2360 580 2407 abiudicare,
611 2363 842 2418 argumentis
866 2375 959 2418 usus·
985 2363 1204 2410 levissimis,
1236 2367 1279 2400 ut
1303 2375 1371 2419 suo
1397 2365 1479 2401 loco
1505 2367 1671 2412 exposui.

140 2428 183 2433 —
205 2406 337 2490 ¹{⁴}pigr.
368 2412 447 2463 1·ssss-
461 2410 654 2491 recegtnm
685 2410 800 2465 §uisse
831 2423 870 2447 in
886 2411 1085 2466 ‘editiones
1118 2414 1281 2448 testatur
1306 2412 1584 2468 Aristophanes·
1599 2414 1670 2469 By-

0 2487 6 2560 5·
133 2465 202 2548 ῗέἔξ
217 2456 1674 2557 ,33‘Tip‘gzsseiffigsszsssssssfffissgoffia>‘333233303232{2232{31¹m²f‘¹¹3223f

0 2561 4 2574 ·
135 2550 366 2605 pletissimus
391 2553 522 2606 auctor
551 2551 793 2597 Aristoteles,
830 2553 1050 2599 praesertim
1083 2566 1165 2608 cum
1195 2551 1492 2609 Ὀλυμπιονικῷν
1530 2556 1671 2593 indices

137 2597 362 2653 condiderit,
398 2611 445 2653 ‘iu
488 2609 563 2645 quo
601 2600 779 2646 opusculo
823 2601 1015 2638 condendo
1054 2603 1168 2656 etiam
1207 2602 1391 2657 eiusmodi
1428 2603 1559 2639 titulos
1579 2615 1670 2658 ‘non

137 2645 344 2691 neglexisse
371 2646 534 2691 videtur,
574 2658 647 2702 non
685 2647 1049 2703 tamen-propterea
1086 2648 1269 2704 Simonidi
1307 2661 1540 2704 epigramma
1576 2652 1670 2687 illud

138 2692 411 2776 derog‘tlmdum:
449 2705 535 2730 nam
572 2696 686 2731 etiam
719 2705 929 2741 principum
971 2706 1133 2751 virorum
1172 2699 1312 2742 scripta
1343 2697 1501 2753 aliorum
1535 2699 1670 2755 studiis

140 2742 387 2835 2212203235
411 2743 947 2836 “isaffissssffixgs-{0‘32ss2332
961 2754 1135 2827 ἳῗέἒέῗ
1148 2746 1325 2827 ffiz's,
1342 2749 1673 2840 saginas&

136 2844 227 2918 ἰιαῗιέι
239 2835 400 2918 ¹⁵partica
416 2847 440 2872 a
463 2839 610 2874 tantum
637 2837 810 2874 carminis
835 2839 983 2874 servata
1007 2839 1081 2885 est,
1107 2839 1150 2875 ut
1173 2839 1232 2875 vel
1259 2850 1394 2876 nomen
1420 2839 1572 2878 victoris
1604 2853 1671 2879 nos

217 2892 240 2917 a
259 2910 267 2918 .
