1864 3126
218 131 305 172 472
526 129 527 134 ¹
779 132 970 168 POETAE
996 131 1172 168 MELICI.

374 236 482 293 γαῖ’,
515 239 670 295 ἐρατῆς
701 236 812 294 ἥβης
842 238 948 295 πρὶν
979 239 1102 291 τέλος
1133 238 1272 295 ἄκρον
1306 242 1436 285 ἰδεῖν·

316 311 465 365 μνῆμα
498 307 539 352 δ’
575 307 925 365 ἀποφθιμένοισι
957 308 1099 366 πατὴρ
1133 309 1413 368 Μεγάριστος
1444 314 1607 367 ἔθηκεν
1653 324 1744 356 1160

375 378 610 423 ἀθάνατον
641 385 827 436 θνητοῖς
857 380 981 424 παισὶ
1013 380 1306 437 χαριζόμενος.

791 536 844 542 -
875 513 1017 554 1241.
1044 513 1177 566 [180]

306 592 552 650 ’Ἀνθρωπ’,
587 591 642 636 οὐ
669 596 871 649 Κροίσου
896 592 1095 646 λεύσσεις
1120 594 1282 650 τάφον·
1309 592 1420 638 ἀλλὰ
1448 593 1532 653 γὰρ
1559 593 1725 654 ἀνδρός

377 663 595 721 χερνήτεω
628 662 782 721 μικρὸς
812 663 993 721 τύμβος,
1027 664 1123 721 ἐμοὶ
1156 662 1197 708 δ’
1234 664 1397 717 ἱκανός.

832 796 916 838 124
929 795 977 837 Β.
1012 796 1147 849 [180]

321 874 415 920 Οὐκ
447 874 611 920 ε’πιδών
643 875 838 933 νύμφεια
869 877 971 934 λέχη
1003 877 1192 934 κατέβην
1223 876 1304 922 τὸν
1334 877 1536 935 ἄφυκτον

378 946 631 1003 Γόργιππος
664 949 833 1004 ξανθῆς
868 946 1156 1005 Φερσεφόνης
1185 947 1406 1005 θάλαμον.

225 1102 292 1137 τοῦ
311 1099 488 1158 σώματος
512 1097 726 1145 ἀθάνατον,
751 1101 843 1137 item
869 1101 907 1136 in
931 1101 1079 1137 novicio
1112 1101 1163 1136 ΙΙΙ
1189 1105 1332 1137 3857111
1363 1099 1505 1138 ἀέναον
1538 1100 1623 1138 τόδε
1649 1104 1694 1162 σῇ

225 1146 348 1195 πατὴρ
375 1149 523 1193 ειδρυσε
550 1129 726 1206 θυχιζατρί
751 1145 953 1194 αθανάτην
979 1162 1085 1194 τειμη
1077 1146 1127 1193 ’,ν
1156 1149 1249 1184 adde
1282 1148 1414 1185 Kaibel
1435 1150 1490 1195 Ep
1466 1150 1560 1195 pigr.
1582 1154 1650 1186 250
1675 1165 1750 1187 υπο

226 1197 342 1253 στάλᾳ
373 1194 577 1239 κρύπτεται
609 1193 756 1243 ἀενάῳ,
788 1196 981 1240 aliquanto
1013 1196 1217 1249 modestius
1258 1197 1314 1232 est
1344 1196 1484 1232 ibidem
1517 1202 1585 1232 325
1623 1195 1751 1234 αϊδίου

227 1241 373 1289 μνήμης
396 1240 545 1299 τύμβον
579 1224 845 1299 ἐπα(γλοὶῖσαν,
878 1244 933 1278 ita
970 1242 1068 1278 enim
1105 1243 1252 1278 videtur
1283 1243 1580 1301 instaurandum)
1613 1247 1652 1281 et
1682 1250 1751 1282 830

227 1292 360 1336 στῆσεν
386 1287 536 1335 ἄγαλμα
562 1287 662 1334 τόδε,
688 1287 836 1335 μνήμην
863 1286 1063 1325 αθανατον
1090 1289 1214 1333 σώζων
1239 1289 1391 1335 πατρός.
1428 1292 1558 1336 Neque
1579 1304 1666 1328 vero
1686 1293 1752 1328 de—

228 1339 342 1374 bebat
366 1337 500 1372 Kaibel
525 1337 563 1372 in
590 1336 779 1372 Pericleae
805 1337 941 1373 aetatis
968 1338 1222 1380 monumento,
1247 1338 1347 1382 quod
1373 1338 1548 1384 signabat
1572 1339 1752 1376 reliquias

229 1385 458 1439 00111111,ᾳηί
483 1385 521 1419 in
546 1384 747 1420 Potidaeae
774 1384 964 1420 obsidione
992 1385 1258 1428 occubuerunt,
1291 1389 1334 1419 21
1362 1386 1519 1421 scribere
1551 1378 1756 1443 ἅθάνατόμ

231 1446 275 1478 με
303 1432 539 1478 (θ)α(νοῦσιν
567 1430 715 1477 ἔθηκαν
735 1431 835 1477 σῆμα
854 1433 1030 1477 πολῖται),
1058 1432 1120 1467 ubi
1145 1431 1286 1477 priores
1310 1432 1528 1477 prudentius
1554 1431 1754 1470 ἀθάνατον

231 1479 338 1520 κλέος
365 1479 728 1524 commendaverunt,
756 1479 820 1514 sed
847 1478 961 1515 satius
988 1480 1046 1515 est
1071 1479 1269 1525 supplendi
1293 1479 1459 1525 periculo
1484 1480 1682 1517 abstinere.
1711 1503 1754 1508 ——

229 1550 272 1586 V
301 1555 318 1585 1
347 1551 427 1586 cod.
453 1551 531 1586 Pal.
558 1563 610 1596 pr.
637 1561 850 1606 κασιγηητε,
877 1562 967 1586 corr.
989 1562 1100 1596 supra
1124 1563 1162 1586 τε
1186 1549 1324 1606 partim
1344 1551 1382 1585 in
1407 1563 1478 1586 ras.
1505 1552 1653 1597 scripsit
1677 1565 1756 1596 την,

231 1598 328 1633 idem
354 1598 393 1632 in
419 1595 800 1643 111.γρ.κασι’γνητόν
826 1610 864 1632 τε
886 1600 1062 1642 κεκευθε,
1088 1595 1316 1643 κασιγνήτην
1336 1610 1374 1633 τε
1398 1598 1500 1633 Plan.
1527 1620 1571 1624 —
1591 1598 1754 1635 κέκευθε

232 1645 317 1703 cod3
340 1645 417 1680 Pal.
443 1645 480 1680 in
507 1656 635 1690 marg,
666 1645 802 1703 vulgo
806 1643 997 1681 κεκεύθει.
1024 1666 1068 1671 ——-
1094 1645 1138 1681 V.
1164 1650 1197 1680 3.
1224 1643 1461 1702 Μεγάριστος
1485 1645 1647 1690 Grotius,
1675 1646 1754 1682 cod.

231 1689 317 1738 μέγ’
345 1689 504 1749 ᾅριστος,
531 1693 634 1727 Plan.
663 1689 750 1737 μέγ’
778 1704 941 1737 αριστον.
974 1714 1011 1717 -
1039 1693 1081 1728 V.
1109 1696 1141 1728 4.
1168 1690 1413 1738 χαριζόμενος
1435 1692 1510 1729 Pal.
1533 1694 1611 1730 cod.
1632 1705 1756 1739 supra,

233 1737 479 1785 χαριζόμενον
505 1740 544 1775 111
568 1742 685 1775 textu.

327 1809 596 1855 Epigr.124A
622 1811 660 1845 et
685 1811 726 1845 B.
776 1811 888 1845 Anth.
914 1810 995 1846 Pal.
1022 1811 1090 1846 VII
1117 1815 1203 1847 507:
1231 1810 1257 1846 C
1283 1810 1351 1852 Εἰς
1375 1808 1584 1856 γόργιππον
1605 1808 1756 1858 ἐπιτύμ-

232 1859 331 1905 βιον·
364 1867 456 1892 corr.
489 1858 764 1902 Σιμωνίδου.
815 1858 1021 1902 Planudes,
1055 1858 1120 1902 qui
1157 1857 1259 1903 prius
1303 1859 1450 1894 tantum
1482 1859 1667 1895 distichon
1699 1870 1758 1895 ex-

233 1904 349 1947 hibet,
377 1905 590 1939 Alemandro
616 1904 758 1940 tribuit.
809 1904 1048 1940 Manifestum
1081 1907 1136 1940 est
1167 1906 1240 1940 duo
1266 1905 1537 1951 epigrammata
1563 1906 1754 1951 coaluisse,

232 1952 359 1996 itaque
386 1951 566 1996 separavi,
591 1962 678 1986 nam
703 1951 891 1987 lemmatis
916 1952 1019 1986 nulla
1045 1954 1101 1987 est
1126 1951 1228 1987 fides
1273 1953 1322 1987 Et
1345 1953 1446 1997 prius
1472 1953 1624 1998 quidem
1649 1953 1756 1989 disti-

234 1999 328 2033 chon
355 1998 529 2043 adpunxi,
554 1998 692 2034 novicii
712 2000 851 2043 poetae
877 2009 957 2034 esse
983 1999 1108 2056 arguit
1133 1999 1258 2034 Croesi
1283 1999 1442 2044 mentio,
1477 1999 1516 2035 id
1542 2000 1642 2045 quod
1667 2011 1752 2036 vere

234 2046 299 2080 Iun
304 2045 432 2090 ghahn
457 2045 612 2090 monuit,
639 2057 724 2080 nam
751 2045 989 2090 compellatio
1012 2044 1192 2091 ἄνθρωπε
1213 2057 1235 2081 a
1255 2045 1454 2082 Simonidis
1478 2057 1580 2082 more
1599 2058 1674 2082 non
1693 2048 1757 2083 ab·

233 2094 371 2136 horret,
398 2092 442 2128 cf.
469 2093 511 2127 fr.
540 2096 596 2137 60,
622 2092 721 2137 quod
746 2092 904 2128 fortasse
925 2104 969 2128 ex
989 2094 1256 2146 epigrammate
1277 2093 1402 2138 aliquo
1422 2093 1593 2139 petitum.
1631 2094 1756 2130 Possis

236 2120 446 2175 Leonideae
474 2104 687 2183 attribueqre,
714 2140 817 2175 cuius
843 2141 1034 2185 praecedit
1059 2139 1286 2185 poemation‚
1312 2140 1515 2176 Alexandri
1534 2140 1659 2176 Aetoli
1683 2153 1758 2178 non

234 2199 313 2222 esse
346 2187 470 2233 arguit
500 2187 692 2222 dialectuS.
742 2187 809 2233 Ep.
840 2188 950 2222 124A
981 2187 1252 2233 imperfectum,
1285 2187 1316 2223 si
1348 2187 1534 2223 Leonidae
1560 2189 1628 2229 est,
1660 2200 1757 2225 com-

234 2235 359 2280 plures
385 2245 512 2270 versus
536 2235 763 2279 interceptos
789 2245 869 2270 esse
895 2234 973 2270 veri
998 2234 1130 2271 simile.
1162 2234 1230 2280 Ep.
1254 2233 1357 2270 124ss
1383 2235 1571 2280 integrum
1597 2247 1677 2271 esse
1701 2247 1758 2272 ar-

236 2283 369 2317 bitror:
396 2281 505 2316 multi
524 2292 598 2317 non
617 2281 738 2316 solum
758 2281 1006 2326 antiquorum,
1028 2282 1093 2317 sed
1113 2281 1227 2317 etiam
1246 2282 1505 2326 recentiorum,
1524 2283 1627 2318 velut
1647 2282 1759 2318 Calli·

235 2330 399 2372 machus,
431 2329 530 2364 haud
555 2340 638 2364 raro
671 2328 830 2364 disticho
863 2329 1123 2375 defunguntur.
1176 2327 1267 2364 Cum
1299 2329 1436 2365 lemma
1467 2329 1557 2364 olim
1580 2330 1758 2375 praemis-

236 2388 318 2411 sum
356 2375 604 2420 desideretur,
643 2375 846 2412 Simonidei
882 2375 1043 2411 nominis
1082 2376 1285 2412 auctoritas
1319 2376 1413 2412 levis
1451 2377 1511 2412 vel
1549 2377 1653 2412 nulla
1689 2379 1757 2421 est,

235 2423 456 2469 praesertim
482 2434 565 2458 cum
592 2423 833 2468 epigramma
860 2423 959 2468 quod
984 2423 1023 2458 in
1042 2423 1154 2458 Anth.
1174 2423 1242 2458 VII
1262 2427 1330 2459 508
1350 2423 1594 2469 subsequitur,
1614 2435 1638 2460 a
1661 2436 1709 2459 m.
1730 2437 1758 2460 s.

237 2471 453 2516 Σιμωνίδου
481 2470 529 2505 sit
554 2469 783 2515 inscriptum,
813 2470 912 2516 quod
936 2470 1122 2516 Diogenes
1143 2470 1312 2506 Laertius
1337 2469 1555 2516 Empedocli
1578 2471 1755 2515 vindicat,

239 2518 303 2553 sed
328 2517 497 2552 neutrius
524 2529 602 2552 esse
635 2521 776 2553 certum
803 2519 874 2553 est:
907 2517 1147 2553 nihilominus
1178 2517 1336 2553 arbitror
1369 2529 1425 2563 ep.
1453 2521 1522 2553 508
1554 2517 1759 2562 antiquitus

236 2565 463 2610 Σιμωνίδου,
485 2575 558 2600 11011
577 2562 873 2621 Ἐμπεδοκλέους
882 2564 916 2610 *)
934 2564 1154 2610 inscriptum
1173 2565 1304 2608 fuisse3
1325 2576 1419 2610 quae
1438 2565 1611 2610 deinceps
1629 2565 1758 2619 legun-

240 2615 298 2646 tur
324 2615 437 2647 509—
444 2615 487 2647 16
512 2612 579 2647 τοῦ
606 2608 726 2648 αὐτοῦ
753 2612 932 2658 inscripta
957 2612 1156 2648 maximam
1175 2613 1321 2657 partem
1340 2622 1518 2658 germana
1536 2613 1622 2647 sunt
1641 2611 1757 2648 Simo-

331 2730 363 2774 *)
390 2730 459 2765 Vel
484 2729 642 2775 insignis
666 2729 837 2765 lectionis
861 2729 1024 2765 varietas
1048 2731 1209 2765 testatur
1235 2729 1395 2773 aliunde,
1421 2740 1495 2764 non
1521 2740 1565 2764 ex
1591 2729 1757 2775 Diogene

238 2788 318 2811 esse
352 2777 613 2822 depromptum
645 2788 702 2822 ep.
733 2780 802 2812 508
834 2777 872 2812 in
904 2777 1127 2813 Pausaniam
1160 2777 1356 2820 medicum,
1387 2775 1491 2811 cuius
1517 2779 1647 2811 auctor
1672 2788 1756 2812 cum

239 2823 490 2869 ignoraretur,
523 2824 586 2859 alii
613 2823 848 2869 Empedocli,
880 2824 946 2860 alii
971 2823 1153 2860 Simonidi
1179 2823 1440 2866 attribuerunt,
1475 2823 1651 2867 quoniam
1681 2835 1758 2859 non

241 2872 491 2914 suppetebant
503 2871 654 2907 nomina
666 2871 824 2906 aliorum
839 2872 1044 2916 poetarum,
1064 2871 1128 2916 qui
1141 2871 1207 2907 illo
1221 2870 1369 2906 saeculo
1383 2870 1422 2906 in
1435 2869 1563 2906 Sicilia
1575 2870 1757 2907 vixerant.
