1864 3126
826 125 1028 165 SAPPHO.
1609 127 1693 171 129

813 238 909 283 121.
942 238 1048 292 [92]

279 310 427 366 Athenss
467 324 544 364 XII
587 326 671 365 554
686 325 737 364 B:
783 319 961 364 Φυσικὸν
1002 319 1078 377 γὰρ
1114 319 1167 376 δή
1202 339 1238 364 τι
1273 319 1315 364 τὸ
1351 319 1444 372 τοὺς
1486 321 1694 375 οἰομένους

161 385 262 431 εἶναι
291 386 437 438 καλοὺς
466 388 533 430 καὶ
564 385 734 442 ὡραίους
764 385 1024 443 ἀνθολογεῖν,
1054 385 1155 430 ὅθεν
1185 389 1233 429 αἴ
1255 403 1295 430 τε
1324 387 1414 442 περὶ
1442 385 1516 441 τὴν
1547 391 1691 441 Περσε-

161 451 298 508 φόνην
327 451 564 509 ἀνθολογεῖν
593 453 786 509 λέγονται·
817 453 883 494 καὶ
908 450 1068 505 Σαπφώ
1099 466 1224 507 φησιν
1249 454 1350 494 ἰδεῖν
1380 448 1518 494 ἄνθε’
1554 448 1692 507 ἆμέρ-

138 531 342 574 -yovootv
371 516 501 560 παῖδ’
535 516 656 574 ἄγαν
687 515 875 559 ἁπαλόν
907 515 983 572 (sie
1009 521 1054 570 B,
1079 521 1204 571 vulgo
1235 515 1444 574 ἁπαλήν)
1469 521 1520 561 cf.
1545 521 1692 560 Endon.

161 587 260 627 352.
321 586 526 625 Hermann
556 580 672 625 ἄνθε’
713 580 951 638 ἆμέργοισαν
982 616 992 626 .
1013 617 1021 625 .
1042 616 1051 624 .
1082 579 1195 625 πᾶϊό’
1230 581 1358 638 ἁγνὰν
1388 581 1567 637 ἆπαλᾶν,
1598 587 1691 625 Em-

160 651 297 702 perius
328 644 458 707 ἆγανᾷ
489 647 661 706 παλάμᾳ,
693 651 798 702 quod
829 651 989 691 omnino
1020 651 1338 702 improbandum.

747 791 841 835 122.
878 791 973 834 123.
1007 791 1112 845 [96.]

277 877 455 918 Demessr.
485 878 535 917 de
566 878 662 918 eloe.
696 879 799 918 162:
834 879 915 917 Τοῦ
947 874 991 917 δὲ
1021 870 1145 917 αὐτοῦ
1176 871 1263 931 (τῆς
1292 872 1533 932 ὑπερβολῆς)
1558 878 1692 926 εἴδους

157 940 222 982 καὶ
253 939 300 982 τὰ
330 939 490 984 τοιαῦτά
520 940 641 983 ἐστιν·
673 938 893 997 ὗγιέστερος
929 938 1169 995 κολοκύντης
1206 941 1273 982 καὶ
1305 939 1593 997 φαλακρότερος
1630 937 1691 983 εὖ·

157 1007 261 1056 δίας,
310 1006 376 1047 καὶ
419 1003 466 1048 τὰ
509 1004 720 1059 Σαπφικά
770 1003 901 1047 Πόλυ
949 1004 1180 1056 πάκτιδος
1223 1004 1571 1061 ἆδυμελεστέρα
1616 1004 1691 1061 (sio

157 1069 664 1128 νίιιᾶ.Α1ᾶ.,ν.ἁδυμ.),
694 1070 849 1127 χρύσω
881 1071 1154 1137 χρυσοτὲρα.
1185 1075 1308 1114 πᾶσαι
1338 1071 1414 1128 γὰρ
1445 1075 1491 1115 αἵ
1516 1077 1690 1115 τοιαῦται

155 1153 305 1191 χαριτες
335 1137 378 1178 ἐκ
408 1141 488 1180 τῶν
518 1135 752 1192 ὑπερβολῶν
784 1154 982 1192 ευρηνται,
1012 1140 1138 1180 καίτοι
1170 1138 1441 1193 διαφέρουσιν.
1487 1144 1529 1181 et
1558 1137 1688 1194 χρύσω

156 1203 369 1267 χρυσοτέρα
422 1206 651 1246 Demetrius
698 1207 780 1249 iam
823 1218 947 1257 supra
988 1206 1128 1245 attulit
1176 1207 1272 1246 129.
1344 1205 1403 1246 Cf.
1443 1205 1690 1258 Greg01.in

157 1263 348 1323 Hermog.
392 1272 528 1311 Rhett.
570 1271 815 1312 Walz.V11
859 1272 990 1311 1236:
1034 1270 1215 1323 Αἰσχρῶς
1257 1268 1329 1323 μὲν
1371 1267 1573 1310 κολακεύει
1616 1266 1690 1322 τὴν

154 1331 281 1388 ἀκοὴν
312 1333 504 1388 ἕκεῖνα,”
481 1349 555 1377 οσα
580 1335 679 1377 εἰσὶν
703 1333 881 1389 ἐρωτικά,
906 1331 994 1376 οἷον
1023 1331 1070 1378 τὰ
1091 1331 1380 1388 Ἀνακρέοντος,
1404 1331 1451 1375 τὰ
1476 1338 1690 1387 Σαπφοῦς,

157 1396 245 1442 οἷον
274 1398 465 1456 γάλακτος
494 1400 721 1455 λευκοτέρα,
752 1398 897 1449 υδατος
927 1396 1176 1452 ἁπαλωτέρα,
1215 1400 1460 1452 πηκτίδων
1497 1399 1636 1453 ἐμμελ
1646 1415 1688 1440 ε-

155 1465 308 1520 στέρα,
339 1467 465 1508 ἵππου
495 1466 725 1521 γαυροτέρα,
757 1455 890 1520 ῥόδων
920 1461 1130 1519 ἁβροτὲρα,
1168 1466 1324 1518 ἱματίου
1356 1465 1477 1506 ἑανοῦ
1508 1469 1689 1518 μαλακω-

153 1530 263 1584 τέρα,
305 1534 482 1586 χρυσοῦ
524 1530 787 1585 τιμιωτέρα.
849 1533 910 1571 Ex
953 1533 1016 1571 his
1057 1533 1249 1583 exemplis
1293 1532 1464 1573 Lesbiae
1508 1532 1689 1582 poetriae

155 1597 327 1638 fortasse
359 1597 642 1638 vindicandum

534 1717 558 1723 -
582 1718 606 1723 -
636 1680 773 1733 ἱματίω
806 1717 829 1722 -
852 1705 877 1722 υ
907 1677 1011 1721 ἕᾶνω
1043 1679 1305 1735 μαλακωτέρα.

154 1763 203 1804 cf.
234 1763 457 1804 Buttmann
492 1764 619 1805 Lexil.
650 1764 692 1804 ΙΙ
732 1766 798 1804 13.
842 1765 985 1815 Neque
1017 1765 1123 1805 enim
1154 1766 1251 1805 haec
1288 1763 1490 1816 infiegrum
1527 1777 1689 1805 versum

154 1829 350 1880 efficiunt,
390 1830 711 1882 quandoquidem
751 1830 869 1870 binae
909 1831 1106 1881 tripodiae
1149 1831 1405 1882 logaoedioae
1442 1831 1511 1870 ubi
1553 1843 1689 1870 conso-

155 1895 329 1946 ciantur,
369 1895 522 1947 dactyli
561 1897 672 1936 locus
714 1892 863 1936 variari
903 1897 1024 1947 solet,
1065 1898 1112 1935 ut
1148 1895 1195 1935 fit
1233 1897 1275 1935 in
1314 1895 1589 1946 Asclepiadeo.
1635 1916 1685 1921 —

155 1959 377 2011 Componas
409 1973 499 2001 cum
530 1961 593 2002 his
634 1962 876 2012 sapphicum
906 1962 956 2001 fr.
991 1963 1072 2001 112
1107 1954 1188 2000 ὦΐω
1219 1957 1322 2001 πόλυ
1362 1957 1602 2014 λευκότερον,
1640 1962 1688 2000 ί“ι·.

154 2025 289 2076 adesp.
322 2028 376 2066 76
418 2026 631 2079 ναρκίσσου
673 2023 940 2079 τερενῶτερον,
984 2029 1026 2066 et
1069 2039 1171 2077 quae
1215 2039 1263 2066 ex
1301 2027 1506 2078 Sophrone
1550 2027 1689 2066 attulit

155 2090 221 2131 Et.
251 2091 303 2131 M.
338 2093 436 2142 256,
469 2093 524 2131 33
556 2088 759 2144 προβάτου
789 2088 1034 2145 προβάτερον
1066 2088 1142 2144 (ita
1174 2092 1382 2132 verissime
1414 2093 1574 2131 Ahrens
1605 2105 1688 2131 eor-

155 2152 277 2208 rexit)
310 2158 352 2196 et
382 2153 469 2205 οἰὸς
496 2153 682 2210 οἰότερον.
743 2158 899 2199 Novicii
930 2159 1073 2208 poetae
1104 2158 1205 2197 talia
1234 2158 1504 2208 frequentant.

878 2286 975 2328 124.

275 2371 452 2410 Demetr.
485 2370 534 2409 de
565 2370 660 2410 eloe.
695 2373 797 2411 166:
829 2367 903 2411 Διὸ
935 2370 1001 2411 καὶ
1031 2366 1058 2423 ἡ
1090 2366 1251 2422 Σαπφὼ
1287 2369 1375 2422 περὶ
1413 2368 1484 2422 μὲν
1521 2366 1689 2419 κάλλους

156 2506 246 2544 olim
273 2507 446 2554 Sapphus
473 2498 747 2552 epigrammata
772 2508 1018 2554 collegerunt,
1046 2519 1108 2544 eos
1130 2510 1419 2545 consentaneum
1440 2509 1498 2543 est
1515 2507 1687 2544 traditio-

154 2566 239 2591 nem
267 2554 350 2601 plus
375 2555 545 2591 minusve
571 2554 805 2600 probabilem
830 2557 977 2592 secutos
1003 2566 1094 2601 esse,
1128 2556 1193 2592 sed
1219 2556 1291 2592 hoc
1316 2555 1549 2602 epitaphium
1575 2555 1688 2601 plane

156 2602 322 2639 alienum
347 2602 548 2639 manifesto
576 2612 698 2638 errore
725 2602 880 2639 Lesbiae
937 2602 1081 2639 oetriae
1106 2602 1341 2648 adscribitur,
1373 2602 1687 2648 quemadmodum

155 2649 307 2695 plurimi
333 2661 475 2687 errores
506 2648 545 2684 id
576 2660 693 2695 genus
723 2649 762 2686 in
787 2650 914 2686 Antho
932 2649 1020 2696 ogia
1052 2650 1125 2696 dep
1126 2631 1398 2686 rehendunt'ur.
1449 2649 1606 2685 Carmen
1632 2651 1689 2686 est
1725 2663 1743 2675 0

155 2696 362 2742 novicium,
387 2697 489 2734 haud
510 2696 623 2733 dubie
650 2697 1005 2741 demonstrativum,
1037 2700 1076 2734 et
1104 2697 1419 2743 quemadmodum
1452 2696 1520 2732 filii
1551 2708 1688 2734 nomen

158 2725 362 2790 Πελάγιος
371 2757 395 2781 a
417 2744 647 2800 professione
662 2747 720 2781 est
732 2745 944 2791 repetitum,
970 2744 1024 2780 ita
1049 2744 1162 2781 eiiam
1183 2745 1281 2791 patri
1301 2744 1538 2790 perspicuum
1551 2756 1687 2781 nomen

156 2791 316 2828 inditum
349 2792 464 2829 fuisse
502 2791 695 2828 coniicias.
735 2803 822 2828 nam
856 2791 1037 2827 traditum
1068 2803 1199 2846 parum
1231 2794 1374 2828 certum
1406 2801 1486 2827 esse
1511 2791 1572 2827 vel
1597 2792 1687 2828 seri—

156 2840 290 2884 ptume
327 2840 489 2876 varietas
526 2840 667 2886 arguit:
706 2840 814 2895 pater
848 2838 1018 2884 agricola
1053 2838 1203 2875 videtur
1232 2838 1367 2885 fuisse,
1405 2850 1480 2875 non
1511 2838 1686 2885 piscator,

156 2886 459 2933 quandoquidem
483 2886 581 2923 filius
606 2884 762 2933 γριπεὺς
786 2886 879 2923 dicit
880 2898 932 2923 ur.

229 2952 294 2979 Ροι
297 2953 549 2980 τΑιΒιΗΙ.
1381 2950 1402 2982 9

1705 251 1776 285 915
