1864 3126
783 139 998 177 ALCMAN.
1599 143 1651 184 21

750 249 843 294 (ΕΙΣ
870 250 1024 294 ΠΡΑΝ.)
1587 254 1655 287 sao

787 334 991 388 16.[294

217 414 308 462 Καὶ
339 414 410 460 τὶν
442 413 628 472 εὔχομαι
659 415 850 473 φέροισα

214 484 340 533 τόνδ’
375 485 593 544 ἑλιχρύσω
625 487 833 531 πυλεῶνα

215 557 392 617 κήρατῶ
423 561 636 615 κυπαίρω.

673 666 767 710 (ΕΙΣ
793 665 1098 710 ΑΠΟΛΛῼΝΑ.)
1171 658 1175 662 ’
1586 670 1654 701 840

784 750 849 792 17.
883 750 988 803 [(37.1

211 831 330 892 Ἐμέ,
361 835 584 889 Λατοΐδα,
616 832 688 876 τεό
722 830 1052 890 δαυχνοφόρον.

645 981 764 1026 ΕΙΣ
801 982 835 1026 Α
851 980 1130 1027 ΡΤΕΜΙΝ.

744 1082 1018 1137 *18.[1134

210 1163 463 1224 Ἐπαμμένα
493 1164 593 1223 πέρι
625 1165 820 1224 δέρματα
851 1167 1025 1223 θηρῶν.

831 1286 855 1312 *
873 1286 938 1328 19.

214 1367 335 1415 Οὐδὲ
365 1371 426 1415 τῶ
459 1367 684 1414 Κνακάλω
718 1366 824 1413 οὐδὲ
855 1369 916 1413 τῶ
949 1366 1181 1427 Νυρσύλα.

213 1536 271 1573 Fr.
301 1540 356 1572 16.
406 1535 541 1572 Athen.
567 1535 635 1571 XV
663 1539 730 1572 681
746 1537 795 1570 A:
821 1531 1067 1581 Μνημονεύει
1093 1530 1212 1570 αὐτοῦ
1239 1533 1322 1579 (τοῦ
1349 1529 1559 1578 ἑλιχρύσου)
1583 1528 1651 1568 Ἀλ-

116 1581 218 1632 κμᾶν
244 1581 288 1621 ἐν
312 1581 476 1625 τούτοις·
502 1585 584 1620 καί
604 1580 690 1619 τιν’
718 1580 808 1629 εῧχ.
835 1585 909 1619 κτλ.
943 1603 988 1609 -
1021 1582 1063 1619 V.
1093 1586 1124 1618 1.
1157 1581 1222 1617 καὶ
1247 1581 1306 1617 τὶν
1332 1580 1481 1626 scripsi,
1515 1580 1650 1616 Casan-

116 1633 236 1670 bonun
260 1633 331 1668 καί
349 1644 420 1675 τιν,
445 1631 560 1678 vulgo
585 1632 655 1667 καί
675 1627 763 1667 τιν’.
787 1651 828 1656 -
856 1627 1032 1676 εὔχομαι,
1056 1629 1205 1666 Heeker
1230 1627 1397 1675 ἔρχομαι.
1419 1649 1462 1654 -
1490 1627 1651 1674 φέροισα

115 1681 160 1727 A,
186 1677 370 1727 φέροισαν
396 1678 502 1717 Cant.
527 1678 568 1715 L.
602 1675 647 1705 '—
685 1678 729 1715 V.
757 1683 789 1714 2.
822 1679 997 1714 πυλεῶνα
1022 1674 1172 1723 κήρατῶ
1199 1675 1444 1722 Boissonade,
1475 1674 1651 1713 πυλέωνα

115 1723 294 1774 άκηράτω
328 1725 572 1769 Casaubonus
609 1727 724 1772 (quod
760 1726 923 1772 probans
953 1725 1127 1771 Hartung
1156 1724 1233 1760 καὶ
1264 1725 1436 1769 κυπαίρω
1475 1723 1547 1759 scri
1576 1723 1652 1771 sit),

116 1772 242 1812 πόλεω
268 1771 470 1821 ἀκηράτων
502 1773 608 1812 eant.
635 1774 675 1810 L.
714 1794 758 1800 —
799 1774 842 1809 V.
869 1778 901 1810 3.
939 1774 1111 1819 κυπαίρω
1138 1772 1331 1815 Welcker,
1369 1770 1520 1817 κυπέρω
1569 1770 1651 1816 'bri‚

117 1822 164 1861 of.
189 1823 294 1860 Eunt.
321 1822 390 1858 Od.
417 1826 520 1868 1648,
548 1827 586 1859 7:
623 1825 690 1858 καὶ
714 1819 898 1865 κύπειρον
931 1818 1161 1866 κύπαιρον
1191 1816 1284 1866 παρ’
1316 1817 1497 1865 Ἀλκμᾶνι.
1536 1820 1651 1864 atque

115 1869 231 1908 etiam
257 1870 358 1918 apud
377 1870 581 1906 Homerum
601 1869 642 1907 11.
666 1872 698 1905 Φ
713 1873 782 1906 351
810 1867 854 1905 αἱ
877 1867 919 1906 ἐκ
944 1869 1019 1905 τῶν
1038 1866 1186 1905 πόλεων
1210 1868 1307 1904 hanc
1331 1867 1490 1903 formam
1517 1877 1652 1912 suppe-

117 1918 301 1956 ditabant.
332 1918 389 1954 Ex
407 1918 546 1964 hymno
566 1918 604 1954 in
617 1917 797 1954 Iunonem
815 1917 908 1954 haec
928 1927 1009 1953 esse
1028 1916 1150 1963 petita
1165 1916 1278 1952 docet
1290 1915 1425 1951 Athen.
1440 1914 1509 1949 XV
1522 1915 1649 1950 678A:

117 1963 293 2003 Πυλεῶν·
318 1961 439 2008 οὕτως
463 1969 632 2002 καλεῖται
658 1963 679 2002 ὁ
700 1965 905 2011 στέφανος,
931 1960 977 2001 ὃν
1001 1966 1047 2012 τῇ
1064 1960 1162 2014 Ἥρᾳ
1180 1961 1445 2009 περιτιθέασιν
1465 1960 1505 1998 οἴ
1520 1959 1650 1998 Λάκω-

118 2026 198 2061 νες,
224 2010 276 2056 ῶς
300 2025 394 2061 φησι
418 2012 631 2061 Πάμφιλος.

211 2073 270 2110 Fr.
299 2077 356 2110 17.
404 2072 579 2120 Apollon.
605 2073 782 2119 de'pron.
809 2076 877 2108 356
891 2071 939 2108 B:
960 2068 1003 2107 ‘H
1029 2069 1093 2107 σέο
1119 2067 1343 2118 μεταβάλλει
1368 2068 1410 2107 τὸ
1437 2082 1459 2105 σ
1484 2068 1538 2110 εἰς
1563 2066 1604 2105 τὸ
1632 2083 1651 2104 τ

116 2118 220 2168 παρὰ
240 2120 471 2167 Δωριεῦσιν,
493 2117 664 2167 Ἀλκμάν·
692 2118 758 2167 ἐμὲ
779 2121 947 2156 Λατοίδα
972 2118 1035 2156 τέο
1060 2115 1098 2155 δ’
1120 2130 1339 2165 αχοσχορον.
1364 2118 1464 2164 quod
1490 2116 1652 2161 correxi3

116 2166 384 2216 δαυχνοφόρον
410 2168 434 2205 i.
455 2179 486 2204 e.
507 2166 780 2215 δαφνηφόρονε
808 2178 1034 2213 quamquam
1054 2166 1131 2203 alia
1149 2177 1296 2212 quoque
1321 2164 1460 2202 tentari
1484 2166 1650 2211 possunt,

116 2217 223 2254 velut
246 2215 310 2253 τέο
335 2216 474 2253 δέκευ
499 2213 624 2263 χορόν,
650 2216 710 2252 vel
736 2215 798 2251 τέο
825 2212 858 2251 τ’
888 2213 1105 2261 α’γάλλοις
1130 2227 1176 2261 χ.,
1200 2215 1244 2249 ut
1269 2225 1313 2249 ex
1338 2214 1362 2248 h
1391 2223 1478 2248 mno
1502 2213 1542 2247 in
1560 2211 1648 2247 Dia-

115 2276 204 2301 nam
229 2264 288 2301 sit.
329 2263 518 2300 Hermann
544 2263 637 2300 coni.
661 2260 816 2310 Ἀλκμὰν
842 2260 884 2299 ἐν
910 2260 963 2299 ε’·
990 2263 1175 2307 Λατοίδα,
1201 2260 1263 2297 τέο
1291 2258 1328 2296 δ’
1356 2259 1575 2306 αρχέχορον,
1601 2260 1647 2295 cf.

114 2311 400 2359 inscriptionem
432 2310 652 2347 Lesbiaeam
682 2322 742 2357 ap.
771 2310 891 2347 Conze
926 2310 1016 2357 (Iter
1041 2309 1164 2353 Lesb.)
1195 2309 1272 2345 tab.
1298 2307 1401 2343 XVII
1429 2312 1466 2343 1:
1504 2306 1572 2348 τᾶς
1607 2319 1647 2342 τε

36 2395 39 2397 Α
112 2356 319 2406 Ἀρτέμιδος
355 2358 420 2394 καὶ
454 2355 678 2400 ’Λπόλλωνος
714 2357 935 2400 Μαλέοντος
973 2361 1079 2403 (corr.
1111 2359 1159 2393 M
1162 2359 1212 2392 αλ
1221 2353 1241 2392 ό
1251 2368 1267 2392 ε
1276 2369 1298 2391 ν
1306 2369 1326 2391 τ
1334 2368 1353 2391 ο
1362 2357 1394 2401 ς)
1432 2351 1644 2401 άρχίχορον.

117 2406 378 2444 Schneidewin
403 2405 466 2443 τέο
492 2403 604 2452 λάχος
629 2403 753 2452 χορόν.

210 2466 268 2503 Fr.
297 2469 353 2503 18.
403 2464 527 2502 Schol.
553 2465 661 2502 Hom.
688 2465 728 2501 Il.
759 2467 790 2501 Φ
814 2468 901 2501 485:
941 2463 1124 2510 ἐναίρειν,
1163 2459 1345 2509 φονεύειν
1377 2458 1400 2509 ἢ
1433 2459 1647 2498 σκυλεύειν·

117 2510 364 2560 περιάπτεται
383 2510 456 2560 γὰρ
477 2510 514 2559 (ἡ
533 2509 711 2560 Ἄρτεμις)
735 2514 928 2559 νεβρίδας’
954 2510 1122 2559 Ἀλκμάν·
1151 2509 1379 2558 ἐπάμεναι
1404 2509 1525 2555 παρὰ
1553 2510 1585 2545 δ.
1605 2511 1647 2544 θ’.

118 2561 259 2609 Scripsi
289 2558 488 2608 ἐπαμμένα
519 2560 623 2606 πέρι,
658 2560 844 2607 (Hartung
876 2557 1057 2606 ἔπειμένα
1087 2559 1175 2604 πέρι
1207 2557 1472 2606 praeoptavit.)
1504 2559 1543 2592 et
1572 2556 1647 2591 iam

117 2608 294 2646 Welcker
319 2606 534 2655 ἐπαμμέναι
559 2607 730 2645 coniecit.

212 2668 271 2707 Fr.
299 2672 354 2707 19.
405 2669 528 2706 Schol.
555 2667 756 2714 Hephaest.
783 2679 818 2713 p.
846 2671 889 2704 ’Π
923 2667 980 2704 ed.
1007 2671 1027 2702 2
1055 2666 1187 2702 Gaisf.:
1226 2662 1449 2708 Ἡλιόδωρος
1480 2661 1523 2698 δέ
1555 2675 1649 2708 φησι

118 2718 279 2764 κοσμίαν
305 2714 407 2752 εἶναι
430 2717 505 2752 τῶν
530 2715 750 2751 παιωνικῶν
775 2712 844 2760 τὴν
869 2712 965 2750 κατὰ
998 2710 1100 2749 πόδα
1131 2709 1267 2759 τομήν,
1299 2707 1401 2752 ὅπως
1425 2707 1448 2756 ἡ
1473 2707 1647 2746 ἀνάπαυ-

117 2776 174 2806 σις
203 2764 364 2800 διδοῦσα
395 2761 532 2810 χρόνον
565 2759 774 2808 ἕξασήμους
803 2759 871 2803 τὰς
906 2759 1035 2809 βάσεις
1066 2761 1155 2807 ποιῇ
1188 2760 1252 2795 καὶ
1284 2758 1470 2804 ἰσομερεῖς
1501 2754 1551 2798 ὡς
1580 2755 1649 2798 τὰς

117 2807 241 2853 ἄλλοις.
267 2810 368 2848 οἷον·
398 2809 507 2848 οὐδὲ
533 2812 588 2846 τῶ
616 2808 825 2846 κνακάλω
851 2805 959 2845 οὐδὲ
986 2809 1042 2843 τῶ
1067 2805 1280 2852 νυρσύλα.
1331 2806 1522 2843 Alcmana
1546 2804 1646 2840 haud

118 2858 230 2895 dubie
255 2860 313 2895 est
339 2870 482 2903 versus,
508 2870 552 2894 ex
577 2856 743 2895 carmine
768 2856 896 2901 aliquo
921 2856 960 2892 in
979 2855 1146 2891 Dianam
1171 2854 1322 2901 petitus,
1348 2853 1447 2898 quod
1473 2853 1648 2889 testifica-

116 2907 178 2943 tur
207 2905 429 2952 Menander,
460 2906 564 2942 cuius
595 2906 718 2942 locum
751 2904 850 2941 infra
879 2903 924 2942 fr.
951 2907 993 2939 21
1021 2901 1218 2949 adscripsi:
1257 2904 1296 2938 et
1327 2901 1426 2948 quod
1456 2900 1522 2936 ille
1555 2899 1647 2935 dicit
