<?xml version="1.0" encoding="UTF-8"?>
<!DOCTYPE html PUBLIC "-//W3C//DTD XHTML 1.0 Transitional//EN"
    "http://www.w3.org/TR/xhtml1/DTD/xhtml1-transitional.dtd">
<html xmlns="http://www.w3.org/1999/xhtml" xml:lang="en" lang="en">
 <head>
  <title>
</title>
<meta http-equiv="Content-Type" content="text/html;charset=utf-8" />
  <meta name='ocr-system' content='tesseract 3.04.00' />
  <meta name='ocr-capabilities' content='ocr_page ocr_carea ocr_par ocr_line ocrx_word'/>
</head>
<body>
  <div class='ocr_page' id='page_1' title='image "./poetaelyricigrae03berguoft_0420.png"; bbox 0 0 1864 3126; ppageno 0'>
   <div class='ocr_carea' id='block_1_1' title="bbox 227 128 1183 202">
    <p class='ocr_par' dir='ltr' id='par_1_1' title="bbox 227 128 1183 202">
     <span class='ocr_line' id='line_1_1' title="bbox 227 128 1183 202; baseline 0.004 -6"><span class='ocrx_word' id='word_1_1' title='bbox 227 161 315 202; x_wconf 88' lang='lat'><em>410</em></span> <span class='ocrx_word' id='word_1_2' title='bbox 542 128 543 133; x_wconf 49' lang='lat'>¹</span> <span class='ocrx_word' id='word_1_3' title='bbox 789 161 980 198; x_wconf 83' lang='lat' dir='ltr'><strong>POETAE</strong></span> <span class='ocrx_word' id='word_1_4' title='bbox 1005 161 1183 200; x_wconf 84' lang='lat' dir='ltr'>MELICI.</span> 
     </span>
    </p>
   </div>
   <div class='ocr_carea' id='block_1_2' title="bbox 323 265 1544 470">
    <p class='ocr_par' dir='ltr' id='par_1_2' title="bbox 323 265 1544 470">
     <span class='ocr_line' id='line_1_2' title="bbox 323 265 1451 328; baseline 0.004 -18"><span class='ocrx_word' id='word_1_5' title='bbox 323 265 457 324; x_wconf 75' lang='grc' dir='ltr'><em>Ἀγνά</em></span> <span class='ocrx_word' id='word_1_6' title='bbox 492 268 698 312; x_wconf 82' lang='grc' dir='ltr'><strong><em>ἐπίσκοπε</em></strong></span> <span class='ocrx_word' id='word_1_7' title='bbox 730 273 900 326; x_wconf 78' lang='grc' dir='ltr'><em>Κλειοῖ,</em></span> <span class='ocrx_word' id='word_1_8' title='bbox 932 273 1152 328; x_wconf 79' lang='grc' dir='ltr'><strong><em>χερνίβων</em></strong></span> <span class='ocrx_word' id='word_1_9' title='bbox 1183 269 1451 315; x_wconf 87' lang='grc' dir='ltr'><em>πολύλιστον</em></span> 
     </span>
     <span class='ocr_line' id='line_1_3' title="bbox 327 336 1533 399; baseline 0.004 -18"><span class='ocrx_word' id='word_1_10' title='bbox 327 337 395 381; x_wconf 72' lang='grc' dir='ltr'><em>ἅτ’</em></span> <span class='ocrx_word' id='word_1_11' title='bbox 430 336 698 396; x_wconf 81' lang='grc' dir='ltr'><em>ἄρυόντεσσι</em></span> <span class='ocrx_word' id='word_1_12' title='bbox 729 343 849 397; x_wconf 82' lang='grc' dir='ltr'><em>νᾶμα</em></span> <span class='ocrx_word' id='word_1_13' title='bbox 880 342 1191 399; x_wconf 77' lang='grc' dir='ltr'><em>χρυσοπέπλου</em></span> <span class='ocrx_word' id='word_1_14' title='bbox 1222 341 1533 398; x_wconf 79' lang='grc' dir='ltr'><em>Μναμοσύνας</em></span> 
     </span>
     <span class='ocr_line' id='line_1_4' title="bbox 325 407 1544 470; baseline 0.002 -17"><span class='ocrx_word' id='word_1_15' title='bbox 325 407 488 461; x_wconf 77' lang='grc' dir='ltr'><em>εὐῶδες</em></span> <span class='ocrx_word' id='word_1_16' title='bbox 520 411 601 462; x_wconf 78' lang='grc' dir='ltr'><em>ἵεις</em></span> <span class='ocrx_word' id='word_1_17' title='bbox 632 408 891 470; x_wconf 77' lang='grc' dir='ltr'><em>ἀμβροσίων</em></span> <span class='ocrx_word' id='word_1_18' title='bbox 923 413 970 456; x_wconf 82' lang='grc' dir='ltr'><em>ἐκ</em></span> <span class='ocrx_word' id='word_1_19' title='bbox 998 414 1152 469; x_wconf 75' lang='grc' dir='ltr'><em>μυχῶν</em></span> <span class='ocrx_word' id='word_1_20' title='bbox 1185 411 1376 469; x_wconf 79' lang='grc' dir='ltr'><em>ἐραννὸν</em></span> <span class='ocrx_word' id='word_1_21' title='bbox 1407 411 1544 470; x_wconf 83' lang='grc' dir='ltr'><em>ὕδωρ.</em></span> 
     </span>
    </p>
   </div>
   <div class='ocr_carea' id='block_1_3' title="bbox 324 544 1757 719">
    <p class='ocr_par' dir='ltr' id='par_1_3' title="bbox 324 544 1757 719">
     <span class='ocr_line' id='line_1_5' title="bbox 838 544 1757 597; baseline 0.001 -11"><span class='ocrx_word' id='word_1_22' title='bbox 838 544 907 586; x_wconf 88' lang='grc'><em>46.</em></span> <span class='ocrx_word' id='word_1_23' title='bbox 942 544 1027 597; x_wconf 82' lang='grc'><em>[75.</em></span> <span class='ocrx_word' id='word_1_24' title='bbox 1062 545 1146 597; x_wconf 83' lang='grc'>77.]</span> <span class='ocrx_word' id='word_1_25' title='bbox 1666 555 1757 587; x_wconf 83' lang='lat'>1135</span> 
     </span>
     <span class='ocr_line' id='line_1_6' title="bbox 324 637 1248 661; baseline 0.003 -4"><span class='ocrx_word' id='word_1_26' title='bbox 324 637 1248 661; x_wconf 57' lang='lat' dir='ltr'><em>„Low-uu---fuu-uu-u-‘u„</em></span> 
     </span>
     <span class='ocr_line' id='line_1_7' title="bbox 324 695 1206 719; baseline 0.005 -4"><span class='ocrx_word' id='word_1_27' title='bbox 324 695 1206 719; x_wconf 61' lang='lat' dir='ltr'><em>„tou-uu-..-&#39;uu..uu-.u.‘u!</em></span> 
     </span>
    </p>
   </div>
   <div class='ocr_carea' id='block_1_4' title="bbox 326 754 1160 778">
    <p class='ocr_par' dir='ltr' id='par_1_4' title="bbox 326 754 1160 778">
     <span class='ocr_line' id='line_1_8' title="bbox 326 754 1160 778; baseline 0.005 -4"><span class='ocrx_word' id='word_1_28' title='bbox 326 754 1160 778; x_wconf 66' lang='grc' dir='ltr'><em>,ίυυ-υυ-υ-ὐυ-υυ,υ..ῦ</em></span> 
     </span>
    </p>
   </div>
   <div class='ocr_carea' id='block_1_5' title="bbox 322 821 1753 1099">
    <p class='ocr_par' dir='ltr' id='par_1_5' title="bbox 322 821 1753 956">
     <span class='ocr_line' id='line_1_9' title="bbox 322 821 1753 884; baseline 0.003 -18"><span class='ocrx_word' id='word_1_29' title='bbox 322 821 371 867; x_wconf 79' lang='lat' dir='ltr'><em>‘A</em></span> <span class='ocrx_word' id='word_1_30' title='bbox 404 828 557 867; x_wconf 83' lang='grc' dir='ltr'><em>Μοῖσα</em></span> <span class='ocrx_word' id='word_1_31' title='bbox 588 822 673 882; x_wconf 78' lang='grc' dir='ltr'><em>γὰρ</em></span> <span class='ocrx_word' id='word_1_32' title='bbox 707 822 787 867; x_wconf 84' lang='grc' dir='ltr'><em>οὐκ</em></span> <span class='ocrx_word' id='word_1_33' title='bbox 820 822 997 883; x_wconf 77' lang='grc' dir='ltr'><em>ἀπόρως</em></span> <span class='ocrx_word' id='word_1_34' title='bbox 1027 825 1147 882; x_wconf 69' lang='grc' dir='ltr'><em>νεύει</em></span> <span class='ocrx_word' id='word_1_35' title='bbox 1177 825 1227 870; x_wconf 89' lang='grc' dir='ltr'><em>τὸ</em></span> <span class='ocrx_word' id='word_1_36' title='bbox 1267 825 1411 884; x_wconf 87' lang='grc' dir='ltr'><em>παρὸν</em></span> <span class='ocrx_word' id='word_1_37' title='bbox 1450 826 1614 884; x_wconf 82' lang='grc' dir='ltr'><em>μόνον,</em></span> <span class='ocrx_word' id='word_1_38' title='bbox 1653 825 1753 871; x_wconf 81' lang='grc' dir='ltr'><em>ἀλλ’</em></span> 
     </span>
     <span class='ocr_line' id='line_1_10' title="bbox 1086 898 1312 956; baseline 0.004 -15"><span class='ocrx_word' id='word_1_39' title='bbox 1086 898 1312 956; x_wconf 81' lang='grc' dir='ltr'><em>ἐπέρχεται</em></span> 
     </span>
    </p>

    <p class='ocr_par' dir='ltr' id='par_1_6' title="bbox 326 966 1697 1028">
     <span class='ocr_line' id='line_1_11' title="bbox 326 966 1697 1028; baseline 0.003 -18"><span class='ocrx_word' id='word_1_40' title='bbox 326 966 473 1011; x_wconf 81' lang='grc' dir='ltr'><em>πάντα</em></span> <span class='ocrx_word' id='word_1_41' title='bbox 504 967 785 1025; x_wconf 81' lang='grc' dir='ltr'><em>θεριζομένα·</em></span> <span class='ocrx_word' id='word_1_42' title='bbox 818 967 876 1025; x_wconf 86' lang='grc' dir='ltr'><em>μή</em></span> <span class='ocrx_word' id='word_1_43' title='bbox 909 986 984 1025; x_wconf 88' lang='grc' dir='ltr'><em>μοι</em></span> <span class='ocrx_word' id='word_1_44' title='bbox 1016 968 1297 1026; x_wconf 82' lang='grc' dir='ltr'><em>καταπαύετ’,</em></span> <span class='ocrx_word' id='word_1_45' title='bbox 1331 972 1503 1028; x_wconf 84' lang='grc' dir='ltr'><em>ἐπείπερ</em></span> <span class='ocrx_word' id='word_1_46' title='bbox 1536 969 1697 1027; x_wconf 78' lang='grc' dir='ltr'><em>ἄρξατο</em></span> 
     </span>
    </p>

    <p class='ocr_par' dir='ltr' id='par_1_7' title="bbox 326 1037 1650 1099">
     <span class='ocr_line' id='line_1_12' title="bbox 326 1037 1650 1099; baseline 0.003 -18"><span class='ocrx_word' id='word_1_47' title='bbox 326 1037 633 1096; x_wconf 82' lang='grc' dir='ltr'><em>τερπνοτάτων</em></span> <span class='ocrx_word' id='word_1_48' title='bbox 665 1040 833 1095; x_wconf 83' lang='grc' dir='ltr'><em>μελέων</em></span> <span class='ocrx_word' id='word_1_49' title='bbox 866 1037 889 1083; x_wconf 86' lang='grc' dir='ltr'>ὁ</span> <span class='ocrx_word' id='word_1_50' title='bbox 922 1040 1162 1096; x_wconf 81' lang='grc' dir='ltr'><em>καλλιβόας</em></span> <span class='ocrx_word' id='word_1_51' title='bbox 1193 1041 1472 1099; x_wconf 81' lang='grc' dir='ltr'><em>πολύχορδος</em></span> <span class='ocrx_word' id='word_1_52' title='bbox 1503 1039 1650 1093; x_wconf 82' lang='grc' dir='ltr'><em>αὐλός.</em></span> 
     </span>
    </p>
   </div>
   <div class='ocr_carea' id='block_1_6' title="bbox 891 1160 1098 1214">
    <p class='ocr_par' dir='ltr' id='par_1_8' title="bbox 891 1160 1098 1214">
     <span class='ocr_line' id='line_1_13' title="bbox 891 1160 1098 1214; baseline 0.01 -13"><span class='ocrx_word' id='word_1_53' title='bbox 891 1160 959 1203; x_wconf 83' lang='lat'><em>47.</em></span> <span class='ocrx_word' id='word_1_54' title='bbox 994 1161 1098 1214; x_wconf 59' lang='grc' dir='ltr'><em>[τε]</em></span> 
     </span>
    </p>
   </div>
   <div class='ocr_carea' id='block_1_7' title="bbox 329 1252 932 1276">
    <p class='ocr_par' dir='ltr' id='par_1_9' title="bbox 329 1252 932 1276">
     <span class='ocr_line' id='line_1_14' title="bbox 329 1252 932 1276; baseline 0.002 -1"><span class='ocrx_word' id='word_1_55' title='bbox 329 1252 932 1276; x_wconf 69' lang='grc' dir='ltr'>...υ..-,ὐυ..υυ,-ῦ</span> 
     </span>
    </p>
   </div>
   <div class='ocr_carea' id='block_1_8' title="bbox 326 1312 752 1334">
    <p class='ocr_par' dir='ltr' id='par_1_10' title="bbox 326 1312 752 1334">
     <span class='ocr_line' id='line_1_15' title="bbox 326 1312 752 1334; baseline 0.002 -1"><span class='ocrx_word' id='word_1_56' title='bbox 326 1312 752 1334; x_wconf 66' lang='grc' dir='ltr'><strong>--ίυυ-υυ-..</strong></span> 
     </span>
    </p>
   </div>
   <div class='ocr_carea' id='block_1_9' title="bbox 232 1436 1760 2094">
    <p class='ocr_par' dir='ltr' id='par_1_11' title="bbox 232 1436 1758 1538">
     <span class='ocr_line' id='line_1_16' title="bbox 232 1436 1758 1500; baseline 0.001 -24"><span class='ocrx_word' id='word_1_57' title='bbox 232 1441 420 1500; x_wconf 70' lang='lat' dir='ltr'>(Hartung</span> <span class='ocrx_word' id='word_1_58' title='bbox 444 1439 642 1488; x_wconf 86' lang='grc' dir='ltr'><em>πρότερον)</em></span> <span class='ocrx_word' id='word_1_59' title='bbox 668 1436 784 1483; x_wconf 80' lang='grc' dir='ltr'><em>αὖθις</em></span> <span class='ocrx_word' id='word_1_60' title='bbox 809 1439 829 1478; x_wconf 82' lang='grc' dir='ltr'>ὁ</span> <span class='ocrx_word' id='word_1_61' title='bbox 855 1444 1089 1500; x_wconf 82' lang='grc' dir='ltr'><em>Σιμωνίδης,</em></span> <span class='ocrx_word' id='word_1_62' title='bbox 1114 1440 1183 1488; x_wconf 87' lang='grc' dir='ltr'><em>τὴν</em></span> <span class='ocrx_word' id='word_1_63' title='bbox 1208 1440 1352 1479; x_wconf 77' lang='grc' dir='ltr'><em>Κλειὼ</em></span> <span class='ocrx_word' id='word_1_64' title='bbox 1373 1455 1586 1488; x_wconf 86' lang='grc' dir='ltr'><em>προσειπων</em></span> <span class='ocrx_word' id='word_1_65' title='bbox 1611 1439 1758 1500; x_wconf 62' lang='lat' dir='ltr'><em>&amp;yvsscv</em></span> 
     </span>
     <span class='ocr_line' id='line_1_17' title="bbox 234 1486 1756 1550; baseline 0.001 -26"><span class='ocrx_word' id='word_1_66' title='bbox 234 1487 487 1524; x_wconf 78' lang='grc' dir='ltr'><em>ἐπίσκοπον</em></span> <span class='ocrx_word' id='word_1_67' title='bbox 512 1491 758 1547; x_wconf 82' lang='grc' dir='ltr'><em>χερνίβων,</em></span> <span class='ocrx_word' id='word_1_68' title='bbox 785 1491 893 1535; x_wconf 85' lang='grc' dir='ltr'><em>φησί,</em></span> <span class='ocrx_word' id='word_1_69' title='bbox 919 1487 1191 1527; x_wconf 85' lang='grc' dir='ltr'><em>πολύλιστον</em></span> <span class='ocrx_word' id='word_1_70' title='bbox 1217 1486 1385 1550; x_wconf 89' lang='grc' dir='ltr'><em>αραιόν</em></span> <span class='ocrx_word' id='word_1_71' title='bbox 1411 1489 1456 1525; x_wconf 88' lang='grc' dir='ltr'><em>τέ</em></span> <span class='ocrx_word' id='word_1_72' title='bbox 1477 1488 1602 1526; x_wconf 78' lang='grc' dir='ltr'><em>ἐστιν</em></span> <span class='ocrx_word' id='word_1_73' title='bbox 1621 1487 1756 1547; x_wconf 80' lang='grc' dir='ltr'><em>ἄχρυ-</em></span> 
     </span>
    </p>

    <p class='ocr_par' dir='ltr' id='par_1_12' title="bbox 233 1533 1758 1631">
     <span class='ocr_line' id='line_1_18' title="bbox 233 1533 1758 1595; baseline 0.001 -24"><span class='ocrx_word' id='word_1_74' title='bbox 233 1534 463 1572; x_wconf 88' lang='grc' dir='ltr'><em>σόπεπλον</em></span> <span class='ocrx_word' id='word_1_75' title='bbox 502 1534 674 1578; x_wconf 78' lang='grc' dir='ltr'><em>εὐῶδες</em></span> <span class='ocrx_word' id='word_1_76' title='bbox 711 1533 974 1585; x_wconf 89' lang='grc' dir='ltr'><em>αμβροσίων</em></span> <span class='ocrx_word' id='word_1_77' title='bbox 1015 1535 1062 1573; x_wconf 77' lang='grc' dir='ltr'><em>ἐκ</em></span> <span class='ocrx_word' id='word_1_78' title='bbox 1106 1539 1255 1595; x_wconf 53' lang='grc' dir='ltr'><em>μυχῶν</em></span> <span class='ocrx_word' id='word_1_79' title='bbox 1294 1535 1462 1581; x_wconf 78' lang='grc' dir='ltr'><em>ἐρανὸν</em></span> <span class='ocrx_word' id='word_1_80' title='bbox 1506 1534 1636 1584; x_wconf 75' lang='grc' dir='ltr'><em>ὕδωρ.</em></span> <span class='ocrx_word' id='word_1_81' title='bbox 1675 1535 1758 1595; x_wconf 57' lang='lat' dir='ltr'>,ovi-n</span> 
     </span>
     <span class='ocr_line' id='line_1_19' title="bbox 235 1578 1757 1640; baseline 0.001 -22"><span class='ocrx_word' id='word_1_82' title='bbox 235 1580 361 1640; x_wconf 77' lang='grc' dir='ltr'><em>ὀρθῶς</em></span> <span class='ocrx_word' id='word_1_83' title='bbox 387 1578 454 1619; x_wconf 81' lang='grc' dir='ltr'><em>οὖν</em></span> <span class='ocrx_word' id='word_1_84' title='bbox 481 1581 650 1628; x_wconf 78' lang='grc' dir='ltr'><em>Εὔδοξος</em></span> <span class='ocrx_word' id='word_1_85' title='bbox 676 1582 867 1620; x_wconf 80' lang='grc' dir='ltr'><em>ἐπίστευσε</em></span> <span class='ocrx_word' id='word_1_86' title='bbox 894 1590 972 1626; x_wconf 79' lang='grc' dir='ltr'><em>τοῖς</em></span> <span class='ocrx_word' id='word_1_87' title='bbox 995 1587 1142 1630; x_wconf 80' lang='grc' dir='ltr'><em>Στυγος</em></span> <span class='ocrx_word' id='word_1_88' title='bbox 1173 1587 1274 1631; x_wconf 87' lang='grc' dir='ltr'><em>υδωρ</em></span> <span class='ocrx_word' id='word_1_89' title='bbox 1299 1586 1410 1621; x_wconf 82' lang='grc' dir='ltr'><em>τοῦτο</em></span> <span class='ocrx_word' id='word_1_90' title='bbox 1437 1588 1638 1621; x_wconf 79' lang='grc' dir='ltr'><em>καλεῖσθαι</em></span> <span class='ocrx_word' id='word_1_91' title='bbox 1662 1581 1757 1625; x_wconf 76' lang='grc' dir='ltr'><em>ἄπο-</em></span> 
     </span>
    </p>

    <p class='ocr_par' dir='ltr' id='par_1_13' title="bbox 232 1628 1760 2094">
     <span class='ocr_line' id='line_1_20' title="bbox 232 1628 1757 1678; baseline 0.001 -12"><span class='ocrx_word' id='word_1_92' title='bbox 232 1628 385 1676; x_wconf 84' lang='grc' dir='ltr'><em>φήνασι.</em></span> <span class='ocrx_word' id='word_1_93' title='bbox 425 1631 545 1667; x_wconf 85' lang='lat' dir='ltr'>Locus</span> <span class='ocrx_word' id='word_1_94' title='bbox 570 1632 671 1667; x_wconf 83' lang='lat' dir='ltr'>haud</span> <span class='ocrx_word' id='word_1_95' title='bbox 696 1632 809 1668; x_wconf 87' lang='lat' dir='ltr'>dubie</span> <span class='ocrx_word' id='word_1_96' title='bbox 828 1643 874 1667; x_wconf 89' lang='lat' dir='ltr'>ex</span> <span class='ocrx_word' id='word_1_97' title='bbox 891 1632 1023 1668; x_wconf 84' lang='lat' dir='ltr'>eodem</span> <span class='ocrx_word' id='word_1_98' title='bbox 1049 1633 1223 1678; x_wconf 86' lang='lat' dir='ltr'>carmine,</span> <span class='ocrx_word' id='word_1_99' title='bbox 1249 1643 1323 1678; x_wconf 89' lang='lat' dir='ltr'><em>quo</em></span> <span class='ocrx_word' id='word_1_100' title='bbox 1345 1633 1571 1678; x_wconf 82' lang='lat' dir='ltr'>praecedens</span> <span class='ocrx_word' id='word_1_101' title='bbox 1595 1633 1639 1668; x_wconf 85' lang='lat' dir='ltr'><em>fr.</em></span> <span class='ocrx_word' id='word_1_102' title='bbox 1664 1631 1757 1678; x_wconf 77' lang='lat' dir='ltr'>peti-</span> 
     </span>
     <span class='ocr_line' id='line_1_21' title="bbox 233 1677 1760 1739; baseline 0.001 -26"><span class='ocrx_word' id='word_1_103' title='bbox 233 1681 307 1723; x_wconf 75' lang='lat' dir='ltr'>tus,</span> <span class='ocrx_word' id='word_1_104' title='bbox 332 1677 419 1714; x_wconf 89' lang='lat' dir='ltr'>inde</span> <span class='ocrx_word' id='word_1_105' title='bbox 445 1690 468 1713; x_wconf 82' lang='lat' dir='ltr'>a</span> <span class='ocrx_word' id='word_1_106' title='bbox 491 1681 673 1727; x_wconf 83' lang='grc' dir='ltr'><em>χερνίβων</em></span> <span class='ocrx_word' id='word_1_107' title='bbox 698 1679 779 1724; x_wconf 85' lang='lat' dir='ltr'>ipsa</span> <span class='ocrx_word' id='word_1_108' title='bbox 803 1681 936 1739; x_wconf 80' lang='lat' dir='ltr'>poetae</span> <span class='ocrx_word' id='word_1_109' title='bbox 961 1680 1076 1716; x_wconf 81' lang='lat' dir='ltr'>verba</span> <span class='ocrx_word' id='word_1_110' title='bbox 1095 1681 1310 1726; x_wconf 78' lang='lat' dir='ltr'>sequuntur,</span> <span class='ocrx_word' id='word_1_111' title='bbox 1329 1683 1372 1715; x_wconf 76' lang='lat' dir='ltr'><em>ut</em></span> <span class='ocrx_word' id='word_1_112' title='bbox 1396 1681 1493 1725; x_wconf 85' lang='grc' dir='ltr'><em>φησί</em></span> <span class='ocrx_word' id='word_1_113' title='bbox 1513 1679 1666 1724; x_wconf 80' lang='lat' dir='ltr'>indicat,</span> <span class='ocrx_word' id='word_1_114' title='bbox 1690 1679 1760 1715; x_wconf 74' lang='lat' dir='ltr'>ita.-</span> 
     </span>
     <span class='ocr_line' id='line_1_22' title="bbox 232 1724 1756 1781; baseline 0.001 -21"><span class='ocrx_word' id='word_1_115' title='bbox 232 1738 302 1770; x_wconf 84' lang='lat' dir='ltr'>que</span> <span class='ocrx_word' id='word_1_116' title='bbox 328 1727 512 1781; x_wconf 82' lang='grc' dir='ltr'><em>χερνίβων</em></span> <span class='ocrx_word' id='word_1_117' title='bbox 537 1738 612 1762; x_wconf 87' lang='lat' dir='ltr'><em>non</em></span> <span class='ocrx_word' id='word_1_118' title='bbox 637 1728 693 1762; x_wconf 71' lang='lat' dir='ltr'>est</span> <span class='ocrx_word' id='word_1_119' title='bbox 718 1739 802 1762; x_wconf 88' lang='lat' dir='ltr'><em>cum</em></span> <span class='ocrx_word' id='word_1_120' title='bbox 827 1724 1029 1768; x_wconf 80' lang='grc' dir='ltr'><em>ἐπίσκοπος</em></span> <span class='ocrx_word' id='word_1_121' title='bbox 1053 1728 1291 1773; x_wconf 88' lang='lat' dir='ltr'>iungendum,</span> <span class='ocrx_word' id='word_1_122' title='bbox 1317 1738 1542 1773; x_wconf 85' lang='lat' dir='ltr'><strong>quamquam</strong></span> <span class='ocrx_word' id='word_1_123' title='bbox 1559 1727 1652 1762; x_wconf 79' lang='lat' dir='ltr'>haec</span> <span class='ocrx_word' id='word_1_124' title='bbox 1671 1737 1756 1762; x_wconf 85' lang='lat' dir='ltr'>con-</span> 
     </span>
     <span class='ocr_line' id='line_1_23' title="bbox 232 1773 1759 1820; baseline 0.001 -12"><span class='ocrx_word' id='word_1_125' title='bbox 232 1773 338 1809; x_wconf 77' lang='lat' dir='ltr'>tinuo</span> <span class='ocrx_word' id='word_1_126' title='bbox 364 1785 402 1808; x_wconf 92' lang='lat' dir='ltr'>se</span> <span class='ocrx_word' id='word_1_127' title='bbox 435 1774 633 1819; x_wconf 79' lang='lat' dir='ltr'>excipiunt.</span> <span class='ocrx_word' id='word_1_128' title='bbox 685 1774 890 1810; x_wconf 86' lang='lat' dir='ltr'>Emendavi</span> <span class='ocrx_word' id='word_1_129' title='bbox 919 1776 963 1810; x_wconf 68' lang='lat' dir='ltr'><em>uf,</em></span> <span class='ocrx_word' id='word_1_130' title='bbox 992 1775 1099 1820; x_wconf 73' lang='lat' dir='ltr'>potui</span> <span class='ocrx_word' id='word_1_131' title='bbox 1124 1775 1336 1810; x_wconf 72' lang='lat' dir='ltr'>mutilatam</span> <span class='ocrx_word' id='word_1_132' title='bbox 1362 1775 1568 1810; x_wconf 78' lang='lat' dir='ltr'>orationem</span> <span class='ocrx_word' id='word_1_133' title='bbox 1592 1774 1759 1810; x_wconf 78' lang='lat' dir='ltr'>inserens</span> 
     </span>
     <span class='ocr_line' id='line_1_24' title="bbox 235 1816 1759 1879; baseline 0 -24"><span class='ocrx_word' id='word_1_134' title='bbox 235 1816 332 1864; x_wconf 80' lang='grc' dir='ltr'><em>ἅτε,</em></span> <span class='ocrx_word' id='word_1_135' title='bbox 370 1821 511 1877; x_wconf 83' lang='grc' dir='ltr'><em>νᾶμα,</em></span> <span class='ocrx_word' id='word_1_136' title='bbox 550 1819 861 1878; x_wconf 82' lang='grc' dir='ltr'><em>Μναμοσύνας</em></span> <span class='ocrx_word' id='word_1_137' title='bbox 891 1824 930 1857; x_wconf 74' lang='lat' dir='ltr'><em>et</em></span> <span class='ocrx_word' id='word_1_138' title='bbox 960 1823 1057 1862; x_wconf 86' lang='grc' dir='ltr'><em>ιεις.</em></span> <span class='ocrx_word' id='word_1_139' title='bbox 1107 1823 1229 1858; x_wconf 66' lang='lat' dir='ltr'>Anhea</span> <span class='ocrx_word' id='word_1_140' title='bbox 1258 1822 1402 1858; x_wconf 85' lang='lat' dir='ltr'>conieci</span> <span class='ocrx_word' id='word_1_141' title='bbox 1438 1818 1499 1857; x_wconf 85' lang='grc' dir='ltr'><em>ατ’</em></span> <span class='ocrx_word' id='word_1_142' title='bbox 1537 1819 1759 1879; x_wconf 84' lang='grc' dir='ltr'><em>αρυόντεσσι</em></span> 
     </span>
     <span class='ocr_line' id='line_1_25' title="bbox 234 1865 1757 1926; baseline 0.001 -24"><span class='ocrx_word' id='word_1_143' title='bbox 234 1865 476 1923; x_wconf 87' lang='grc' dir='ltr'><em>χρυσορανίδ’</em></span> <span class='ocrx_word' id='word_1_144' title='bbox 511 1870 581 1909; x_wconf 88' lang='grc' dir='ltr'><em>ιεις</em></span> <span class='ocrx_word' id='word_1_145' title='bbox 615 1865 774 1912; x_wconf 69' lang='grc' dir='ltr'><em>εὐῶδες,</em></span> <span class='ocrx_word' id='word_1_146' title='bbox 801 1869 883 1905; x_wconf 87' lang='lat' dir='ltr'>coll.</span> <span class='ocrx_word' id='word_1_147' title='bbox 910 1868 1068 1914; x_wconf 83' lang='lat' dir='ltr'>Hesych.</span> <span class='ocrx_word' id='word_1_148' title='bbox 1096 1871 1335 1915; x_wconf 81' lang='grc' dir='ltr'><em>χρυσορ·ανίς</em></span> <span class='ocrx_word' id='word_1_149' title='bbox 1367 1866 1391 1914; x_wconf 85' lang='grc' dir='ltr'><em>ἡ</em></span> <span class='ocrx_word' id='word_1_150' title='bbox 1420 1869 1555 1926; x_wconf 82' lang='grc' dir='ltr'><em>χέρνιψ</em></span> <span class='ocrx_word' id='word_1_151' title='bbox 1587 1865 1663 1904; x_wconf 70' lang='grc' dir='ltr'><em>ἀπὸ</em></span> <span class='ocrx_word' id='word_1_152' title='bbox 1690 1869 1757 1904; x_wconf 78' lang='grc' dir='ltr'><em>τοῦ</em></span> 
     </span>
     <span class='ocr_line' id='line_1_26' title="bbox 232 1912 1758 1973; baseline 0.001 -24"><span class='ocrx_word' id='word_1_153' title='bbox 232 1912 370 1960; x_wconf 88' lang='grc' dir='ltr'><em>χρυσὸν</em></span> <span class='ocrx_word' id='word_1_154' title='bbox 391 1914 502 1960; x_wconf 81' lang='grc' dir='ltr'><em>ἔχειν,</em></span> <span class='ocrx_word' id='word_1_155' title='bbox 523 1916 588 1950; x_wconf 87' lang='lat' dir='ltr'>sed</span> <span class='ocrx_word' id='word_1_156' title='bbox 619 1913 874 1960; x_wconf 80' lang='grc' dir='ltr'><em>χρυσόπεπλος</em></span> <span class='ocrx_word' id='word_1_157' title='bbox 898 1916 983 1951; x_wconf 78' lang='lat' dir='ltr'>vitii</span> <span class='ocrx_word' id='word_1_158' title='bbox 1007 1917 1184 1973; x_wconf 89' lang='lat' dir='ltr'>immune,</span> <span class='ocrx_word' id='word_1_159' title='bbox 1203 1917 1330 1961; x_wconf 79' lang='lat' dir='ltr'>itaque</span> <span class='ocrx_word' id='word_1_160' title='bbox 1349 1914 1609 1962; x_wconf 84' lang='grc' dir='ltr'><em>Μναμοσύνας</em></span> <span class='ocrx_word' id='word_1_161' title='bbox 1627 1915 1758 1959; x_wconf 84' lang='lat' dir='ltr'>adieci,</span> 
     </span>
     <span class='ocr_line' id='line_1_27' title="bbox 234 1960 1758 2009; baseline 0.001 -13"><span class='ocrx_word' id='word_1_162' title='bbox 234 1962 278 1997; x_wconf 84' lang='lat' dir='ltr'><em>cf.</em></span> <span class='ocrx_word' id='word_1_163' title='bbox 303 1962 410 1998; x_wconf 90' lang='lat' dir='ltr'>Pind.</span> <span class='ocrx_word' id='word_1_164' title='bbox 437 1963 565 1997; x_wconf 63' lang='lat' dir='ltr'>Issshm.</span> <span class='ocrx_word' id='word_1_165' title='bbox 592 1962 643 1997; x_wconf 91' lang='lat' dir='ltr'><em>VI</em></span> <span class='ocrx_word' id='word_1_166' title='bbox 671 1967 726 1998; x_wconf 83' lang='lat'><em>75.</em></span> <span class='ocrx_word' id='word_1_167' title='bbox 775 1963 941 1998; x_wconf 87' lang='lat' dir='ltr'>Permire</span> <span class='ocrx_word' id='word_1_168' title='bbox 973 1964 1080 1999; x_wconf 84' lang='lat' dir='ltr'>Blass</span> <span class='ocrx_word' id='word_1_169' title='bbox 1110 1960 1396 2009; x_wconf 87' lang='grc' dir='ltr'><em>αχρυσόπεπλον</em></span> <span class='ocrx_word' id='word_1_170' title='bbox 1428 1963 1648 1998; x_wconf 87' lang='lat' dir='ltr'>eiiciendum</span> <span class='ocrx_word' id='word_1_171' title='bbox 1673 1974 1758 1998; x_wconf 83' lang='lat' dir='ltr'>cen-</span> 
     </span>
     <span class='ocr_line' id='line_1_28' title="bbox 232 2007 1757 2056; baseline 0.001 -12"><span class='ocrx_word' id='word_1_172' title='bbox 232 2011 298 2053; x_wconf 74' lang='lat' dir='ltr'>set,</span> <span class='ocrx_word' id='word_1_173' title='bbox 331 2009 438 2053; x_wconf 83' lang='lat' dir='ltr'>quasi</span> <span class='ocrx_word' id='word_1_174' title='bbox 469 2010 642 2046; x_wconf 82' lang='lat' dir='ltr'>librarius</span> <span class='ocrx_word' id='word_1_175' title='bbox 672 2010 807 2054; x_wconf 85' lang='lat' dir='ltr'>aliquis</span> <span class='ocrx_word' id='word_1_176' title='bbox 838 2011 909 2046; x_wconf 85' lang='lat' dir='ltr'><em>hoc</em></span> <span class='ocrx_word' id='word_1_177' title='bbox 940 2011 1051 2046; x_wconf 88' lang='lat' dir='ltr'>modo</span> <span class='ocrx_word' id='word_1_178' title='bbox 1086 2012 1199 2046; x_wconf 86' lang='lat' dir='ltr'>verba</span> <span class='ocrx_word' id='word_1_179' title='bbox 1230 2012 1404 2056; x_wconf 81' lang='lat' dir='ltr'>corrupta</span> <span class='ocrx_word' id='word_1_180' title='bbox 1429 2007 1566 2056; x_wconf 74' lang='grc' dir='ltr'><em>ἀραιόν</em></span> <span class='ocrx_word' id='word_1_181' title='bbox 1590 2008 1631 2045; x_wconf 84' lang='grc' dir='ltr'><em>τέ</em></span> <span class='ocrx_word' id='word_1_182' title='bbox 1657 2007 1757 2046; x_wconf 78' lang='grc' dir='ltr'><em>ἔστιν</em></span> 
     </span>
     <span class='ocr_line' id='line_1_29' title="bbox 233 2056 1200 2094; baseline 0 -2"><span class='ocrx_word' id='word_1_183' title='bbox 233 2056 428 2092; x_wconf 84' lang='lat' dir='ltr'>emendare</span> <span class='ocrx_word' id='word_1_184' title='bbox 455 2058 607 2093; x_wconf 77' lang='lat' dir='ltr'>conatus</span> <span class='ocrx_word' id='word_1_185' title='bbox 633 2056 693 2093; x_wconf 73' lang='lat' dir='ltr'>sit.</span> <span class='ocrx_word' id='word_1_186' title='bbox 745 2057 1003 2093; x_wconf 82' lang='lat' dir='ltr'>Schneidewin</span> <span class='ocrx_word' id='word_1_187' title='bbox 1028 2058 1200 2094; x_wconf 81' lang='lat' dir='ltr'>coniecit:</span> 
     </span>
    </p>
   </div>
   <div class='ocr_carea' id='block_1_10' title="bbox 511 2125 1478 2271">
    <p class='ocr_par' dir='ltr' id='par_1_14' title="bbox 511 2125 1466 2271">
     <span class='ocr_line' id='line_1_30' title="bbox 511 2125 1072 2186; baseline 0.002 -24.007"><span class='ocrx_word' id='word_1_188' title='bbox 511 2125 642 2184; x_wconf 74' lang='grc' dir='ltr'><em>Αγνᾷν</em></span> <span class='ocrx_word' id='word_1_189' title='bbox 670 2125 847 2164; x_wconf 80' lang='grc' dir='ltr'><em>ε’πίσκοπε</em></span> <span class='ocrx_word' id='word_1_190' title='bbox 874 2129 1072 2186; x_wconf 86' lang='grc' dir='ltr'><em>χερνίβων,</em></span> 
     </span>
     <span class='ocr_line' id='line_1_31' title="bbox 515 2172 1314 2231; baseline 0.001 -21"><span class='ocrx_word' id='word_1_191' title='bbox 515 2172 730 2211; x_wconf 77' lang='grc' dir='ltr'><em>πολύλλιστ’</em></span> <span class='ocrx_word' id='word_1_192' title='bbox 758 2173 1002 2221; x_wconf 84' lang='grc' dir='ltr'><em>ἆρυόντεσσιν</em></span> <span class='ocrx_word' id='word_1_193' title='bbox 1028 2173 1314 2231; x_wconf 71' lang='grc' dir='ltr'><em>ἀχρυσόπεπλον</em></span> 
     </span>
     <span class='ocr_line' id='line_1_32' title="bbox 517 2219 1478 2271; baseline 0 -13"><span class='ocrx_word' id='word_1_194' title='bbox 517 2220 659 2263; x_wconf 85' lang='grc' dir='ltr'><em>ευῶδες</em></span> <span class='ocrx_word' id='word_1_195' title='bbox 683 2221 896 2271; x_wconf 74' lang='grc' dir='ltr'><em>ἀμβροσίων</em></span> <span class='ocrx_word' id='word_1_196' title='bbox 922 2220 965 2259; x_wconf 80' lang='grc' dir='ltr'><em>ἐκ</em></span> <span class='ocrx_word' id='word_1_197' title='bbox 990 2224 1117 2269; x_wconf 85' lang='grc' dir='ltr'><em>μυχῶν</em></span> <span class='ocrx_word' id='word_1_198' title='bbox 1144 2220 1338 2269; x_wconf 77' lang='grc' dir='ltr'><em>ἐρατεινὸν</em></span> <span class='ocrx_word' id='word_1_199' title='bbox 1362 2219 1478 2268; x_wconf 74' lang='grc' dir='ltr'><em>ὕδωρ.</em></span> 
     </span>
    </p>
   </div>
   <div class='ocr_carea' id='block_1_11' title="bbox 231 2290 1757 2388">
    <p class='ocr_par' dir='ltr' id='par_1_15' title="bbox 231 2290 1757 2388">
     <span class='ocr_line' id='line_1_33' title="bbox 233 2290 1757 2350; baseline 0 -22"><span class='ocrx_word' id='word_1_200' title='bbox 233 2295 405 2340; x_wconf 78' lang='lat' dir='ltr'>Hartung</span> <span class='ocrx_word' id='word_1_201' title='bbox 428 2291 553 2350; x_wconf 79' lang='grc' dir='ltr'><em>ἁγνᾶν</em></span> <span class='ocrx_word' id='word_1_202' title='bbox 581 2292 759 2330; x_wconf 80' lang='grc' dir='ltr'><em>ἐπίσκοπε</em></span> <span class='ocrx_word' id='word_1_203' title='bbox 787 2295 968 2341; x_wconf 87' lang='grc' dir='ltr'><em>χερνίβων</em></span> <span class='ocrx_word' id='word_1_204' title='bbox 999 2295 1239 2339; x_wconf 84' lang='grc' dir='ltr'><em>πολυλίστων,</em></span> <span class='ocrx_word' id='word_1_205' title='bbox 1267 2296 1272 2334; x_wconf 91' lang='grc' dir='ltr'>Ι</span> <span class='ocrx_word' id='word_1_206' title='bbox 1299 2290 1544 2339; x_wconf 86' lang='grc' dir='ltr'><em>αρυόντεσσιν</em></span> <span class='ocrx_word' id='word_1_207' title='bbox 1574 2306 1599 2328; x_wconf 88' lang='grc' dir='ltr'><em>α</em></span> <span class='ocrx_word' id='word_1_208' title='bbox 1626 2290 1757 2339; x_wconf 79' lang='grc' dir='ltr'><em>χρυσό-</em></span> 
     </span>
     <span class='ocr_line' id='line_1_34' title="bbox 231 2322 1376 2388; baseline 0 -11"><span class='ocrx_word' id='word_1_209' title='bbox 231 2344 371 2382; x_wconf 82' lang='grc' dir='ltr'><em>πεπλος</em></span> <span class='ocrx_word' id='word_1_210' title='bbox 380 2322 544 2382; x_wconf 47' lang='grc' dir='ltr'><em>ῠεῦοδεις</em></span> <span class='ocrx_word' id='word_1_211' title='bbox 565 2343 570 2387; x_wconf 91' lang='grc' dir='ltr'>Ι</span> <span class='ocrx_word' id='word_1_212' title='bbox 593 2338 806 2388; x_wconf 85' lang='grc' dir='ltr'><em>αμβροσίων</em></span> <span class='ocrx_word' id='word_1_213' title='bbox 829 2343 834 2386; x_wconf 76' lang='grc' dir='ltr'>Ι</span> <span class='ocrx_word' id='word_1_214' title='bbox 858 2339 899 2377; x_wconf 78' lang='grc' dir='ltr'><em>ἐκ</em></span> <span class='ocrx_word' id='word_1_215' title='bbox 925 2342 1052 2387; x_wconf 81' lang='grc' dir='ltr'><em>μυχῶν</em></span> <span class='ocrx_word' id='word_1_216' title='bbox 1078 2323 1239 2387; x_wconf 78' lang='grc' dir='ltr'><em>ἐραννὸν</em></span> <span class='ocrx_word' id='word_1_217' title='bbox 1263 2338 1376 2386; x_wconf 73' lang='grc' dir='ltr'><em>ὕδωρ.</em></span> 
     </span>
    </p>
   </div>
   <div class='ocr_carea' id='block_1_12' title="bbox 228 2432 1754 2813">
    <p class='ocr_par' dir='ltr' id='par_1_16' title="bbox 232 2432 1754 2813">
     <span class='ocr_line' id='line_1_35' title="bbox 328 2432 1753 2490; baseline -0.001 -20"><span class='ocrx_word' id='word_1_218' title='bbox 328 2436 386 2472; x_wconf 81' lang='lat' dir='ltr'><em>Fr.</em></span> <span class='ocrx_word' id='word_1_219' title='bbox 413 2439 469 2472; x_wconf 85' lang='lat'><em>46.</em></span> <span class='ocrx_word' id='word_1_220' title='bbox 521 2435 831 2471; x_wconf 75' lang='lat' dir='ltr'>Aristid.11513.</span> <span class='ocrx_word' id='word_1_221' title='bbox 860 2435 953 2481; x_wconf 87' lang='grc' dir='ltr'><em>Φέρε</em></span> <span class='ocrx_word' id='word_1_222' title='bbox 981 2433 1028 2481; x_wconf 87' lang='grc' dir='ltr'><em>δὴ</em></span> <span class='ocrx_word' id='word_1_223' title='bbox 1054 2436 1120 2471; x_wconf 81' lang='grc' dir='ltr'><em>καὶ</em></span> <span class='ocrx_word' id='word_1_224' title='bbox 1143 2436 1265 2471; x_wconf 82' lang='grc' dir='ltr'><em>ταῦτα</em></span> <span class='ocrx_word' id='word_1_225' title='bbox 1291 2437 1535 2482; x_wconf 81' lang='grc' dir='ltr'><em>(Σιμωνίδου)</em></span> <span class='ocrx_word' id='word_1_226' title='bbox 1559 2432 1753 2490; x_wconf 76' lang='grc' dir='ltr'><em>ἐξέτασον</em></span> 
     </span>
     <span class='ocr_line' id='line_1_36' title="bbox 228 2478 1754 2542; baseline -0.001 -23.995"><span class='ocrx_word' id='word_1_227' title='bbox 228 2480 260 2518; x_wconf 79' lang='lat' dir='ltr'><em>‘A</em></span> <span class='ocrx_word' id='word_1_228' title='bbox 287 2483 450 2518; x_wconf 78' lang='grc' dir='ltr'><em>Μοῦσα</em></span> <span class='ocrx_word' id='word_1_229' title='bbox 477 2511 484 2519; x_wconf 91' lang='grc'>.</span> <span class='ocrx_word' id='word_1_230' title='bbox 506 2511 513 2518; x_wconf 94' lang='grc'>.</span> <span class='ocrx_word' id='word_1_231' title='bbox 536 2482 870 2542; x_wconf 78' lang='grc' dir='ltr'><em>.θεριζομένα.</em></span> <span class='ocrx_word' id='word_1_232' title='bbox 897 2511 906 2519; x_wconf 93' lang='grc'><em>.</em></span> <span class='ocrx_word' id='word_1_233' title='bbox 956 2480 1115 2519; x_wconf 77' lang='grc' dir='ltr'><em>,Ταῦτ’</em></span> <span class='ocrx_word' id='word_1_234' title='bbox 1143 2481 1188 2519; x_wconf 82' lang='grc' dir='ltr'><em>οὐ</em></span> <span class='ocrx_word' id='word_1_235' title='bbox 1208 2485 1319 2518; x_wconf 80' lang='grc' dir='ltr'><em>δοκεῖ</em></span> <span class='ocrx_word' id='word_1_236' title='bbox 1332 2494 1391 2518; x_wconf 88' lang='grc' dir='ltr'><em>σοι</em></span> <span class='ocrx_word' id='word_1_237' title='bbox 1409 2483 1539 2527; x_wconf 81' lang='grc' dir='ltr'><em>σαφῶς</em></span> <span class='ocrx_word' id='word_1_238' title='bbox 1557 2479 1578 2518; x_wconf 85' lang='grc' dir='ltr'>ὁ</span> <span class='ocrx_word' id='word_1_239' title='bbox 1598 2478 1754 2538; x_wconf 73' lang='grc' dir='ltr'><em>ποιητής</em></span> 
     </span>
     <span class='ocr_line' id='line_1_37' title="bbox 234 2525 1751 2588; baseline -0.001 -23"><span class='ocrx_word' id='word_1_240' title='bbox 234 2527 372 2566; x_wconf 73' lang='grc' dir='ltr'><em>ἑαυτὸν</em></span> <span class='ocrx_word' id='word_1_241' title='bbox 399 2527 566 2566; x_wconf 85' lang='grc' dir='ltr'><em>επαινῶν</em></span> <span class='ocrx_word' id='word_1_242' title='bbox 591 2529 726 2575; x_wconf 84' lang='grc' dir='ltr'><em>λέγειν,</em></span> <span class='ocrx_word' id='word_1_243' title='bbox 752 2544 801 2570; x_wconf 89' lang='grc' dir='ltr'><em>ως</em></span> <span class='ocrx_word' id='word_1_244' title='bbox 825 2528 980 2588; x_wconf 83' lang='grc' dir='ltr'><em>γόνιμον</em></span> <span class='ocrx_word' id='word_1_245' title='bbox 1000 2531 1064 2566; x_wconf 81' lang='grc' dir='ltr'><em>καὶ</em></span> <span class='ocrx_word' id='word_1_246' title='bbox 1084 2528 1244 2576; x_wconf 88' lang='grc' dir='ltr'><em>πόριμον</em></span> <span class='ocrx_word' id='word_1_247' title='bbox 1265 2529 1320 2571; x_wconf 82' lang='grc' dir='ltr'><em>εἰς</em></span> <span class='ocrx_word' id='word_1_248' title='bbox 1337 2527 1383 2565; x_wconf 78' lang='grc' dir='ltr'><em>τὰ</em></span> <span class='ocrx_word' id='word_1_249' title='bbox 1403 2528 1512 2575; x_wconf 77' lang='grc' dir='ltr'><em>μέλης</em></span> <span class='ocrx_word' id='word_1_250' title='bbox 1537 2530 1576 2564; x_wconf 91' lang='grc' dir='ltr'><em>τί</em></span> <span class='ocrx_word' id='word_1_251' title='bbox 1591 2525 1628 2564; x_wconf 89' lang='grc' dir='ltr'><em>δ’</em></span> <span class='ocrx_word' id='word_1_252' title='bbox 1652 2525 1751 2564; x_wconf 75' lang='grc' dir='ltr'><em>ἔπει-</em></span> 
     </span>
     <span class='ocr_line' id='line_1_38' title="bbox 234 2575 1753 2625; baseline -0.001 -13"><span class='ocrx_word' id='word_1_253' title='bbox 234 2575 308 2612; x_wconf 83' lang='grc' dir='ltr'><em>δοὶν</em></span> <span class='ocrx_word' id='word_1_254' title='bbox 326 2577 434 2624; x_wconf 74' lang='grc' dir='ltr'><em>λέγῃ·</em></span> <span class='ocrx_word' id='word_1_255' title='bbox 455 2577 509 2623; x_wconf 91' lang='grc' dir='ltr'><em>μή</em></span> <span class='ocrx_word' id='word_1_256' title='bbox 533 2591 607 2625; x_wconf 80' lang='grc' dir='ltr'><em>μοι</em></span> <span class='ocrx_word' id='word_1_257' title='bbox 627 2575 909 2613; x_wconf 80' lang='grc' dir='ltr'><em>καταπαύετ’</em></span> <span class='ocrx_word' id='word_1_258' title='bbox 931 2581 1006 2614; x_wconf 81' lang='grc' dir='ltr'><em>κτλ.</em></span> <span class='ocrx_word' id='word_1_259' title='bbox 1044 2578 1225 2614; x_wconf 84' lang='lat' dir='ltr'>Coniunxi</span> <span class='ocrx_word' id='word_1_260' title='bbox 1243 2578 1336 2613; x_wconf 83' lang='lat' dir='ltr'>haec</span> <span class='ocrx_word' id='word_1_261' title='bbox 1354 2576 1585 2622; x_wconf 53' lang='lat' dir='ltr'>fragments</span> <span class='ocrx_word' id='word_1_262' title='bbox 1575 2587 1615 2611; x_wconf 87' lang='lat' dir='ltr'><strong>m</strong></span> <span class='ocrx_word' id='word_1_263' title='bbox 1627 2587 1753 2619; x_wconf 91' lang='lat' dir='ltr'>unum,</span> 
     </span>
     <span class='ocr_line' id='line_1_39' title="bbox 234 2621 1753 2669; baseline -0.002 -9"><span class='ocrx_word' id='word_1_264' title='bbox 234 2636 329 2669; x_wconf 85' lang='lat' dir='ltr'>quae</span> <span class='ocrx_word' id='word_1_265' title='bbox 355 2621 556 2661; x_wconf 80' lang='lat' dir='ltr'><em>Simonidis</em></span> <span class='ocrx_word' id='word_1_266' title='bbox 580 2636 660 2661; x_wconf 85' lang='lat' dir='ltr'>esse</span> <span class='ocrx_word' id='word_1_267' title='bbox 685 2625 786 2660; x_wconf 80' lang='lat' dir='ltr'>haud</span> <span class='ocrx_word' id='word_1_268' title='bbox 812 2625 966 2661; x_wconf 83' lang='lat' dir='ltr'>obscure</span> <span class='ocrx_word' id='word_1_269' title='bbox 985 2625 1207 2661; x_wconf 73' lang='lat' dir='ltr'>testificatur</span> <span class='ocrx_word' id='word_1_270' title='bbox 1231 2625 1424 2660; x_wconf 74' lang='lat' dir='ltr'>Aristides</span> <span class='ocrx_word' id='word_1_271' title='bbox 1445 2645 1487 2650; x_wconf 91' lang='lat'>—</span> <span class='ocrx_word' id='word_1_272' title='bbox 1507 2623 1551 2660; x_wconf 91' lang='lat' dir='ltr'><em>V.</em></span> <span class='ocrx_word' id='word_1_273' title='bbox 1567 2627 1597 2659; x_wconf 92' lang='lat'><em>1.</em></span> <span class='ocrx_word' id='word_1_274' title='bbox 1624 2625 1753 2658; x_wconf 84' lang='grc' dir='ltr'><em>Μοῖσα</em></span> 
     </span>
     <span class='ocr_line' id='line_1_40' title="bbox 235 2668 1752 2725; baseline -0.002 -18"><span class='ocrx_word' id='word_1_275' title='bbox 235 2672 506 2718; x_wconf 83' lang='lat' dir='ltr'>Schneidewin,</span> <span class='ocrx_word' id='word_1_276' title='bbox 531 2673 644 2718; x_wconf 86' lang='lat' dir='ltr'>vulgo</span> <span class='ocrx_word' id='word_1_277' title='bbox 670 2672 818 2708; x_wconf 80' lang='grc' dir='ltr'><em>Μοῦσα.</em></span> <span class='ocrx_word' id='word_1_278' title='bbox 846 2693 890 2698; x_wconf 95' lang='grc'><strong>-</strong></span> <span class='ocrx_word' id='word_1_279' title='bbox 917 2669 986 2708; x_wconf 82' lang='grc' dir='ltr'><em>οὐκ</em></span> <span class='ocrx_word' id='word_1_280' title='bbox 1011 2669 1179 2717; x_wconf 84' lang='grc' dir='ltr'><em>απόρως,</em></span> <span class='ocrx_word' id='word_1_281' title='bbox 1204 2673 1317 2718; x_wconf 80' lang='lat' dir='ltr'>poeta</span> <span class='ocrx_word' id='word_1_282' title='bbox 1347 2668 1418 2708; x_wconf 78' lang='grc' dir='ltr'><em>οὐκ</em></span> <span class='ocrx_word' id='word_1_283' title='bbox 1448 2668 1620 2725; x_wconf 82' lang='grc' dir='ltr'><em>ἄπορος</em></span> <span class='ocrx_word' id='word_1_284' title='bbox 1652 2670 1752 2706; x_wconf 89' lang='lat' dir='ltr'>vide·</span> 
     </span>
     <span class='ocr_line' id='line_1_41' title="bbox 233 2714 1753 2778; baseline -0.001 -24"><span class='ocrx_word' id='word_1_285' title='bbox 233 2721 293 2754; x_wconf 75' lang='lat' dir='ltr'><em>bur</em></span> <span class='ocrx_word' id='word_1_286' title='bbox 319 2719 518 2764; x_wconf 80' lang='lat' dir='ltr'>scripsisse.</span> <span class='ocrx_word' id='word_1_287' title='bbox 545 2740 587 2746; x_wconf 90' lang='lat'><em>—-</em></span> <span class='ocrx_word' id='word_1_288' title='bbox 616 2720 658 2756; x_wconf 95' lang='lat' dir='ltr'><em>V.</em></span> <span class='ocrx_word' id='word_1_289' title='bbox 686 2724 716 2754; x_wconf 80' lang='lat'><em>2.</em></span> <span class='ocrx_word' id='word_1_290' title='bbox 743 2719 971 2778; x_wconf 80' lang='grc' dir='ltr'><em>θεριζομένα</em></span> <span class='ocrx_word' id='word_1_291' title='bbox 999 2721 1076 2765; x_wconf 86' lang='grc' dir='ltr'><em>ΓΘ,</em></span> <span class='ocrx_word' id='word_1_292' title='bbox 1101 2720 1213 2764; x_wconf 91' lang='lat' dir='ltr'><strong>vulgo</strong></span> <span class='ocrx_word' id='word_1_293' title='bbox 1237 2717 1474 2777; x_wconf 82' lang='grc' dir='ltr'><em>θεριζομένη.</em></span> <span class='ocrx_word' id='word_1_294' title='bbox 1495 2738 1537 2744; x_wconf 92' lang='lat'>—</span> <span class='ocrx_word' id='word_1_295' title='bbox 1557 2714 1607 2763; x_wconf 80' lang='grc' dir='ltr'><em>μή</em></span> <span class='ocrx_word' id='word_1_296' title='bbox 1627 2729 1691 2763; x_wconf 89' lang='grc' dir='ltr'><em>μοι</em></span> <span class='ocrx_word' id='word_1_297' title='bbox 1712 2719 1753 2762; x_wconf 91' lang='grc' dir='ltr'><em>Γ,</em></span> 
     </span>
     <span class='ocr_line' id='line_1_42' title="bbox 234 2763 1516 2813; baseline -0.002 -11"><span class='ocrx_word' id='word_1_298' title='bbox 234 2763 283 2811; x_wconf 84' lang='grc' dir='ltr'><em>μή</em></span> <span class='ocrx_word' id='word_1_299' title='bbox 310 2779 381 2812; x_wconf 88' lang='grc' dir='ltr'><em>μου</em></span> <span class='ocrx_word' id='word_1_300' title='bbox 409 2768 453 2811; x_wconf 89' lang='grc' dir='ltr'><em>Θ,</em></span> <span class='ocrx_word' id='word_1_301' title='bbox 479 2767 593 2813; x_wconf 87' lang='lat' dir='ltr'>vulgo</span> <span class='ocrx_word' id='word_1_302' title='bbox 619 2765 668 2813; x_wconf 84' lang='grc' dir='ltr'><em>μή</em></span> <span class='ocrx_word' id='word_1_303' title='bbox 695 2779 750 2812; x_wconf 87' lang='grc' dir='ltr'><em>με.</em></span> <span class='ocrx_word' id='word_1_304' title='bbox 779 2787 822 2792; x_wconf 89' lang='grc'>-</span> <span class='ocrx_word' id='word_1_305' title='bbox 849 2764 987 2812; x_wconf 79' lang='grc' dir='ltr'><em>ἄρξατο</em></span> <span class='ocrx_word' id='word_1_306' title='bbox 1016 2767 1284 2811; x_wconf 86' lang='lat' dir='ltr'>Schneidewin,</span> <span class='ocrx_word' id='word_1_307' title='bbox 1308 2779 1342 2802; x_wconf 82' lang='lat' dir='ltr'><em>v.</em></span> <span class='ocrx_word' id='word_1_308' title='bbox 1370 2763 1516 2811; x_wconf 82' lang='grc' dir='ltr'><em>ἤρξατο.</em></span> 
     </span>
    </p>
   </div>
   <div class='ocr_carea' id='block_1_13' title="bbox 234 2856 1752 2954">
    <p class='ocr_par' dir='ltr' id='par_1_17' title="bbox 234 2856 1752 2954">
     <span class='ocr_line' id='line_1_43' title="bbox 324 2856 1752 2918; baseline -0.001 -23"><span class='ocrx_word' id='word_1_309' title='bbox 324 2861 380 2895; x_wconf 80' lang='lat' dir='ltr'><em>Fr.</em></span> <span class='ocrx_word' id='word_1_310' title='bbox 408 2864 464 2897; x_wconf 80' lang='lat'><em>47.</em></span> <span class='ocrx_word' id='word_1_311' title='bbox 517 2861 616 2896; x_wconf 72' lang='lat' dir='ltr'><strong>Plut.</strong></span> <span class='ocrx_word' id='word_1_312' title='bbox 638 2861 683 2896; x_wconf 86' lang='lat' dir='ltr'>de</span> <span class='ocrx_word' id='word_1_313' title='bbox 702 2861 795 2918; x_wconf 87' lang='lat' dir='ltr'>prof.</span> <span class='ocrx_word' id='word_1_314' title='bbox 816 2861 855 2897; x_wconf 88' lang='lat' dir='ltr'><em>in</em></span> <span class='ocrx_word' id='word_1_315' title='bbox 880 2861 964 2897; x_wconf 77' lang='lat' dir='ltr'>virt.</span> <span class='ocrx_word' id='word_1_316' title='bbox 986 2873 1016 2897; x_wconf 86' lang='lat' dir='ltr'><strong>c</strong></span> <span class='ocrx_word' id='word_1_317' title='bbox 1036 2865 1078 2897; x_wconf 90' lang='grc'><em>8.</em></span> <span class='ocrx_word' id='word_1_318' title='bbox 1095 2858 1232 2917; x_wconf 73' lang='grc' dir='ltr'><em>Ὠσπερ</em></span> <span class='ocrx_word' id='word_1_319' title='bbox 1258 2858 1329 2906; x_wconf 69' lang='grc' dir='ltr'><em>’γὰρ</em></span> <span class='ocrx_word' id='word_1_320' title='bbox 1355 2856 1548 2896; x_wconf 75' lang='grc' dir='ltr'><em>ανθεσιν</em></span> <span class='ocrx_word' id='word_1_321' title='bbox 1574 2856 1752 2912; x_wconf 78' lang='grc' dir='ltr'><em>ὁμιλεῖν</em></span> 
     </span>
     <span class='ocr_line' id='line_1_44' title="bbox 234 2904 1752 2954; baseline 0 -13"><span class='ocrx_word' id='word_1_322' title='bbox 234 2904 253 2941; x_wconf 91' lang='grc' dir='ltr'>ὁ</span> <span class='ocrx_word' id='word_1_323' title='bbox 286 2909 548 2954; x_wconf 79' lang='grc' dir='ltr'><em>Σιμωνίδης</em></span> <span class='ocrx_word' id='word_1_324' title='bbox 574 2908 666 2954; x_wconf 85' lang='grc' dir='ltr'><em>φησὶ</em></span> <span class='ocrx_word' id='word_1_325' title='bbox 690 2906 770 2954; x_wconf 82' lang='grc' dir='ltr'><em>τὴν</em></span> <span class='ocrx_word' id='word_1_326' title='bbox 795 2908 1008 2954; x_wconf 85' lang='grc' dir='ltr'><em>μέλιτταν</em></span> <span class='ocrx_word' id='word_1_327' title='bbox 1033 2907 1208 2952; x_wconf 77' lang='grc' dir='ltr'><em>ξανθὸν</em></span> <span class='ocrx_word' id='word_1_328' title='bbox 1238 2921 1274 2954; x_wconf 86' lang='grc' dir='ltr'><em>μ.</em></span> <span class='ocrx_word' id='word_1_329' title='bbox 1305 2906 1579 2954; x_wconf 83' lang='grc' dir='ltr'><em>μηδομέναν.</em></span> <span class='ocrx_word' id='word_1_330' title='bbox 1623 2905 1752 2952; x_wconf 83' lang='lat' dir='ltr'>Respi-</span> 
     </span>
    </p>
   </div>
  </div>
 </body>
</html>
