<?xml version="1.0" encoding="UTF-8"?>
<!DOCTYPE html PUBLIC "-//W3C//DTD XHTML 1.0 Transitional//EN"
    "http://www.w3.org/TR/xhtml1/DTD/xhtml1-transitional.dtd">
<html xmlns="http://www.w3.org/1999/xhtml" xml:lang="en" lang="en">
 <head>
  <title>
</title>
<meta http-equiv="Content-Type" content="text/html;charset=utf-8" />
  <meta name='ocr-system' content='tesseract 3.04.00' />
  <meta name='ocr-capabilities' content='ocr_page ocr_carea ocr_par ocr_line ocrx_word'/>
</head>
<body>
  <div class='ocr_page' id='page_1' title='image "./poetaelyricigrae03berguoft_0627.png"; bbox 0 0 1864 3126; ppageno 0'>
   <div class='ocr_carea' id='block_1_1' title="bbox 0 0 140 435">
    <p class='ocr_par' dir='ltr' id='par_1_1' title="bbox 0 0 140 435">
     <span class='ocr_line' id='line_1_1' title="bbox 0 0 140 435; baseline 0 -213"><span class='ocrx_word' id='word_1_1' title='bbox 0 0 140 435; x_wconf 95' lang='lat' dir='ltr'><strong>   </strong></span> 
     </span>
    </p>
   </div>
   <div class='ocr_carea' id='block_1_2' title="bbox 0 452 11 575">
    <p class='ocr_par' dir='ltr' id='par_1_2' title="bbox 0 452 11 575">
     <span class='ocr_line' id='line_1_2' title="bbox 0 452 11 575; baseline 0 0"><span class='ocrx_word' id='word_1_2' title='bbox 0 452 11 575; x_wconf 63' lang='grc'><strong>1</strong></span> 
     </span>
    </p>
   </div>
   <div class='ocr_carea' id='block_1_3' title="bbox 743 143 1669 187">
    <p class='ocr_par' dir='ltr' id='par_1_3' title="bbox 743 143 1669 187">
     <span class='ocr_line' id='line_1_3' title="bbox 743 143 1669 187; baseline 0.008 -7"><span class='ocrx_word' id='word_1_3' title='bbox 743 144 808 181; x_wconf 84' lang='lat' dir='ltr'><strong>PH</strong></span> <span class='ocrx_word' id='word_1_4' title='bbox 813 143 1069 183; x_wconf 60' lang='lat' dir='ltr'><strong>1110anth</strong></span> <span class='ocrx_word' id='word_1_5' title='bbox 1583 143 1669 187; x_wconf 78' lang='grc'><strong>617</strong></span> 
     </span>
    </p>
   </div>
   <div class='ocr_carea' id='block_1_4' title="bbox 132 252 1673 968">
    <p class='ocr_par' dir='ltr' id='par_1_4' title="bbox 132 252 1673 968">
     <span class='ocr_line' id='line_1_4' title="bbox 132 252 1673 312; baseline -0.001 -12"><span class='ocrx_word' id='word_1_6' title='bbox 132 253 226 310; x_wconf 79' lang='grc' dir='ltr'><strong><em>τοὺς</em></strong></span> <span class='ocrx_word' id='word_1_7' title='bbox 267 255 435 312; x_wconf 81' lang='grc' dir='ltr'><strong><em>νόμους,</em></strong></span> <span class='ocrx_word' id='word_1_8' title='bbox 476 253 530 307; x_wconf 82' lang='grc' dir='ltr'><strong>ὡς</strong></span> <span class='ocrx_word' id='word_1_9' title='bbox 569 254 727 310; x_wconf 79' lang='grc' dir='ltr'><strong><em>Πέρσας</em></strong></span> <span class='ocrx_word' id='word_1_10' title='bbox 769 252 846 311; x_wconf 84' lang='lat' dir='ltr'><strong>(ita</strong></span> <span class='ocrx_word' id='word_1_11' title='bbox 876 257 986 307; x_wconf 67' lang='lat' dir='ltr'><strong>Ala,</strong></span> <span class='ocrx_word' id='word_1_12' title='bbox 1027 270 1119 298; x_wconf 87' lang='lat' dir='ltr'><strong>nam</strong></span> <span class='ocrx_word' id='word_1_13' title='bbox 1157 258 1218 298; x_wconf 82' lang='lat' dir='ltr'><strong>Ac</strong></span> <span class='ocrx_word' id='word_1_14' title='bbox 1257 252 1310 307; x_wconf 81' lang='grc' dir='ltr'><strong>ὡς</strong></span> <span class='ocrx_word' id='word_1_15' title='bbox 1347 260 1510 312; x_wconf 73' lang='grc' dir='ltr'><strong><em>περγᾶς,</em></strong></span> <span class='ocrx_word' id='word_1_16' title='bbox 1551 258 1673 298; x_wconf 83' lang='lat' dir='ltr'><strong>Nch</strong></span> 
     </span>
     <span class='ocr_line' id='line_1_5' title="bbox 134 319 1672 380; baseline -0.001 -14"><span class='ocrx_word' id='word_1_17' title='bbox 134 319 265 379; x_wconf 73' lang='grc' dir='ltr'><strong><em>ὅσπερ</em></strong></span> <span class='ocrx_word' id='word_1_18' title='bbox 305 322 399 380; x_wconf 71' lang='grc' dir='ltr'><strong>γᾶς)</strong></span> <span class='ocrx_word' id='word_1_19' title='bbox 439 322 506 364; x_wconf 71' lang='grc' dir='ltr'><strong>καὶ</strong></span> <span class='ocrx_word' id='word_1_20' title='bbox 546 319 657 379; x_wconf 88' lang='lat' dir='ltr'><strong>(add.</strong></span> <span class='ocrx_word' id='word_1_21' title='bbox 688 323 799 374; x_wconf 87' lang='lat' dir='ltr'><strong>Ald.,</strong></span> <span class='ocrx_word' id='word_1_22' title='bbox 837 336 912 363; x_wconf 87' lang='lat' dir='ltr'><strong>om.</strong></span> <span class='ocrx_word' id='word_1_23' title='bbox 946 321 1057 376; x_wconf 84' lang='lat' dir='ltr'>libri)</span> <span class='ocrx_word' id='word_1_24' title='bbox 1097 319 1325 372; x_wconf 77' lang='grc' dir='ltr'><strong><em>Κύκλωπας</em></strong></span> <span class='ocrx_word' id='word_1_25' title='bbox 1370 320 1565 377; x_wconf 76' lang='grc' dir='ltr'><strong><em>Τιμόθεος</em></strong></span> <span class='ocrx_word' id='word_1_26' title='bbox 1605 323 1672 365; x_wconf 77' lang='grc' dir='ltr'><strong>καὶ</strong></span> 
     </span>
     <span class='ocr_line' id='line_1_6' title="bbox 136 383 1672 443; baseline 0 -12"><span class='ocrx_word' id='word_1_27' title='bbox 136 383 350 439; x_wconf 72' lang='grc' dir='ltr'><strong><em>Φιλόξενος</em></strong></span> <span class='ocrx_word' id='word_1_28' title='bbox 381 384 608 443; x_wconf 83' lang='grc' dir='ltr'>[μιμήσαιτο</span> <span class='ocrx_word' id='word_1_29' title='bbox 639 384 692 428; x_wconf 73' lang='grc' dir='ltr'><strong>ἅν</strong></span> <span class='ocrx_word' id='word_1_30' title='bbox 721 386 808 439; x_wconf 90' lang='grc' dir='ltr'><strong><em>τις].</em></strong></span> <span class='ocrx_word' id='word_1_31' title='bbox 857 388 1150 430; x_wconf 79' lang='lat' dir='ltr'><strong>Existimabam</strong></span> <span class='ocrx_word' id='word_1_32' title='bbox 1175 390 1439 431; x_wconf 82' lang='lat' dir='ltr'><strong>Aristotelem</strong></span> <span class='ocrx_word' id='word_1_33' title='bbox 1468 404 1549 431; x_wconf 90' lang='lat' dir='ltr'><strong>non</strong></span> <span class='ocrx_word' id='word_1_34' title='bbox 1580 391 1672 431; x_wconf 87' lang='lat' dir='ltr'><strong>sim-</strong></span> 
     </span>
     <span class='ocr_line' id='line_1_7' title="bbox 133 454 1672 509; baseline 0.001 -13"><span class='ocrx_word' id='word_1_35' title='bbox 133 455 293 509; x_wconf 83' lang='lat' dir='ltr'><strong>pliciter</strong></span> <span class='ocrx_word' id='word_1_36' title='bbox 324 454 525 496; x_wconf 88' lang='lat' dir='ltr'><strong>Timothei</strong></span> <span class='ocrx_word' id='word_1_37' title='bbox 555 456 702 505; x_wconf 86' lang='lat' dir='ltr'><strong>artem,</strong></span> <span class='ocrx_word' id='word_1_38' title='bbox 740 466 842 505; x_wconf 88' lang='lat' dir='ltr'><strong>quae</strong></span> <span class='ocrx_word' id='word_1_39' title='bbox 873 454 1059 495; x_wconf 88' lang='lat' dir='ltr'><strong>meliores</strong></span> <span class='ocrx_word' id='word_1_40' title='bbox 1099 456 1314 496; x_wconf 76' lang='lat' dir='ltr'><strong>exhibebat</strong></span> <span class='ocrx_word' id='word_1_41' title='bbox 1343 456 1542 509; x_wconf 88' lang='lat' dir='ltr'><strong>homines,</strong></span> <span class='ocrx_word' id='word_1_42' title='bbox 1582 470 1672 497; x_wconf 91' lang='grc'><strong>011111</strong></span> 
     </span>
     <span class='ocr_line' id='line_1_8' title="bbox 133 519 1671 573; baseline 0 -10"><span class='ocrx_word' id='word_1_43' title='bbox 133 521 352 563; x_wconf 80' lang='lat' dir='ltr'>Philoxeno</span> <span class='ocrx_word' id='word_1_44' title='bbox 384 534 626 573; x_wconf 82' lang='lat' dir='ltr'><strong>comparare,</strong></span> <span class='ocrx_word' id='word_1_45' title='bbox 658 520 729 560; x_wconf 88' lang='lat' dir='ltr'><strong>sed</strong></span> <span class='ocrx_word' id='word_1_46' title='bbox 761 519 968 571; x_wconf 89' lang='lat' dir='ltr'><strong>utriusque</strong></span> <span class='ocrx_word' id='word_1_47' title='bbox 999 523 1142 571; x_wconf 91' lang='lat' dir='ltr'><strong>poetae</strong></span> <span class='ocrx_word' id='word_1_48' title='bbox 1168 522 1360 562; x_wconf 87' lang='lat' dir='ltr'><strong>carmina:</strong></span> <span class='ocrx_word' id='word_1_49' title='bbox 1394 523 1475 562; x_wconf 89' lang='lat' dir='ltr'><strong>iam</strong></span> <span class='ocrx_word' id='word_1_50' title='bbox 1506 524 1552 563; x_wconf 94' lang='lat' dir='ltr'><strong>ut</strong></span> <span class='ocrx_word' id='word_1_51' title='bbox 1583 535 1671 563; x_wconf 87' lang='lat' dir='ltr'><strong>con·</strong></span> 
     </span>
     <span class='ocr_line' id='line_1_9' title="bbox 134 576 1672 640; baseline 0.001 -12"><span class='ocrx_word' id='word_1_52' title='bbox 134 589 220 629; x_wconf 80' lang='lat' dir='ltr'><strong>atat</strong></span> <span class='ocrx_word' id='word_1_53' title='bbox 260 591 476 640; x_wconf 87' lang='lat' dir='ltr'><strong>utrumque</strong></span> <span class='ocrx_word' id='word_1_54' title='bbox 519 589 680 639; x_wconf 85' lang='lat' dir='ltr'><strong>poetam</strong></span> <span class='ocrx_word' id='word_1_55' title='bbox 722 584 937 637; x_wconf 83' lang='lat' dir='ltr'>Cyclopem</span> <span class='ocrx_word' id='word_1_56' title='bbox 978 576 1184 638; x_wconf 82' lang='lat' dir='ltr'><strong>scripsisse</strong></span> <span class='ocrx_word' id='word_1_57' title='bbox 1229 582 1341 640; x_wconf 88' lang='lat' dir='ltr'><strong>(hinc</strong></span> <span class='ocrx_word' id='word_1_58' title='bbox 1381 590 1553 640; x_wconf 89' lang='lat' dir='ltr'><strong>apparet</strong></span> <span class='ocrx_word' id='word_1_59' title='bbox 1593 602 1672 629; x_wconf 89' lang='lat' dir='ltr'><strong>non</strong></span> 
     </span>
     <span class='ocr_line' id='line_1_10' title="bbox 133 646 1669 704; baseline 0.001 -10"><span class='ocrx_word' id='word_1_60' title='bbox 133 654 243 695; x_wconf 83' lang='lat' dir='ltr'><strong>recte</strong></span> <span class='ocrx_word' id='word_1_61' title='bbox 261 653 457 694; x_wconf 85' lang='lat' dir='ltr'><strong>Reitzium</strong></span> <span class='ocrx_word' id='word_1_62' title='bbox 476 652 691 694; x_wconf 88' lang='lat' dir='ltr'><strong>coniecisse</strong></span> <span class='ocrx_word' id='word_1_63' title='bbox 710 646 945 704; x_wconf 82' lang='grc' dir='ltr'><strong><em>Κύκλωπα),</em></strong></span> <span class='ocrx_word' id='word_1_64' title='bbox 965 651 1023 692; x_wconf 89' lang='lat' dir='ltr'><strong>ita</strong></span> <span class='ocrx_word' id='word_1_65' title='bbox 1048 653 1266 693; x_wconf 86' lang='lat' dir='ltr'><strong>verisimile</strong></span> <span class='ocrx_word' id='word_1_66' title='bbox 1292 654 1522 694; x_wconf 86' lang='lat' dir='ltr'><strong>arbitrabar</strong></span> <span class='ocrx_word' id='word_1_67' title='bbox 1548 656 1669 695; x_wconf 86' lang='lat' dir='ltr'><strong>etiam</strong></span> 
     </span>
     <span class='ocr_line' id='line_1_11' title="bbox 132 718 1669 770; baseline 0 -10"><span class='ocrx_word' id='word_1_68' title='bbox 132 718 279 760; x_wconf 62' lang='lat' dir='ltr'><strong>Persas</strong></span> <span class='ocrx_word' id='word_1_69' title='bbox 308 718 483 760; x_wconf 81' lang='lat' dir='ltr'>edidisse</span> <span class='ocrx_word' id='word_1_70' title='bbox 507 722 593 759; x_wconf 91' lang='lat' dir='ltr'><strong>tam</strong></span> <span class='ocrx_word' id='word_1_71' title='bbox 617 718 894 769; x_wconf 84' lang='lat' dir='ltr'>Philoxenum,</span> <span class='ocrx_word' id='word_1_72' title='bbox 919 730 1040 768; x_wconf 90' lang='lat' dir='ltr'><strong>quam</strong></span> <span class='ocrx_word' id='word_1_73' title='bbox 1066 719 1335 770; x_wconf 79' lang='lat' dir='ltr'><strong>Timotheum,</strong></span> <span class='ocrx_word' id='word_1_74' title='bbox 1361 722 1408 760; x_wconf 51' lang='lat' dir='ltr'><strong>et*</strong></span> <span class='ocrx_word' id='word_1_75' title='bbox 1428 720 1484 760; x_wconf 91' lang='lat' dir='ltr'><strong>sic</strong></span> <span class='ocrx_word' id='word_1_76' title='bbox 1509 721 1669 760; x_wconf 88' lang='lat' dir='ltr'><strong>demum</strong></span> 
     </span>
     <span class='ocr_line' id='line_1_12' title="bbox 134 783 1669 836; baseline 0.001 -11"><span class='ocrx_word' id='word_1_77' title='bbox 134 785 208 826; x_wconf 91' lang='grc'><strong>1100</strong></span> <span class='ocrx_word' id='word_1_78' title='bbox 238 785 461 836; x_wconf 85' lang='lat' dir='ltr'><strong>exemplum</strong></span> <span class='ocrx_word' id='word_1_79' title='bbox 493 798 583 825; x_wconf 91' lang='lat' dir='ltr'><strong>cum</strong></span> <span class='ocrx_word' id='word_1_80' title='bbox 613 783 742 823; x_wconf 90' lang='lat' dir='ltr'><strong>altero</strong></span> <span class='ocrx_word' id='word_1_81' title='bbox 774 784 866 834; x_wconf 90' lang='lat' dir='ltr'><strong>apte</strong></span> <span class='ocrx_word' id='word_1_82' title='bbox 897 784 1080 835; x_wconf 88' lang='lat' dir='ltr'><strong>componi</strong></span> <span class='ocrx_word' id='word_1_83' title='bbox 1105 784 1330 825; x_wconf 83' lang='lat' dir='ltr'><strong>videbatur.</strong></span> <span class='ocrx_word' id='word_1_84' title='bbox 1381 785 1460 825; x_wconf 86' lang='lat' dir='ltr'><strong>Sed</strong></span> <span class='ocrx_word' id='word_1_85' title='bbox 1485 798 1565 825; x_wconf 88' lang='grc'><strong>11011</strong></span> <span class='ocrx_word' id='word_1_86' title='bbox 1589 787 1669 826; x_wconf 88' lang='lat' dir='ltr'><strong>iam</strong></span> 
     </span>
     <span class='ocr_line' id='line_1_13' title="bbox 134 848 1670 902; baseline 0 -11"><span class='ocrx_word' id='word_1_87' title='bbox 134 851 262 892; x_wconf 85' lang='lat' dir='ltr'><strong>audeo</strong></span> <span class='ocrx_word' id='word_1_88' title='bbox 292 850 437 891; x_wconf 80' lang='lat' dir='ltr'>Persas</span> <span class='ocrx_word' id='word_1_89' title='bbox 467 850 685 890; x_wconf 84' lang='lat' dir='ltr'><strong>Philoxeno</strong></span> <span class='ocrx_word' id='word_1_90' title='bbox 717 848 930 900; x_wconf 86' lang='lat' dir='ltr'><strong>vindicare,</strong></span> <span class='ocrx_word' id='word_1_91' title='bbox 956 862 1045 889; x_wconf 90' lang='lat' dir='ltr'><strong>cum</strong></span> <span class='ocrx_word' id='word_1_92' title='bbox 1077 851 1175 891; x_wconf 88' lang='lat' dir='ltr'><strong>haec</strong></span> <span class='ocrx_word' id='word_1_93' title='bbox 1200 851 1373 902; x_wconf 89' lang='lat' dir='ltr'><strong>suspicio</strong></span> <span class='ocrx_word' id='word_1_94' title='bbox 1398 851 1512 891; x_wconf 87' lang='lat' dir='ltr'><strong>nulla</strong></span> <span class='ocrx_word' id='word_1_95' title='bbox 1535 854 1670 891; x_wconf 92' lang='lat' dir='ltr'><strong>aucto-</strong></span> 
     </span>
     <span class='ocr_line' id='line_1_14' title="bbox 135 913 1670 968; baseline 0.001 -13"><span class='ocrx_word' id='word_1_96' title='bbox 135 916 256 956; x_wconf 83' lang='lat' dir='ltr'><strong>ritate</strong></span> <span class='ocrx_word' id='word_1_97' title='bbox 285 916 486 967; x_wconf 88' lang='lat' dir='ltr'><strong>firmetur,</strong></span> <span class='ocrx_word' id='word_1_98' title='bbox 525 927 767 968; x_wconf 86' lang='lat' dir='ltr'><strong>quamquam</strong></span> <span class='ocrx_word' id='word_1_99' title='bbox 798 913 840 953; x_wconf 89' lang='lat' dir='ltr'><strong>hi</strong></span> <span class='ocrx_word' id='word_1_100' title='bbox 870 917 1013 965; x_wconf 90' lang='lat' dir='ltr'><strong>poetae</strong></span> <span class='ocrx_word' id='word_1_101' title='bbox 1045 916 1183 956; x_wconf 88' lang='lat' dir='ltr'><strong>eadem</strong></span> <span class='ocrx_word' id='word_1_102' title='bbox 1215 919 1455 968; x_wconf 88' lang='lat' dir='ltr'><strong>argumenta</strong></span> <span class='ocrx_word' id='word_1_103' title='bbox 1486 918 1670 957; x_wconf 80' lang='lat' dir='ltr'><strong>certatim</strong></span> 
     </span>
    </p>
   </div>
   <div class='ocr_carea' id='block_1_5' title="bbox 0 952 1670 1034">
    <p class='ocr_par' dir='ltr' id='par_1_5' title="bbox 0 952 1670 1034">
     <span class='ocr_line' id='line_1_15' title="bbox 0 952 1670 1034; baseline 0.001 -12"><span class='ocrx_word' id='word_1_104' title='bbox 0 952 13 994; x_wconf 18' lang='lat'><strong>&#39;&#39;-</strong></span> <span class='ocrx_word' id='word_1_105' title='bbox 78 1024 83 1028; x_wconf 70' lang='grc'><strong>,</strong></span> <span class='ocrx_word' id='word_1_106' title='bbox 130 982 278 1023; x_wconf 86' lang='lat' dir='ltr'><strong>iterare</strong></span> <span class='ocrx_word' id='word_1_107' title='bbox 309 983 503 1024; x_wconf 87' lang='lat' dir='ltr'><strong>solebant.</strong></span> <span class='ocrx_word' id='word_1_108' title='bbox 565 983 704 1034; x_wconf 86' lang='lat' dir='ltr'><strong>Neque</strong></span> <span class='ocrx_word' id='word_1_109' title='bbox 735 981 978 1021; x_wconf 88' lang='lat' dir='ltr'><strong>Aristoteles</strong></span> <span class='ocrx_word' id='word_1_110' title='bbox 1017 982 1125 1022; x_wconf 86' lang='lat' dir='ltr'><strong>inter</strong></span> <span class='ocrx_word' id='word_1_111' title='bbox 1156 982 1421 1022; x_wconf 88' lang='lat' dir='ltr'><strong>Philoxenum</strong></span> <span class='ocrx_word' id='word_1_112' title='bbox 1460 985 1502 1022; x_wconf 87' lang='lat' dir='ltr'><strong>et</strong></span> <span class='ocrx_word' id='word_1_113' title='bbox 1540 982 1670 1023; x_wconf 90' lang='lat' dir='ltr'><strong>Timo-</strong></span> 
     </span>
    </p>
   </div>
   <div class='ocr_carea' id='block_1_6' title="bbox 0 2204 14 2730">
    <p class='ocr_par' dir='ltr' id='par_1_6' title="bbox 0 2204 14 2730">
     <span class='ocr_line' id='line_1_16' title="bbox 0 2204 14 2730; textangle 90"><span class='ocrx_word' id='word_1_114' title='bbox 0 2442 14 2730; x_wconf 39' lang='lat' dir='ltr'><strong>‘Um‘·*‘“.⁷</strong></span> <span class='ocrx_word' id='word_1_115' title='bbox 0 2405 5 2412; x_wconf 87' lang='grc'><strong>“</strong></span> <span class='ocrx_word' id='word_1_116' title='bbox 0 2355 9 2371; x_wconf 67' lang='lat'><strong>‘³¹</strong></span> <span class='ocrx_word' id='word_1_117' title='bbox 0 2316 5 2321; x_wconf 96' lang='lat'><strong><em>¹</em></strong></span> <span class='ocrx_word' id='word_1_118' title='bbox 0 2272 4 2289; x_wconf 69' lang='lat'><strong>&#39;¹</strong></span> <span class='ocrx_word' id='word_1_119' title='bbox 0 2204 4 2215; x_wconf 92' lang='grc'><em>“</em></span> 
     </span>
    </p>
   </div>
   <div class='ocr_carea' id='block_1_7' title="bbox 130 1046 1671 1628">
    <p class='ocr_par' dir='ltr' id='par_1_7' title="bbox 130 1046 1671 1628">
     <span class='ocr_line' id='line_1_17' title="bbox 130 1046 1671 1100; baseline 0.001 -13"><span class='ocrx_word' id='word_1_120' title='bbox 130 1047 269 1088; x_wconf 81' lang='lat' dir='ltr'><strong>theam</strong></span> <span class='ocrx_word' id='word_1_121' title='bbox 295 1060 383 1088; x_wconf 87' lang='lat' dir='ltr'><strong>eam</strong></span> <span class='ocrx_word' id='word_1_122' title='bbox 401 1049 552 1100; x_wconf 85' lang='lat' dir='ltr'><strong>ingenii</strong></span> <span class='ocrx_word' id='word_1_123' title='bbox 571 1047 849 1088; x_wconf 81' lang='lat' dir='ltr'><strong>diversitatem</strong></span> <span class='ocrx_word' id='word_1_124' title='bbox 867 1046 1142 1088; x_wconf 82' lang='lat' dir='ltr'><strong>intercessisse</strong></span> <span class='ocrx_word' id='word_1_125' title='bbox 1163 1048 1377 1099; x_wconf 86' lang='lat' dir='ltr'><strong>significat,</strong></span> <span class='ocrx_word' id='word_1_126' title='bbox 1397 1061 1476 1099; x_wconf 87' lang='lat' dir='ltr'><strong>qua</strong></span> <span class='ocrx_word' id='word_1_127' title='bbox 1494 1048 1671 1098; x_wconf 89' lang='lat' dir='ltr'><strong>pictores</strong></span> 
     </span>
     <span class='ocr_line' id='line_1_18' title="bbox 130 1111 1671 1166; baseline 0.001 -14"><span class='ocrx_word' id='word_1_128' title='bbox 130 1112 342 1154; x_wconf 78' lang='lat' dir='ltr'><strong>clarissimi</strong></span> <span class='ocrx_word' id='word_1_129' title='bbox 373 1113 646 1166; x_wconf 81' lang='lat' dir='ltr'><strong>Polygnotus,</strong></span> <span class='ocrx_word' id='word_1_130' title='bbox 684 1113 861 1164; x_wconf 88' lang='lat' dir='ltr'><strong>Pauson,</strong></span> <span class='ocrx_word' id='word_1_131' title='bbox 903 1111 1120 1164; x_wconf 89' lang='lat' dir='ltr'><strong>Dionysius</strong></span> <span class='ocrx_word' id='word_1_132' title='bbox 1166 1113 1327 1154; x_wconf 86' lang='lat' dir='ltr'><strong>diremti</strong></span> <span class='ocrx_word' id='word_1_133' title='bbox 1357 1114 1538 1153; x_wconf 81' lang='lat' dir='ltr'><strong>fuerunt:</strong></span> <span class='ocrx_word' id='word_1_134' title='bbox 1577 1127 1671 1154; x_wconf 86' lang='lat' dir='ltr'><strong>nam</strong></span> 
     </span>
     <span class='ocr_line' id='line_1_19' title="bbox 131 1178 1669 1232; baseline 0.001 -14"><span class='ocrx_word' id='word_1_135' title='bbox 131 1179 238 1231; x_wconf 84' lang='lat' dir='ltr'><strong>quod</strong></span> <span class='ocrx_word' id='word_1_136' title='bbox 270 1179 505 1220; x_wconf 87' lang='lat' dir='ltr'><strong>Timotheus</strong></span> <span class='ocrx_word' id='word_1_137' title='bbox 538 1179 751 1232; x_wconf 83' lang='lat' dir='ltr'><strong>Cyclopem</strong></span> <span class='ocrx_word' id='word_1_138' title='bbox 791 1178 969 1231; x_wconf 84' lang='lat' dir='ltr'><strong>scripsit,</strong></span> <span class='ocrx_word' id='word_1_139' title='bbox 1009 1179 1049 1218; x_wconf 92' lang='lat' dir='ltr'><strong>id</strong></span> <span class='ocrx_word' id='word_1_140' title='bbox 1091 1180 1225 1231; x_wconf 89' lang='lat' dir='ltr'><strong>ipsum</strong></span> <span class='ocrx_word' id='word_1_141' title='bbox 1261 1179 1406 1219; x_wconf 88' lang='lat' dir='ltr'><strong>indicio</strong></span> <span class='ocrx_word' id='word_1_142' title='bbox 1446 1181 1526 1231; x_wconf 86' lang='lat' dir='ltr'><strong>est,</strong></span> <span class='ocrx_word' id='word_1_143' title='bbox 1565 1180 1669 1220; x_wconf 88' lang='lat' dir='ltr'><strong>huuc</strong></span> 
     </span>
     <span class='ocr_line' id='line_1_20' title="bbox 130 1240 1670 1297; baseline 0 -12"><span class='ocrx_word' id='word_1_144' title='bbox 130 1240 290 1296; x_wconf 83' lang='lat' dir='ltr'><strong>poetam</strong></span> <span class='ocrx_word' id='word_1_145' title='bbox 322 1246 535 1286; x_wconf 86' lang='lat' dir='ltr'><strong>humiliora</strong></span> <span class='ocrx_word' id='word_1_146' title='bbox 567 1248 807 1297; x_wconf 84' lang='lat' dir='ltr'><strong>argumenta</strong></span> <span class='ocrx_word' id='word_1_147' title='bbox 838 1245 946 1284; x_wconf 88' lang='lat' dir='ltr'><strong>haud</strong></span> <span class='ocrx_word' id='word_1_148' title='bbox 987 1248 1247 1296; x_wconf 89' lang='lat' dir='ltr'><strong>aspernatum</strong></span> <span class='ocrx_word' id='word_1_149' title='bbox 1285 1259 1389 1286; x_wconf 87' lang='lat' dir='ltr'><strong>esse:</strong></span> <span class='ocrx_word' id='word_1_150' title='bbox 1428 1246 1526 1286; x_wconf 84' lang='lat' dir='ltr'><strong>haec</strong></span> <span class='ocrx_word' id='word_1_151' title='bbox 1564 1247 1670 1285; x_wconf 90' lang='lat' dir='ltr'><strong>enim</strong></span> 
     </span>
     <span class='ocr_line' id='line_1_21' title="bbox 131 1310 1669 1363; baseline 0 -13"><span class='ocrx_word' id='word_1_152' title='bbox 131 1310 270 1351; x_wconf 78' lang='lat' dir='ltr'><strong>fabula</strong></span> <span class='ocrx_word' id='word_1_153' title='bbox 299 1311 359 1352; x_wconf 85' lang='lat' dir='ltr'><strong>ita</strong></span> <span class='ocrx_word' id='word_1_154' title='bbox 388 1314 496 1361; x_wconf 89' lang='lat' dir='ltr'><strong>nata,</strong></span> <span class='ocrx_word' id='word_1_155' title='bbox 529 1314 575 1352; x_wconf 87' lang='lat' dir='ltr'><strong>ut</strong></span> <span class='ocrx_word' id='word_1_156' title='bbox 606 1313 675 1363; x_wconf 88' lang='lat' dir='ltr'><strong>qui</strong></span> <span class='ocrx_word' id='word_1_157' title='bbox 707 1323 904 1363; x_wconf 85' lang='lat' dir='ltr'><strong>generosa</strong></span> <span class='ocrx_word' id='word_1_158' title='bbox 933 1311 1096 1362; x_wconf 85' lang='lat' dir='ltr'><strong>ingenia</strong></span> <span class='ocrx_word' id='word_1_159' title='bbox 1125 1324 1336 1363; x_wconf 88' lang='lat' dir='ltr'><strong>moresque</strong></span> <span class='ocrx_word' id='word_1_160' title='bbox 1360 1311 1511 1351; x_wconf 88' lang='lat' dir='ltr'><strong>imitari</strong></span> <span class='ocrx_word' id='word_1_161' title='bbox 1537 1312 1669 1351; x_wconf 88' lang='lat' dir='ltr'><strong>stude-</strong></span> 
     </span>
     <span class='ocr_line' id='line_1_22' title="bbox 131 1376 1669 1429; baseline 0.001 -14"><span class='ocrx_word' id='word_1_162' title='bbox 131 1377 218 1423; x_wconf 85' lang='lat' dir='ltr'><strong>bat,</strong></span> <span class='ocrx_word' id='word_1_163' title='bbox 259 1388 349 1415; x_wconf 84' lang='lat' dir='ltr'><strong>eam</strong></span> <span class='ocrx_word' id='word_1_164' title='bbox 389 1377 547 1417; x_wconf 88' lang='lat' dir='ltr'><strong>omnino</strong></span> <span class='ocrx_word' id='word_1_165' title='bbox 589 1378 760 1418; x_wconf 89' lang='lat' dir='ltr'><strong>abiicere</strong></span> <span class='ocrx_word' id='word_1_166' title='bbox 798 1378 958 1427; x_wconf 76' lang='lat' dir='ltr'><strong>coactus</strong></span> <span class='ocrx_word' id='word_1_167' title='bbox 1006 1377 1070 1417; x_wconf 89' lang='lat' dir='ltr'><strong>sit.</strong></span> <span class='ocrx_word' id='word_1_168' title='bbox 1131 1376 1263 1429; x_wconf 83' lang='lat' dir='ltr'><strong>Igitur</strong></span> <span class='ocrx_word' id='word_1_169' title='bbox 1299 1378 1540 1418; x_wconf 89' lang='lat' dir='ltr'><strong>Aristoteles</strong></span> <span class='ocrx_word' id='word_1_170' title='bbox 1578 1391 1669 1418; x_wconf 91' lang='lat' dir='ltr'><strong>cum</strong></span> 
     </span>
     <span class='ocr_line' id='line_1_23' title="bbox 132 1441 1670 1495; baseline 0.001 -14"><span class='ocrx_word' id='word_1_171' title='bbox 132 1442 312 1493; x_wconf 85' lang='lat' dir='ltr'><strong>exempla</strong></span> <span class='ocrx_word' id='word_1_172' title='bbox 343 1455 391 1482; x_wconf 87' lang='lat' dir='ltr'><strong>ex</strong></span> <span class='ocrx_word' id='word_1_173' title='bbox 421 1443 549 1494; x_wconf 85' lang='lat' dir='ltr'><strong>lyrica</strong></span> <span class='ocrx_word' id='word_1_174' title='bbox 577 1443 690 1494; x_wconf 90' lang='lat' dir='ltr'><strong>poesi</strong></span> <span class='ocrx_word' id='word_1_175' title='bbox 722 1443 851 1494; x_wconf 86' lang='lat' dir='ltr'><strong>petita</strong></span> <span class='ocrx_word' id='word_1_176' title='bbox 881 1441 1016 1492; x_wconf 86' lang='lat' dir='ltr'><strong>affert,</strong></span> <span class='ocrx_word' id='word_1_177' title='bbox 1055 1444 1127 1482; x_wconf 90' lang='lat' dir='ltr'><strong>aut</strong></span> <span class='ocrx_word' id='word_1_178' title='bbox 1156 1443 1234 1483; x_wconf 91' lang='lat' dir='ltr'><strong>duo</strong></span> <span class='ocrx_word' id='word_1_179' title='bbox 1266 1445 1426 1484; x_wconf 88' lang='lat' dir='ltr'><strong>tantum</strong></span> <span class='ocrx_word' id='word_1_180' title='bbox 1457 1456 1670 1495; x_wconf 87' lang='lat' dir='ltr'><strong>argumen-</strong></span> 
     </span>
     <span class='ocr_line' id='line_1_24' title="bbox 130 1506 1669 1560; baseline 0.002 -14"><span class='ocrx_word' id='word_1_181' title='bbox 130 1509 266 1547; x_wconf 89' lang='lat' dir='ltr'><strong>torum</strong></span> <span class='ocrx_word' id='word_1_182' title='bbox 295 1521 447 1559; x_wconf 83' lang='lat' dir='ltr'><strong>genera</strong></span> <span class='ocrx_word' id='word_1_183' title='bbox 472 1508 678 1560; x_wconf 73' lang='lat' dir='ltr'><strong>discernit,</strong></span> <span class='ocrx_word' id='word_1_184' title='bbox 710 1506 1044 1560; x_wconf 86' lang='lat' dir='ltr'><strong>quemadmodum</strong></span> <span class='ocrx_word' id='word_1_185' title='bbox 1077 1507 1276 1560; x_wconf 87' lang='lat' dir='ltr'><strong>deinceps,</strong></span> <span class='ocrx_word' id='word_1_186' title='bbox 1307 1510 1376 1549; x_wconf 90' lang='lat' dir='ltr'><strong>ubi</strong></span> <span class='ocrx_word' id='word_1_187' title='bbox 1407 1509 1669 1549; x_wconf 84' lang='lat' dir='ltr'><strong>dramaticam</strong></span> 
     </span>
     <span class='ocr_line' id='line_1_25' title="bbox 131 1573 1668 1628; baseline 0.003 -16"><span class='ocrx_word' id='word_1_188' title='bbox 131 1575 260 1612; x_wconf 89' lang='lat' dir='ltr'><strong>artem</strong></span> <span class='ocrx_word' id='word_1_189' title='bbox 293 1575 533 1624; x_wconf 77' lang='lat' dir='ltr'><strong>perlustrat,</strong></span> <span class='ocrx_word' id='word_1_190' title='bbox 571 1577 618 1614; x_wconf 89' lang='lat' dir='ltr'><strong>ut</strong></span> <span class='ocrx_word' id='word_1_191' title='bbox 661 1573 861 1614; x_wconf 86' lang='lat' dir='ltr'><strong>Timothei</strong></span> <span class='ocrx_word' id='word_1_192' title='bbox 899 1586 1042 1613; x_wconf 89' lang='lat' dir='ltr'><strong>nomus</strong></span> <span class='ocrx_word' id='word_1_193' title='bbox 1081 1573 1228 1621; x_wconf 82' lang='lat' dir='ltr'><strong>Persae</strong></span> <span class='ocrx_word' id='word_1_194' title='bbox 1266 1575 1452 1626; x_wconf 86' lang='lat' dir='ltr'><strong>generosi</strong></span> <span class='ocrx_word' id='word_1_195' title='bbox 1494 1576 1668 1628; x_wconf 84' lang='lat' dir='ltr'><strong>generis,</strong></span> 
     </span>
    </p>
   </div>
   <div class='ocr_carea' id='block_1_8' title="bbox 1699 911 1790 944">
    <p class='ocr_par' dir='ltr' id='par_1_8' title="bbox 1699 911 1790 944">
     <span class='ocr_line' id='line_1_26' title="bbox 1699 911 1790 944; baseline 0.011 -1"><span class='ocrx_word' id='word_1_196' title='bbox 1699 911 1790 944; x_wconf 77' lang='lat'>1267</span> 
     </span>
    </p>
   </div>
   <div class='ocr_carea' id='block_1_9' title="bbox 133 1637 1748 1692">
    <p class='ocr_par' dir='ltr' id='par_1_9' title="bbox 133 1637 1748 1692">
     <span class='ocr_line' id='line_1_27' title="bbox 133 1637 1748 1692; baseline 0.002 -15"><span class='ocrx_word' id='word_1_197' title='bbox 133 1637 334 1679; x_wconf 88' lang='lat' dir='ltr'><strong>Timothei</strong></span> <span class='ocrx_word' id='word_1_198' title='bbox 365 1639 535 1692; x_wconf 87' lang='lat' dir='ltr'><strong>Cyclops</strong></span> <span class='ocrx_word' id='word_1_199' title='bbox 565 1641 719 1691; x_wconf 87' lang='lat' dir='ltr'><strong>pariter</strong></span> <span class='ocrx_word' id='word_1_200' title='bbox 749 1642 870 1691; x_wconf 87' lang='lat' dir='ltr'><strong>atque</strong></span> <span class='ocrx_word' id='word_1_201' title='bbox 896 1638 1106 1679; x_wconf 87' lang='lat' dir='ltr'><strong>Philoxeni</strong></span> <span class='ocrx_word' id='word_1_202' title='bbox 1130 1640 1412 1692; x_wconf 88' lang='lat' dir='ltr'><strong>dithyrambus</strong></span> <span class='ocrx_word' id='word_1_203' title='bbox 1443 1642 1668 1681; x_wconf 88' lang='lat' dir='ltr'><strong>humilioris</strong></span> <span class='ocrx_word' id='word_1_204' title='bbox 1744 1668 1748 1670; x_wconf 95' lang='lat'><em>-</em></span> 
     </span>
    </p>
   </div>
   <div class='ocr_carea' id='block_1_10' title="bbox 131 1704 1669 2882">
    <p class='ocr_par' dir='ltr' id='par_1_10' title="bbox 131 1704 1669 2595">
     <span class='ocr_line' id='line_1_28' title="bbox 131 1704 1669 1759; baseline 0.003 -16"><span class='ocrx_word' id='word_1_205' title='bbox 131 1704 291 1754; x_wconf 81' lang='lat' dir='ltr'><strong>generis</strong></span> <span class='ocrx_word' id='word_1_206' title='bbox 318 1707 542 1756; x_wconf 89' lang='lat' dir='ltr'><strong>exemplum</strong></span> <span class='ocrx_word' id='word_1_207' title='bbox 569 1706 820 1754; x_wconf 79' lang='lat' dir='ltr'><strong>adhibeatur,</strong></span> <span class='ocrx_word' id='word_1_208' title='bbox 847 1706 918 1744; x_wconf 84' lang='lat' dir='ltr'><strong>aut</strong></span> <span class='ocrx_word' id='word_1_209' title='bbox 944 1705 978 1743; x_wconf 89' lang='lat' dir='ltr'><strong>si</strong></span> <span class='ocrx_word' id='word_1_210' title='bbox 1002 1705 1099 1754; x_wconf 88' lang='lat' dir='ltr'><strong>tria,</strong></span> <span class='ocrx_word' id='word_1_211' title='bbox 1127 1707 1461 1757; x_wconf 86' lang='lat' dir='ltr'><strong>quemadmodum</strong></span> <span class='ocrx_word' id='word_1_212' title='bbox 1487 1708 1529 1746; x_wconf 91' lang='lat' dir='ltr'><strong>in</strong></span> <span class='ocrx_word' id='word_1_213' title='bbox 1555 1708 1669 1759; x_wconf 85' lang='lat' dir='ltr'><strong>epica</strong></span> 
     </span>
     <span class='ocr_line' id='line_1_29' title="bbox 131 1770 1668 1825; baseline 0.003 -16"><span class='ocrx_word' id='word_1_214' title='bbox 131 1770 244 1819; x_wconf 87' lang='lat' dir='ltr'><strong>poesi</strong></span> <span class='ocrx_word' id='word_1_215' title='bbox 274 1783 424 1822; x_wconf 82' lang='lat' dir='ltr'><strong>genera</strong></span> <span class='ocrx_word' id='word_1_216' title='bbox 455 1771 686 1823; x_wconf 61' lang='lat' dir='ltr'><strong>distinguit,</strong></span> <span class='ocrx_word' id='word_1_217' title='bbox 728 1771 967 1811; x_wconf 87' lang='lat' dir='ltr'><strong>Timotheus</strong></span> <span class='ocrx_word' id='word_1_218' title='bbox 998 1772 1040 1811; x_wconf 90' lang='lat' dir='ltr'><strong>in</strong></span> <span class='ocrx_word' id='word_1_219' title='bbox 1070 1772 1205 1812; x_wconf 84' lang='lat' dir='ltr'><strong>Persis</strong></span> <span class='ocrx_word' id='word_1_220' title='bbox 1242 1774 1446 1825; x_wconf 80' lang='lat' dir='ltr'><strong>meliores,</strong></span> <span class='ocrx_word' id='word_1_221' title='bbox 1484 1773 1589 1813; x_wconf 91' lang='lat' dir='ltr'><strong>idem</strong></span> <span class='ocrx_word' id='word_1_222' title='bbox 1627 1774 1668 1813; x_wconf 87' lang='lat' dir='ltr'><strong>in</strong></span> 
     </span>
     <span class='ocr_line' id='line_1_30' title="bbox 133 1833 1667 1890; baseline 0.003 -16"><span class='ocrx_word' id='word_1_223' title='bbox 133 1833 307 1886; x_wconf 87' lang='lat' dir='ltr'><strong>Cyclope</strong></span> <span class='ocrx_word' id='word_1_224' title='bbox 332 1837 563 1889; x_wconf 86' lang='lat' dir='ltr'><strong>mediocres,</strong></span> <span class='ocrx_word' id='word_1_225' title='bbox 589 1837 832 1877; x_wconf 87' lang='lat' dir='ltr'><strong>Philoxenus</strong></span> <span class='ocrx_word' id='word_1_226' title='bbox 858 1837 900 1877; x_wconf 89' lang='lat' dir='ltr'><strong>in</strong></span> <span class='ocrx_word' id='word_1_227' title='bbox 927 1837 1100 1890; x_wconf 81' lang='lat' dir='ltr'><strong>Cyclope</strong></span> <span class='ocrx_word' id='word_1_228' title='bbox 1126 1839 1345 1879; x_wconf 88' lang='lat' dir='ltr'><strong>deteriores</strong></span> <span class='ocrx_word' id='word_1_229' title='bbox 1371 1839 1552 1879; x_wconf 87' lang='lat' dir='ltr'><strong>imitatus</strong></span> <span class='ocrx_word' id='word_1_230' title='bbox 1579 1851 1667 1879; x_wconf 89' lang='lat' dir='ltr'><strong>csse</strong></span> 
     </span>
     <span class='ocr_line' id='line_1_31' title="bbox 132 1902 1667 1956; baseline 0.003 -16"><span class='ocrx_word' id='word_1_231' title='bbox 132 1902 351 1942; x_wconf 87' lang='lat' dir='ltr'><strong>censendus</strong></span> <span class='ocrx_word' id='word_1_232' title='bbox 379 1905 458 1943; x_wconf 87' lang='lat' dir='ltr'><strong>est:</strong></span> <span class='ocrx_word' id='word_1_233' title='bbox 484 1905 605 1954; x_wconf 84' lang='lat' dir='ltr'><strong>atque</strong></span> <span class='ocrx_word' id='word_1_234' title='bbox 631 1904 729 1942; x_wconf 88' lang='lat' dir='ltr'><strong>haec</strong></span> <span class='ocrx_word' id='word_1_235' title='bbox 755 1904 915 1954; x_wconf 88' lang='lat' dir='ltr'><strong>quidem</strong></span> <span class='ocrx_word' id='word_1_236' title='bbox 939 1905 1045 1944; x_wconf 90' lang='lat' dir='ltr'><strong>ratio</strong></span> <span class='ocrx_word' id='word_1_237' title='bbox 1072 1905 1242 1945; x_wconf 82' lang='lat' dir='ltr'><strong>maxime</strong></span> <span class='ocrx_word' id='word_1_238' title='bbox 1262 1905 1494 1956; x_wconf 86' lang='lat' dir='ltr'><strong>probabilis.</strong></span> <span class='ocrx_word' id='word_1_239' title='bbox 1526 1905 1667 1956; x_wconf 89' lang='lat' dir='ltr'><strong>Nuper</strong></span> 
     </span>
     <span class='ocr_line' id='line_1_32' title="bbox 134 1963 1666 2024; baseline 0.003 -18"><span class='ocrx_word' id='word_1_240' title='bbox 134 1966 334 2007; x_wconf 83' lang='lat' dir='ltr'><strong>Susemihl</strong></span> <span class='ocrx_word' id='word_1_241' title='bbox 375 1964 504 2021; x_wconf 76' lang='grc' dir='ltr'><strong><em>ὥσπερ</em></strong></span> <span class='ocrx_word' id='word_1_242' title='bbox 543 1963 719 2022; x_wconf 81' lang='grc' dir='ltr'><strong><em>(Πέρσας</em></strong></span> <span class='ocrx_word' id='word_1_243' title='bbox 754 1964 950 2021; x_wconf 83' lang='grc' dir='ltr'><strong><em>Τιμόθεος</em></strong></span> <span class='ocrx_word' id='word_1_244' title='bbox 986 1968 1052 2009; x_wconf 80' lang='grc' dir='ltr'><strong>καὶ</strong></span> <span class='ocrx_word' id='word_1_245' title='bbox 1086 1965 1267 2024; x_wconf 80' lang='grc' dir='ltr'><strong><em>Ἀρ)γᾶς,</em></strong></span> <span class='ocrx_word' id='word_1_246' title='bbox 1312 1967 1537 2019; x_wconf 85' lang='grc' dir='ltr'><strong><em>Κύκλωπας</em></strong></span> <span class='ocrx_word' id='word_1_247' title='bbox 1574 1973 1666 2021; x_wconf 84' lang='grc' dir='ltr'><strong><em>κτλ.,</em></strong></span> 
     </span>
     <span class='ocr_line' id='line_1_33' title="bbox 133 2031 1666 2089; baseline 0.003 -19"><span class='ocrx_word' id='word_1_248' title='bbox 133 2033 466 2082; x_wconf 87' lang='lat' dir='ltr'><strong>quemadmodum</strong></span> <span class='ocrx_word' id='word_1_249' title='bbox 491 2034 572 2074; x_wconf 90' lang='lat' dir='ltr'><strong>iam</strong></span> <span class='ocrx_word' id='word_1_250' title='bbox 597 2034 692 2073; x_wconf 92' lang='lat' dir='ltr'><strong>olim</strong></span> <span class='ocrx_word' id='word_1_251' title='bbox 716 2034 919 2085; x_wconf 87' lang='lat' dir='ltr'><strong>Tyrwhitt</strong></span> <span class='ocrx_word' id='word_1_252' title='bbox 944 2031 1072 2087; x_wconf 80' lang='grc' dir='ltr'><strong><em>ὥσπερ</em></strong></span> <span class='ocrx_word' id='word_1_253' title='bbox 1092 2031 1233 2089; x_wconf 71' lang='grc' dir='ltr'><strong><em>’,Αργᾶς</em></strong></span> <span class='ocrx_word' id='word_1_254' title='bbox 1258 2039 1532 2087; x_wconf 86' lang='lat' dir='ltr'><strong>proposuerat.</strong></span> <span class='ocrx_word' id='word_1_255' title='bbox 1583 2036 1666 2075; x_wconf 91' lang='lat' dir='ltr'><strong>Alii</strong></span> 
     </span>
     <span class='ocr_line' id='line_1_34' title="bbox 132 2098 1666 2150; baseline 0.002 -13"><span class='ocrx_word' id='word_1_256' title='bbox 132 2098 213 2137; x_wconf 90' lang='lat' dir='ltr'><strong>alia</strong></span> <span class='ocrx_word' id='word_1_257' title='bbox 251 2099 482 2140; x_wconf 89' lang='lat' dir='ltr'><strong>moliuntur.</strong></span> <span class='ocrx_word' id='word_1_258' title='bbox 527 2120 585 2126; x_wconf 91' lang='lat'><strong>—-</strong></span> <span class='ocrx_word' id='word_1_259' title='bbox 625 2099 686 2138; x_wconf 85' lang='lat' dir='ltr'><strong>Ea</strong></span> <span class='ocrx_word' id='word_1_260' title='bbox 729 2112 832 2150; x_wconf 85' lang='lat' dir='ltr'><strong>quae</strong></span> <span class='ocrx_word' id='word_1_261' title='bbox 872 2099 1020 2140; x_wconf 89' lang='lat' dir='ltr'><strong>Athen.</strong></span> <span class='ocrx_word' id='word_1_262' title='bbox 1051 2102 1085 2140; x_wconf 91' lang='lat' dir='ltr'><strong>I·</strong></span> <span class='ocrx_word' id='word_1_263' title='bbox 1104 2103 1128 2142; x_wconf 90' lang='lat'>5</span> <span class='ocrx_word' id='word_1_264' title='bbox 1150 2101 1183 2140; x_wconf 94' lang='lat' dir='ltr'>B</span> <span class='ocrx_word' id='word_1_265' title='bbox 1221 2114 1270 2140; x_wconf 90' lang='lat' dir='ltr'><strong>ex</strong></span> <span class='ocrx_word' id='word_1_266' title='bbox 1306 2101 1487 2142; x_wconf 90' lang='lat' dir='ltr'><strong>Platonis</strong></span> <span class='ocrx_word' id='word_1_267' title='bbox 1528 2102 1666 2141; x_wconf 90' lang='lat' dir='ltr'><strong>comici</strong></span> 
     </span>
     <span class='ocr_line' id='line_1_35' title="bbox 133 2160 1666 2218; baseline 0.003 -17"><span class='ocrx_word' id='word_1_268' title='bbox 133 2163 305 2213; x_wconf 85' lang='lat' dir='ltr'><strong>Phaone,</strong></span> <span class='ocrx_word' id='word_1_269' title='bbox 330 2165 401 2204; x_wconf 89' lang='lat' dir='ltr'><strong>ubi</strong></span> <span class='ocrx_word' id='word_1_270' title='bbox 426 2164 635 2205; x_wconf 86' lang='lat' dir='ltr'><strong>Philoxeni</strong></span> <span class='ocrx_word' id='word_1_271' title='bbox 661 2160 902 2216; x_wconf 84' lang='grc' dir='ltr'><strong><em>Ὀψαρτυσία</em></strong></span> <span class='ocrx_word' id='word_1_272' title='bbox 927 2167 1110 2206; x_wconf 78' lang='lat' dir='ltr'><strong>versibus</strong></span> <span class='ocrx_word' id='word_1_273' title='bbox 1136 2168 1305 2207; x_wconf 87' lang='lat' dir='ltr'><strong>heroicis</strong></span> <span class='ocrx_word' id='word_1_274' title='bbox 1331 2168 1557 2218; x_wconf 88' lang='lat' dir='ltr'><strong>conscripta</strong></span> <span class='ocrx_word' id='word_1_275' title='bbox 1581 2168 1666 2206; x_wconf 89' lang='lat' dir='ltr'><strong>lau-</strong></span> 
     </span>
     <span class='ocr_line' id='line_1_36' title="bbox 133 2228 1666 2283; baseline 0.003 -16"><span class='ocrx_word' id='word_1_276' title='bbox 133 2228 270 2280; x_wconf 83' lang='lat' dir='ltr'><strong>datur,</strong></span> <span class='ocrx_word' id='word_1_277' title='bbox 310 2231 482 2280; x_wconf 87' lang='lat' dir='ltr'><strong>profert,</strong></span> <span class='ocrx_word' id='word_1_278' title='bbox 523 2243 603 2270; x_wconf 93' lang='lat' dir='ltr'><strong>non</strong></span> <span class='ocrx_word' id='word_1_279' title='bbox 634 2232 729 2269; x_wconf 88' lang='lat' dir='ltr'><strong>sunt</strong></span> <span class='ocrx_word' id='word_1_280' title='bbox 758 2230 836 2269; x_wconf 91' lang='lat' dir='ltr'><strong>huc</strong></span> <span class='ocrx_word' id='word_1_281' title='bbox 867 2230 1095 2283; x_wconf 86' lang='lat' dir='ltr'><strong>referenda,</strong></span> <span class='ocrx_word' id='word_1_282' title='bbox 1142 2233 1226 2272; x_wconf 88' lang='lat' dir='ltr'><strong>sive</strong></span> <span class='ocrx_word' id='word_1_283' title='bbox 1268 2234 1413 2272; x_wconf 88' lang='lat' dir='ltr'><strong>statuis</strong></span> <span class='ocrx_word' id='word_1_284' title='bbox 1455 2233 1666 2272; x_wconf 83' lang='lat' dir='ltr'><strong>Philoxeni</strong></span> 
     </span>
     <span class='ocr_line' id='line_1_37' title="bbox 133 2293 1664 2348; baseline 0.002 -15"><span class='ocrx_word' id='word_1_285' title='bbox 133 2293 316 2345; x_wconf 83' lang='lat' dir='ltr'><strong>Cytherii</strong></span> <span class='ocrx_word' id='word_1_286' title='bbox 353 2297 528 2335; x_wconf 83' lang='grc' dir='ltr'><em>Δεῖπνον</em></span> <span class='ocrx_word' id='word_1_287' title='bbox 559 2295 616 2334; x_wconf 86' lang='grc'><strong>1111</strong></span> <span class='ocrx_word' id='word_1_288' title='bbox 653 2295 820 2335; x_wconf 88' lang='lat' dir='ltr'><strong>liberius</strong></span> <span class='ocrx_word' id='word_1_289' title='bbox 852 2309 876 2335; x_wconf 86' lang='lat' dir='ltr'><strong>a</strong></span> <span class='ocrx_word' id='word_1_290' title='bbox 907 2296 1054 2335; x_wconf 88' lang='lat' dir='ltr'><strong>comico</strong></span> <span class='ocrx_word' id='word_1_291' title='bbox 1087 2297 1302 2348; x_wconf 84' lang='lat' dir='ltr'><strong>exagitari,</strong></span> <span class='ocrx_word' id='word_1_292' title='bbox 1341 2297 1423 2337; x_wconf 81' lang='lat' dir='ltr'><strong>sive</strong></span> <span class='ocrx_word' id='word_1_293' title='bbox 1456 2297 1664 2336; x_wconf 87' lang='lat' dir='ltr'><strong>Philoxeni</strong></span> 
     </span>
     <span class='ocr_line' id='line_1_38' title="bbox 133 2360 1663 2413; baseline 0.001 -14"><span class='ocrx_word' id='word_1_294' title='bbox 133 2360 322 2399; x_wconf 85' lang='lat' dir='ltr'><strong>Leucadii</strong></span> <span class='ocrx_word' id='word_1_295' title='bbox 347 2372 506 2399; x_wconf 89' lang='lat' dir='ltr'><strong>carmen</strong></span> <span class='ocrx_word' id='word_1_296' title='bbox 532 2360 693 2411; x_wconf 87' lang='lat' dir='ltr'><strong>aliquod</strong></span> <span class='ocrx_word' id='word_1_297' title='bbox 719 2362 957 2402; x_wconf 88' lang='lat' dir='ltr'><strong>didacticum</strong></span> <span class='ocrx_word' id='word_1_298' title='bbox 982 2363 1032 2401; x_wconf 87' lang='lat' dir='ltr'><strong>ad</strong></span> <span class='ocrx_word' id='word_1_299' title='bbox 1059 2363 1362 2402; x_wconf 88' lang='lat' dir='ltr'><strong>similitudinem</strong></span> <span class='ocrx_word' id='word_1_300' title='bbox 1383 2362 1663 2413; x_wconf 85' lang='lat' dir='ltr'><strong>Gastrologiae</strong></span> 
     </span>
     <span class='ocr_line' id='line_1_39' title="bbox 132 2425 1663 2476; baseline 0.001 -12"><span class='ocrx_word' id='word_1_301' title='bbox 132 2426 443 2466; x_wconf 85' lang='lat' dir='ltr'><strong>Archestrateae</strong></span> <span class='ocrx_word' id='word_1_302' title='bbox 486 2425 749 2476; x_wconf 89' lang='lat' dir='ltr'><strong>compositum</strong></span> <span class='ocrx_word' id='word_1_303' title='bbox 793 2426 927 2467; x_wconf 87' lang='lat' dir='ltr'><strong>rideri.</strong></span> <span class='ocrx_word' id='word_1_304' title='bbox 965 2448 1021 2454; x_wconf 92' lang='lat'><strong>—</strong></span> <span class='ocrx_word' id='word_1_305' title='bbox 1069 2428 1285 2468; x_wconf 87' lang='lat' dir='ltr'><strong>Philoxeno</strong></span> <span class='ocrx_word' id='word_1_306' title='bbox 1329 2428 1530 2468; x_wconf 87' lang='lat' dir='ltr'><strong>vindicare</strong></span> <span class='ocrx_word' id='word_1_307' title='bbox 1575 2428 1663 2467; x_wconf 91' lang='lat' dir='ltr'><strong>vult</strong></span> 
     </span>
     <span class='ocr_line' id='line_1_40' title="bbox 133 2488 1662 2545; baseline 0.001 -15"><span class='ocrx_word' id='word_1_308' title='bbox 133 2491 307 2532; x_wconf 88' lang='lat' dir='ltr'><strong>Dindorf</strong></span> <span class='ocrx_word' id='word_1_309' title='bbox 335 2491 433 2530; x_wconf 89' lang='lat' dir='ltr'><strong>duos</strong></span> <span class='ocrx_word' id='word_1_310' title='bbox 464 2491 682 2532; x_wconf 85' lang='lat' dir='ltr'><strong>versiculos</strong></span> <span class='ocrx_word' id='word_1_311' title='bbox 714 2505 776 2543; x_wconf 87' lang='lat' dir='ltr'><strong>ap.</strong></span> <span class='ocrx_word' id='word_1_312' title='bbox 808 2493 1081 2544; x_wconf 88' lang='lat' dir='ltr'><strong>Antiphanem</strong></span> <span class='ocrx_word' id='word_1_313' title='bbox 1113 2493 1154 2532; x_wconf 89' lang='lat' dir='ltr'><strong>in</strong></span> <span class='ocrx_word' id='word_1_314' title='bbox 1179 2488 1352 2545; x_wconf 86' lang='grc' dir='ltr'><strong><em>Ὁμοίοις</em></strong></span> <span class='ocrx_word' id='word_1_315' title='bbox 1382 2506 1445 2544; x_wconf 88' lang='lat' dir='ltr'><strong>ap.</strong></span> <span class='ocrx_word' id='word_1_316' title='bbox 1478 2493 1573 2533; x_wconf 90' lang='lat' dir='ltr'><strong>Ath.</strong></span> <span class='ocrx_word' id='word_1_317' title='bbox 1606 2494 1662 2532; x_wconf 91' lang='lat' dir='ltr'><strong>XI</strong></span> 
     </span>
     <span class='ocr_line' id='line_1_41' title="bbox 134 2555 289 2595; baseline 0 0"><span class='ocrx_word' id='word_1_318' title='bbox 134 2557 216 2595; x_wconf 81' lang='lat'><strong>471</strong></span> <span class='ocrx_word' id='word_1_319' title='bbox 241 2555 289 2595; x_wconf 83' lang='lat' dir='ltr'><strong>C:</strong></span> 
     </span>
    </p>

    <p class='ocr_par' dir='ltr' id='par_1_11' title="bbox 253 2622 1454 2685">
     <span class='ocr_line' id='line_1_42' title="bbox 253 2622 1454 2685; baseline 0.002 -17"><span class='ocrx_word' id='word_1_320' title='bbox 253 2622 307 2676; x_wconf 82' lang='grc' dir='ltr'><strong>ὥς</strong></span> <span class='ocrx_word' id='word_1_321' title='bbox 338 2622 375 2666; x_wconf 87' lang='grc' dir='ltr'><strong>δ’</strong></span> <span class='ocrx_word' id='word_1_322' title='bbox 411 2625 657 2678; x_wconf 78' lang='grc' dir='ltr'><strong><em>ἐδείπνησαν,</em></strong></span> <span class='ocrx_word' id='word_1_323' title='bbox 689 2624 869 2679; x_wconf 76' lang='grc' dir='ltr'><strong><em>συνάψαι</em></strong></span> <span class='ocrx_word' id='word_1_324' title='bbox 898 2625 1092 2682; x_wconf 81' lang='grc' dir='ltr'><strong><em>βούλομαι</em></strong></span> <span class='ocrx_word' id='word_1_325' title='bbox 1122 2625 1197 2683; x_wconf 70' lang='grc' dir='ltr'><strong>γὰρ</strong></span> <span class='ocrx_word' id='word_1_326' title='bbox 1227 2625 1299 2669; x_wconf 80' lang='grc' dir='ltr'><strong>τᾶν</strong></span> <span class='ocrx_word' id='word_1_327' title='bbox 1330 2627 1454 2685; x_wconf 81' lang='grc' dir='ltr'><strong><em>μέσῳ,</em></strong></span> 
     </span>
    </p>

    <p class='ocr_par' dir='ltr' id='par_1_12' title="bbox 251 2685 1255 2747">
     <span class='ocr_line' id='line_1_43' title="bbox 251 2685 1255 2747; baseline 0.002 -15"><span class='ocrx_word' id='word_1_328' title='bbox 251 2691 315 2732; x_wconf 85' lang='grc' dir='ltr'><strong>καὶ</strong></span> <span class='ocrx_word' id='word_1_329' title='bbox 348 2688 445 2740; x_wconf 90' lang='grc' dir='ltr'><strong><em>Διὸς</em></strong></span> <span class='ocrx_word' id='word_1_330' title='bbox 476 2694 649 2745; x_wconf 87' lang='grc' dir='ltr'><strong><em>σωτῆρος</em></strong></span> <span class='ocrx_word' id='word_1_331' title='bbox 678 2685 778 2744; x_wconf 82' lang='grc' dir='ltr'><strong><em>ἦλθε</em></strong></span> <span class='ocrx_word' id='word_1_332' title='bbox 808 2694 1037 2746; x_wconf 82' lang='grc' dir='ltr'><strong><em>θηρίκλειον</em></strong></span> <span class='ocrx_word' id='word_1_333' title='bbox 1068 2691 1255 2747; x_wconf 75' lang='grc' dir='ltr'><strong><em>ὄργανον,</em></strong></span> 
     </span>
    </p>

    <p class='ocr_par' dir='ltr' id='par_1_13' title="bbox 252 2753 1551 2813">
     <span class='ocr_line' id='line_1_44' title="bbox 252 2753 1551 2813; baseline 0.003 -17"><span class='ocrx_word' id='word_1_334' title='bbox 252 2759 333 2809; x_wconf 84' lang='grc' dir='ltr'><strong>τῆς</strong></span> <span class='ocrx_word' id='word_1_335' title='bbox 363 2759 605 2809; x_wconf 79' lang='grc' dir='ltr'><strong><em>τρυφερᾶς</em></strong></span> <span class='ocrx_word' id='word_1_336' title='bbox 635 2753 726 2798; x_wconf 71' lang='grc' dir='ltr'><strong>ἀπὸ</strong></span> <span class='ocrx_word' id='word_1_337' title='bbox 758 2756 949 2811; x_wconf 81' lang='grc' dir='ltr'><strong><em>Λέσβου</em></strong></span> <span class='ocrx_word' id='word_1_338' title='bbox 981 2754 1291 2810; x_wconf 83' lang='grc' dir='ltr'><strong><em>σεμνοπνόου</em></strong></span> <span class='ocrx_word' id='word_1_339' title='bbox 1323 2756 1551 2813; x_wconf 80' lang='grc' dir='ltr'><strong><em>σταγόνος</em></strong></span> 
     </span>
    </p>

    <p class='ocr_par' dir='ltr' id='par_1_14' title="bbox 253 2818 1454 2882">
     <span class='ocr_line' id='line_1_45' title="bbox 253 2818 1454 2882; baseline 0.004 -20"><span class='ocrx_word' id='word_1_340' title='bbox 253 2825 444 2875; x_wconf 81' lang='grc' dir='ltr'><strong><em>πλῆρες,</em></strong></span> <span class='ocrx_word' id='word_1_341' title='bbox 475 2818 699 2875; x_wconf 77' lang='grc' dir='ltr'><strong><em>ἀφρίζον,</em></strong></span> <span class='ocrx_word' id='word_1_342' title='bbox 730 2822 924 2872; x_wconf 78' lang='grc' dir='ltr'><strong><em>ἕκαστος</em></strong></span> <span class='ocrx_word' id='word_1_343' title='bbox 956 2824 1166 2882; x_wconf 77' lang='grc' dir='ltr'><strong><em>δεξιτερᾷ</em></strong></span> <span class='ocrx_word' id='word_1_344' title='bbox 1199 2820 1237 2864; x_wconf 82' lang='grc' dir='ltr'><strong>δ’</strong></span> <span class='ocrx_word' id='word_1_345' title='bbox 1272 2824 1454 2879; x_wconf 78' lang='grc' dir='ltr'><strong><em>ἔλαβεν.</em></strong></span> 
     </span>
    </p>
   </div>
   <div class='ocr_carea' id='block_1_11' title="bbox 135 2905 1294 2959">
    <p class='ocr_par' dir='ltr' id='par_1_15' title="bbox 135 2905 1294 2959">
     <span class='ocr_line' id='line_1_46' title="bbox 135 2905 1294 2959; baseline 0.004 -15"><span class='ocrx_word' id='word_1_346' title='bbox 135 2905 232 2945; x_wconf 87' lang='grc'><strong>110111</strong></span> <span class='ocrx_word' id='word_1_347' title='bbox 263 2918 311 2945; x_wconf 90' lang='lat' dir='ltr'><strong>ex</strong></span> <span class='ocrx_word' id='word_1_348' title='bbox 342 2906 480 2946; x_wconf 88' lang='lat' dir='ltr'><strong>eadem</strong></span> <span class='ocrx_word' id='word_1_349' title='bbox 512 2906 714 2948; x_wconf 87' lang='lat' dir='ltr'><strong>comoedia</strong></span> <span class='ocrx_word' id='word_1_350' title='bbox 743 2919 805 2959; x_wconf 87' lang='lat' dir='ltr'><strong>ap.</strong></span> <span class='ocrx_word' id='word_1_351' title='bbox 836 2907 982 2948; x_wconf 87' lang='lat' dir='ltr'><strong>Athen.</strong></span> <span class='ocrx_word' id='word_1_352' title='bbox 1013 2908 1107 2948; x_wconf 91' lang='lat' dir='ltr'><strong>XIV</strong></span> <span class='ocrx_word' id='word_1_353' title='bbox 1141 2911 1224 2949; x_wconf 84' lang='lat'><strong>642</strong></span> <span class='ocrx_word' id='word_1_354' title='bbox 1240 2910 1294 2949; x_wconf 81' lang='lat' dir='ltr'><strong>A:</strong></span> 
     </span>
    </p>
   </div>
  </div>
 </body>
</html>
