1864 3126
802 163 987 202 IBYCUS.
1571 163 1655 206 251

123 276 414 329 Schneidewin,
445 289 548 328 quae
579 277 771 329 leguntur
802 276 931 317 Crem.
963 277 1038 317 An.
1072 277 1142 318 Ox.
1175 277 1232 316 IV
1266 279 1374 328 329,
1409 279 1482 317 22:
1513 271 1557 316 ‘O
1588 274 1660 328 μὲν

124 337 191 398 διὰ
221 343 292 384 τοῦ
322 353 440 392 ωσιος
463 337 657 396 Ῥηγίνων
687 340 802 391 ἐστίν,
833 340 916 383 ἐπεὶ
948 338 1117 396 συνεχὴς
1147 338 1240 394 παρ’
1276 338 1410 390 αὐτοῖς
1440 337 1521 383 ἀπὸ
1553 356 1657 395 γενι-

77 455 79 457 .
122 409 198 462 «ἧς
225 407 389 463 γίνεται·
427 402 607 459 avolum,
645 403 913 457 ἆνακαίσιος
951 403 1129 463 (Lobeck
1163 402 1440 460 Ἀκακῶσιος),
1478 406 1659 460 χαρίτων,

124 469 420 527 χαριτῶσιος.
482 472 540 513 Of.
573 473 695 513 etiam
725 473 777 514 ib.
804 474 823 512 I
858 475 954 524 162,
989 474 1055 514 15.
1106 474 1180 513 His
1213 475 1365 514 accedit
1395 474 1550 527 βροτῶν
1580 469 1661 515 ἄλι-

122 534 242 580 ταῖσια
273 541 382 591 φῦλα
416 539 457 578 in
488 538 659 590 Orphico
692 538 866 578 carmine
898 539 1004 590 apud
1036 540 1169 579 Malal.
1196 539 1266 588 IV,
1287 541 1356 581 31.
1388 540 1458 579 ubi
1489 539 1661 590 Bentley

123 617 203 645 non
233 607 341 645 recte
372 600 550 657 ἇλιτήρια
583 604 754 656 scripsit,
786 617 1027 655 quamquam
1059 605 1180 644 etiam
1212 600 1377 644 ἆετώσια
1408 605 1432 644 i.
1458 618 1491 645 e.
1517 600 1662 657 μάταια

124 669 202 710 dici
233 671 403 722 poterat.

803 762 984 817 52.[9J

243 849 308 890 Et.
339 848 440 889 Gud.
473 851 541 900 89,
574 851 648 889 31:
670 845 942 900 Ἅτερπνος·
975 844 1100 896 οὕτως
1130 843 1152 888 ὁ
1183 844 1407 901 ἄγρυπνος,
1438 844 1547 901 παρὰ
1573 843 1659 900 Ῥη-

122 913 267 967 γίνοις,
299 909 352 962 ὡς
382 912 447 954 καὶ
477 909 570 965 παρ’
606 907 748 968 Ἰβύκῳ
780 911 847 953 καὶ
877 909 1115 969 Στησιχόρῳ.
1178 913 1293 954 Adde
1319 914 1385 953 Et.
1411 914 1462 953 M.
1502 916 1598 963 163,
1632 916 1657 953 8

123 979 193 1018 nbi
226 979 349 1020 Gaisf.
381 979 495 1019 codd.
525 979 638 1030 Ibyci
680 982 722 1019 et
765 979 983 1019 Stesichori
1025 991 1169 1019 nomen
1208 979 1379 1024 addunt,
1417 978 1547 1019 Cram.
1580 979 1655 1018 An.

124 1044 215 1084 Par.
246 1044 304 1084 IV
338 1047 404 1095 61,
438 1047 504 1084 22.
568 1045 756 1085 Ceterum
787 1045 888 1085 conf.
921 1057 1042 1096 supra
1071 1045 1120 1085 fr.
1155 1047 1192 1085 7.

784 1160 994 1215 53.[5o]

182 1270 186 1272 >
243 1247 435 1299 Hesych.:
467 1246 775 1300 Βρυαλίκται·
807 1245 1010 1300 πολεμικοὶ
1035 1244 1204 1300 ὥρχηται
1230 1245 1302 1299 μὲν
1326 1247 1523 1288 αἰδοίπου.
1557 1243 1660 1299 Ἴβυ-

124 1327 194 1361 κος
224 1311 290 1353 καὶ
321 1313 572 1367 Στησίχορος.
634 1314 724 1354 Vid.
756 1313 819 1353 ad.
852 1313 1018 1353 Stesich.
1050 1314 1099 1354 fr.
1134 1316 1200 1354 79.

786 1418 855 1460 54.
866 1460 874 1466 ,
888 1417 995 1471 [54.]

246 1504 309 1543 Et.
343 1504 394 1544 M.
428 1506 526 1555 273,
559 1506 632 1544 24:
671 1502 963 1555 Διέφρασαι·
999 1499 1107 1555 παρὰ
1143 1499 1284 1558 Ἰβύκῳ
1317 1499 1398 1558 (ita
1427 1503 1512 1543 cod.
1544 1504 1662 1553 Flor.,

127 1570 249 1620 vulgo
270 1565 412 1620 Ἴβυκι,
444 1570 484 1608 Μ
510 1564 609 1624 σιμ.)
636 1565 742 1609 ἐστὶν
772 1568 974 1620 ἔφθαρσαι
1003 1566 1070 1608 καὶ
1099 1564 1197 1607 κατὰ
1228 1564 1363 1616 πάθος
1394 1567 1564 1619 ἔφαρσαι
1594 1567 1661 1608 καὶ

126 1629 210 1673 κατ’
244 1628 460 1685 ὑπέρθεσιν
483 1633 654 1687 ἕφρασαι
677 1633 744 1675 καὶ
769 1633 995 1687 διέφρασαι”
1027 1630 1153 1682 οὕτως
1170 1629 1418 1685 εΗρωδιανὸς
1437 1628 1547 1687 (add.
1569 1628 1659 1688 FL).

763 1739 999 1793 .55.[29]

247 1824 311 1863 Et.
344 1825 396 1863 M.
428 1826 528 1875 428,
561 1827 634 1865 28:
667 1821 868 1866 ’Ήλσατο
909 1826 1025 1877 βοῦς
1057 1821 1218 1877 Ἴβυκος
1254 1819 1362 1876 παρὰ
1399 1820 1441 1864 τὸ
1478 1819 1661 1876 ἠλάσατο.

129 1891 316 1940 Hartung
346 1889 397 1928 ad
428 1890 645 1930 Stesichori
669 1890 960 1942 Geryoneidem
991 1892 1124 1931 refert.
1177 1891 1463 1941 Fragmentum
1489 1890 1661 1930 fortasse

129 1955 372 2007 iungendum
404 1968 492 1995 cum
524 1956 604 1996 alio
636 1956 764 1996 frusto
798 1952 948 2007 Adesp.
981 1958 1048 1995 50.

859 2059 928 2104 56.

249 2145 380 2186 Cram.
405 2145 480 2186 An.
507 2145 579 2186 Ox.
606 2146 621 2184 1
651 2148 719 2197 65,
749 2149 820 2186 15:
852 2144 930 2186 Καὶ
962 2143 1008 2200 τῇ
1040 2148 1187 2200 κλαγγῇ
1219 2145 1354 2199 δοτικῇ
1380 2140 1489 2185 εἶπεν
1514 2140 1660 2196 ὁἽβυ-

130 2225 198 2258 κος
228 2210 430 2263 κλαγγίι.
491 2211 586 2262 Leg.
618 2212 794 2265 κλαγγί.

792 2315 1001 2369 57.[56]

250 2400 395 2439 Herod.
427 2413 466 2439 π.
499 2415 536 2451 μ.
567 2398 640 2448 ug.
673 2403 746 2452 38,
788 2403 863 2440 13:
905 2397 1295 2454 Λεβυαφιγενής·
1338 2395 1363 2451 ἡ
1406 2395 1472 2438 διὰ
1509 2401 1578 2439 τοῦ
1615 2414 1663 2449 φι

131 2463 332 2513 ἐπέκτασις
368 2460 554 2505 οὐδέποτε
591 2463 699 2504 θέλει
734 2461 817 2505 κατ’
858 2461 984 2518 ἀρχὴν
1022 2466 1300 2515 συντίθεσθαι,
1338 2461 1447 2519 μόνῳ
1486 2461 1528 2503 δὲ
1565 2478 1661 2516 παρ-

131 2526 407 2582 ηκολούθησεν
437 2528 481 2569 ἐν
511 2526 740 2582 ἐπιρρήματι
762 2532 815 2586 τῷ
846 2545 894 2582 φι
923 2526 966 2571 τὸ
998 2533 1195 2580 τοιοῦτον,
1222 2526 1450 2584 Ἰφιγένεια,
1477 2526 1664 2581 Ἰφικλῆς,

127 2591 378 2646 Ἰφιάνασσα,
418 2593 484 2634 καὶ
520 2591 593 2635 ὅσα
630 2591 727 2634 ἄλλα
774 2591 933 2635 τοιαῦτα
975 2594 1069 2635 ἐστι·
1112 2592 1354 2647 πεπλάνηται
1397 2587 1471 2635 οὖν
1503 2591 1663 2647 Ἴβυκος

131 2656 254 2700 εἰπὼν
284 2656 602 2714 Λεβυαφιγενής.
664 2659 786 2699 Bloch
818 2657 1196 2713 Λιβυαφιγενής.

810 2763 989 2818 58.[6]
1066 2749 1069 2753 ’

253 2850 380 2892 Schol.
412 2851 544 2902 Apoll.
576 2851 648 2889 Rh.
681 2850 739 2887 III
775 2851 878 2890 106:
905 2846 1063 2902 Ἴβυκος
1100 2846 1143 2889 δὲ
1180 2847 1243 2889 ἐπὶ
1282 2851 1360 2889 τῶν
1389 2845 1458 2889 τὸν
1489 2846 1663 2902 οὐρανὸν

143 2911 417 2966 βασταζόντων
447 2912 595 2956 κιόνων
626 2910 878 2968 (ῥαδινοὺς
908 2911 995 2955 ἀντὶ
1026 2909 1116 2968 τοῦ)
1148 2910 1372 2968 εὐμεγέθεις
1403 2913 1512 2968 λέγει.
