1864 3126
231 134 322 195 414
551 135 552 139 ’
799 153 990 191 ΡΟΕΤΑΕ
1014 153 1192 191 Mamm.

891 345 1097 400 56.[29]

351 455 554 495 Plutaich.
585 456 656 495 vit.
689 456 806 495 Thes.
837 469 868 495 c.
903 457 975 495 17:
1017 450 1234 509 Ἐκυβέρνα
1271 455 1314 499 δὲ
1350 453 1422 509 τὴν
1458 459 1560 504 ναῦν
1594 450 1756 510 Ἀμαρ-

233 516 414 568 συάδας
446 519 696 572 Φέρεκλος,
729 517 782 568 ὣς
812 532 910 573 φησι
935 521 1188 600 Σιμωνίδηςχ
1234 523 1309 562 Est
1334 536 1380 561 ex
1406 523 1543 562 eodem
1568 522 1754 571 carmine,

233 598 280 624 ex
311 599 387 636 quo
418 586 467 624 fr.
501 587 557 625 54
589 589 630 625 et
659 587 708 625 fr.
741 588 809 626 55.

891 738 1098 791 57.[10]

330 1235 406 1283 Τίς
436 1249 512 1276 κεν
539 1233 736 1289 αἰνήσειε
761 1233 852 1292 νόῳ
878 1235 1064 1284 πίσυνος
1090 1235 1264 1277 Λίνδου
1289 1233 1450 1277 ναέταν
1470 1236 1757 1292 Κλεόβουλον

327 1302 507 1355 ἀενάοις
537 1312 752 1360 ποταμοῖς
782 1302 949 1348 ἄνθεσί
976 1304 1014 1347 τ’
1049 1306 1315 1362 εἰαρινοῖσιν

325 1373 477 1419 ἀελίου
507 1391 553 1418 τε
586 1375 721 1431 φλογὶ
752 1375 917 1434 χρυσέᾳ
947 1377 1136 1433 λιπαρᾶς
1166 1392 1213 1419 τε
1245 1374 1433 1427 σελάνας

322 1447 396 1490 καὶ
427 1449 748 1490 θαλασσαίαισι
780 1448 925 1498 δίναις
956 1443 1086 1490 ἀντία
1117 1447 1256 1491 θέντα
1288 1447 1421 1504 μένος
1453 1446 1636 1500 στάλας;

278 1531 298 1562 5
325 1517 498 1562 ἅπαντα
529 1516 615 1576 γάρ
648 1519 739 1561 ἐστι
769 1520 893 1562 θεῶν
924 1515 1065 1574 ἥσσω·
1097 1521 1232 1561 λίθον
1265 1517 1315 1561 δὲ
1664 1530 1754 1562 1139

323 1588 397 1632 καὶ
429 1586 605 1645 βρότεοι
637 1587 834 1645 παλάμαι
865 1586 1103 1646 θραύοντι·
1135 1591 1290 1646 μωροῦ
1321 1587 1470 1646 φωτὸς
1501 1587 1579 1633 ἅδε
1603 1587 1758 1646 βουλά.

322 1766 380 1802 Fr
407 1771 463 1802 57.
515 1765 622 1810 Diog.
651 1766 773 1801 Laert.
806 1766 823 1800 I
849 1770 915 1802 89:
952 1761 1073 1807 Οὗτος
1105 1764 1366 1823 (Κλεόβουλος)
1400 1764 1576 1826 ἐποίησεν
1607 1763 1755 1812 ᾄσματα

232 1813 297 1848 καὶ
321 1815 481 1858 γρίφους
506 1812 560 1853 εἰς
586 1812 656 1858 ἔπη
683 1814 863 1858 τρισχίλια
889 1812 954 1848 καὶ
977 1811 1019 1849 τὸ
1041 1811 1256 1860 ἐπίγραμμά
1282 1827 1381 1855 τινες
1399 1812 1440 1849 τὸ
1462 1812 1523 1850 ἐπὶ
1543 1815 1650 1862 Μίδᾳ
1669 1814 1755 1848 τοῦ·

230 1859 296 1895 τόν
315 1872 417 1918 φασι
442 1861 615 1916 ποιῆσαι·
641 1859 793 1917 Χαλκέη
818 1859 1012 1903 παρθένος
1036 1860 1123 1906 εἰμί,
1149 1862 1282 1896 Μίδεω
1309 1858 1346 1896 δ’
1375 1858 1437 1898 ἐπὶ
1463 1859 1598 1918 σήματι
1617 1865 1756 1918 κεῖμαι,

220 1904 325 1942 ”Ἐστ
362 1904 410 1942 ὂὶν
442 1903 543 1964 ὕδωρ
575 1920 614 1942 τε
648 1905 721 1952 νάῃ
753 1907 817 1942 καὶ
849 1907 1010 1954 δένδρεα
1042 1906 1167 1953 μακρὰ
1198 1906 1360 1966 τεθήλῃ,
1389 1906 1529 1948 Ἠέλιος
1560 1905 1598 1943 δ’
1637 1905 1756 1943 ἀνιὼν

229 1953 356 2012 λάμπῃ
382 1952 541 2012 λαμπρά
560 1967 598 1989 τε
620 1954 768 1999 σελήνη,
794 1954 857 1989 καὶ
877 1968 975 1991 ποτα
1005 1957 1044 1990 οί
1059 1968 1099 2000 γε
1121 1954 1267 2012 ῥ’έωσιν,
1293 1953 1483 2013 ἀνακλύζῃ
1505 1953 1547 1991 δὲ
1567 1953 1756 2000 θάλασσα,

232 2003 354 2037 Αυτοῦ
379 2002 470 2060 τῇδε
497 2000 662 2047 μένουσα
687 2000 930 2050 πολυκλαυτῳ
983 2002 1025 2037 πὶ
1050 2001 1178 2050 τυμβῳ
1200 1999 1391 2059 Ἀγγελέω
1398 2002 1595 2057 παριοῦσι,
1628 2003 1756 2042 Μίδας

185 2051 196 2057 '
228 2045 287 2084 ότι
311 2050 402 2096 τῇδε
429 2048 630 2085 τέθαπται.
664 2047 825 2094 Φέρουσι
844 2048 887 2085 δὲ
908 2039 1112 2095 μαρτύριον
1132 2051 1346 2095 Σιμωνίδου
1366 2043 1502 2103 ᾆσμα,
1528 2045 1624 2085 ὅπου
1645 2050 1754 2094 φησί·

231 2098 308 2137 Τίς
339 2099 414 2131 κτλ.
458 2097 558 2131 Inter
588 2096 770 2131 Encomia
806 2096 936 2131 retulit
967 2096 1240 2138 Schneidewin,
1273 2097 1338 2132 sed
1368 2086 1492 2142 potius
1523 2108 1568 2132 ex
1601 2096 1756 2132 Threm's

229 2155 358 2179 versus
383 2143 494 2189 petiti
517 2143 700 2179 videntur.
742 2142 915 2178 Ceterum
941 2144 1051 2180 credo
1078 2124 1307 2179 Simonidem
1333 2144 1436 2179 aliud
1459 2143 1559 2189 quod
1584 2142 1755 2179 Cleobuli

227 2191 473 2235 poematium,
506 2202 578 2226 non
611 2190 736 2227 nobile
767 2190 862 2226 illud
893 2191 932 2226 in
962 2191 1102 2226 Midam
1135 2192 1366 2249 epigramma
1397 2192 1618 2236 respexisse,
1655 2191 1755 2235 quod

228 2237 383 2274 Homeri
408 2238 557 2293 nomine
582 2238 786 2281 ferebatur;
812 2250 899 2274 nam
924 2238 978 2274 ibi
1003 2239 1142 2284 χαλκέη
1167 2238 1372 2285 παρθένος,
1398 2239 1460 2274 hic
1484 2239 1591 2278 λίθος
1615 2249 1755 2273 11101110-

229 2288 352 2330 1·‚atur
385 2285 458 2321 nisi
481 2286 574 2321 haec
600 2285 653 2320 sic
679 2285 878 2321 conciliare
903 2284 1015 2330 velis,
1049 2286 1092 2320 ut
1115 2297 1344 2321 marmoreae
1370 2286 1563 2321 columnae
1589 2284 1754 2321 Sirenem

229 2331 444 2378 impositam
463 2333 576 2368 fuisse
597 2334 750 2377 statuas,
770 2344 996 2378 quamquam
1016 2332 1171 2369 Krische
1190 2333 1236 2368 de
1255 2333 1423 2368 Platonis
1442 2332 1612 2368 Phaedro
1631 2344 1667 2378 p.
1686 2336 1753 2368 105

228 2391 303 2415 non
327 2380 460 2416 haesit.
495 2378 548 2414 Cf.
576 2380 689 2415 etiam
715 2360 932 2426 ffathgeber
956 2380 1114 2416 Munzen
1139 2380 1205 2416 der
1228 2380 1362 2415 Athen.
1389 2393 1425 2425 p.
1451 2379 1549 2415 VIII.
1579 2400 1622 2405 —
1649 2379 1694 2415 V.
1722 2383 1752 2414 1.

227 2425 316 2475 νόῳ,
343 2427 422 2464 cod.
449 2428 548 2463 Mon.
568 2427 631 2484 νῷ.
654 2448 697 2453 -
723 2428 889 2473 πίσυνος,
916 2427 1058 2463 conieci
1082 2424 1281 2468 πινυτός.
1303 2447 1348 2453 —-
1378 2426 1418 2463 V.
1439 2431 1471 2462 2.
1498 2423 1653 2467 ἀενάοις
1672 2425 1751 2462 cod.

228 2463 339 2519 Mon.‚
364 2474 478 2519 vulgo
504 2465 692 2515 ἀεννάοις.
722 2496 763 2500 —
792 2474 1011 2519 εἰαρινοισιν
1037 2474 1180 2529 scripsi,
1206 2475 1319 2520 vulgo
1339 2473 1531 2519 εἰαρινοῖς,
1556 2474 1599 2509 ut
1621 2483 1750 2508 versus

227 2521 453 2567 pentametri
485 2522 647 2568 speciem
676 2521 829 2557 referat.
856 2522 926 2558 hoc
944 2524 987 2557 ut
1012 2521 1190 2567 evitetur,
1211 2526 1276 2557 aut
1300 2525 1523 2578 ποταμοῖσιν
1547 2521 1614 2556 aut
1638 2519 1753 2565 εἰαρι-

226 2573 345 2605 νοῖσιν
371 2568 621 2604 scribendum.
652 2568 725 2604 hoc
749 2580 846 2604 1111110
872 2569 1043 2615 praetuli.
1072 2589 1115 2595 --
1142 2569 1185 2605 V.
1212 2573 1244 2604 3.
1271 2566 1408 2617 χρυσέα
1433 2568 1593 2624 λιπαρᾶς
1624 2579 1662 2602 τε
1689 2578 1747 2602 σε-

227 2613 344 2657 λάνας
376 2615 525 2674 scripsi,
556 2616 629 2652 nisi
658 2614 818 2661 χρυσέου
849 2616 974 2660 malis,
1007 2617 1205 2662 legebatur
1235 2616 1373 2661 χρυσᾶς
1397 2628 1436 2651 τε
1464 2611 1623 2655 σελανας
1646 2613 1752 2659 (Ηο1-

227 2675 339 2699 mann
359 2662 545 2721 χρυσέας),
571 2663 671 2708 quod
697 2663 847 2698 omnino
872 2663 1062 2699 vitiosum.
1111 2663 1285 2699 Poteram
1310 2662 1449 2699 10111010
1475 2661 1622 2698 medela
1645 2661 1750 2696 adhi-

227 2710 307 2746 bita
332 2709 471 2759 χρυσέα
497 2711 582 2751 δίας
606 2723 644 2745 τε
672 2713 743 2745 σελ.
771 2711 942 2756 scribere,
968 2711 1032 2746 sed
1057 2722 1210 2746 numero
1235 2721 1362 2745 versus
1387 2709 1508 2744 minus
1540 2708 1748 2744 commodo.

230 2779 272 2782 —
299 2758 343 2793 V.
369 2762 403 2792 4.
430 2746 563 2802 δίναις,
589 2757 707 2793 Cobet
732 2758 848 2804 δίνῃς.
875 2779 918 2783 -—
946 2755 1056 2792 ἀντία
1082 2755 1202 2793 θέντα
1227 2756 1370 2802 scripsi,
1399 2767 1486 2791 nam
1515 2755 1615 2800 quod
1640 2755 1750 2791 Ross-

230 2805 324 2839 bach
350 2807 389 2840 et
412 2805 585 2850 Hartung
604 2801 1127 2863 1011001101111111,αντιτιθέντα
1146 2803 1234 2839 ferri
1251 2804 1391 2848 nequit,
1415 2799 1621 2838 ἀντιθέντα
1640 2801 1752 2858 μένος

229 2850 364 2892 στάλας
396 2852 625 2908 Stephanus,
650 2849 856 2887 ἀντιθέντα
888 2850 1010 2909 μένος
1031 2851 1175 2898 (μένας)
1206 2849 1340 2896 στήλας
1371 2850 1497 2894 codd„
1528 2846 1749 2885 ἀντιθετού-

229 2910 340 2943 μενος
365 2895 500 2943 στήλας
524 2899 580 2936 011.
608 2899 716 2934 Frob.
747 2920 785 2924 -—
814 2899 857 2935 V.
884 2903 916 2935 6.
945 2896 1091 2948 βρότεοι
1115 2899 1315 2944 Hermann,
1340 2910 1374 2934 v
1403 2895 1575 2945 βρότειοι.
1729 2907 1742 2912 ’
