1864 3126
782 121 1056 160 SIMONIDES.
1594 124 1683 167 455

243 228 539 283 δουλοσύνας·
571 229 769 287 Πέρσαις
800 229 850 275 δὲ
880 230 980 288 περὶ
1012 230 1145 289 φρεσὶ
1174 232 1355 288 πήματα
1386 230 1532 276 πάντα

299 298 491 358 ἥψαμεν,
522 298 742 358 ἀργαλέης
771 300 978 360 μνήματα
1009 306 1274 360 ναυμαχίας·

194 384 216 416 5
242 369 372 417 ὀστέα
404 371 444 416 δ’
479 365 587 429 ἇμιν
619 375 706 430 ἔχει
739 377 957 431 Σαλαμίς·
989 372 1146 430 πατρὶς
1177 372 1227 418 δὲ
1259 371 1493 431 Κόρινθος

299 440 397 488 ἀντ’
433 441 685 502 εὐεργεσίης
716 443 853 503 μνῆμ’
890 444 1080 502 ἐπέθηκε
1110 443 1225 490 τόδε.

735 590 796 596 --
833 565 902 608 98.
937 565 1072 619 [16Ο.]
1587 578 1676 610 1152

239 641 384 704 Οὗτος
411 645 700 708 Ἀδειμάντου
729 650 883 692 κείνου
912 646 1068 704 τάφος,
1102 640 1159 691 οὗ
1181 645 1266 691 διὰ
1297 646 1463 712 βουλάς

290 716 448 772 Ἑλλὰς
478 720 734 775 ἐλευθερίας
766 717 992 776 ἀμφέθετο
1026 718 1263 775 στέφανον.

140 848 385 895 δουλοσῦνας,
413 851 446 886 Θ
472 849 713 896 δουλοσύνης.
739 871 784 876 -
811 850 855 886 V.
881 854 914 886 4.
942 850 1165 895 ναυμαχίας,
1194 850 1227 883 Θ
1250 851 1475 896 ναυμαχίης.
1508 852 1677 897 Apparet

139 898 312 935 librarios
336 898 415 935 fere
436 897 574 943 ubique
594 897 736 934 ionicae
755 898 893 934 formas
914 896 1167 940 substituisse;
1195 896 1342 934 doricas
1362 896 1428 943 qui
1447 898 1549 935 volet
1568 910 1675 936 revo—

137 944 294 1030 Wzr‘i}
319 956 390 1030 τ’
409 945 508 1038 33:⁵3:
528 939 1674 1029 3233&gszsfffi‘zrffizzmanffssxsz{3330551500353353-

137 1040 313 1087 minibus,
338 1021 511 1087 qnamvis
540 1040 651 1077 huius
676 1039 960 1087 epigrammatis
986 1041 1179 1076 auctorem
1211 1051 1286 1075 non
1311 1039 1533 1076 nominatim
1558 1042 1672 1077 testa.-

135 1090 208 1134 tnr,
236 1088 497 1125 Schneidewin
523 1088 742 1124 subditicios
768 1090 906 1134 censet,
933 1087 1162 1124 assentiente
1182 1087 1390 1133 namugo,
1417 1087 1478 1123 cui
1502 1088 1672 1134 inprimis

139 1136 411 1192 paenultimum
443 1135 632 1172 distichon
664 1135 858 1181 displicet,
897 1135 962 1172 sed
994 1132 1220 1180 περιάπτειν
1253 1146 1337 1170 cum
1369 1134 1513 1181 duplici
1544 1136 1673 1173 dativo

137 1185 308 1221 iunctum
332 1194 407 1220 non
439 1185 496 1220 est
526 1183 890 1241 reprehendendum,
922 1195 1010 1218 usus
1044 1184 1102 1219 est
1131 1184 1246 1228 poeta
1270 1182 1390 1228 figura
1414 1194 1510 1228 quae
1536 1183 1674 1220 dicitur

136 1227 231 1268 καθ’
267 1229 357 1268 ὅλον
387 1230 452 1267 καὶ
484 1244 581 1267 κατα
613 1230 742 1277 μέρος,
774 1230 1088 1277 quemadmodum
1120 1232 1220 1276 apud
1251 1229 1453 1266 Homerum
1485 1227 1568 1267 ἄλλ’
1603 1228 1673 1267 οὐκ

133 1276 295 1326 Ἀτρείδῃ
317 1275 562 1325 Ἀγαμέμνονι
586 1274 731 1324 ἥνδανε
755 1278 888 1327 θήιῷι
916 1278 981 1314 sed
1000 1278 1159 1314 fortasse
1178 1277 1427 1323 Aeschyleum
1447 1279 1673 1315 vocabulum

137 1326 410 1363 restituendum
442 1325 609 1371 Πέρσαις
639 1325 682 1362 δὲ
714 1327 963 1384 περίφροσι
995 1326 1018 1362 i.
1053 1337 1083 1361 e.
1118 1326 1301 1370 superbis,
1333 1327 1376 1361 ut
1407 1325 1567 1371 simplex
1592 1339 1671 1363 ver-

135 1375 224 1411 bum
243 1370 380 1410 ἅπτειν
399 1373 498 1410 idem
520 1373 570 1410 sit
594 1373 694 1419 quod
720 1385 953 1419 προσαπτειν
973 1373 1052 1409 sive
1071 1370 1306 1418 περιάπτειν.
1347 1372 1561 1410 Scholiasta
1585 1374 1669 1410 Ari-

136 1421 244 1458 stidis
274 1421 375 1467 quod
407 1420 567 1466 primum
598 1423 748 1457 tantum
780 1421 967 1457 distichon
999 1420 1188 1465 adhibuit,
1220 1420 1360 1455 nullius
1386 1424 1445 1456 est
1470 1421 1668 1458 momenti:

134 1480 220 1505 cum
245 1469 378 1505 docere
403 1468 540 1505 dicitur
565 1479 727 1513 carmen,
758 1464 818 1505 ὅτι
843 1470 908 1505 δεῖ
938 1465 1138 1517 βαρβάρων
1171 1472 1441 1514 καταφρονεῖν,
1473 1468 1671 1514 suspiceris

133 1516 280 1562 reliqua
297 1527 321 1551 a
339 1516 491 1552 librario
517 1516 655 1561 omissa
682 1527 780 1552 esse:
808 1516 873 1552 sed
899 1515 965 1551 ille
987 1527 1031 1551 ex
1050 1515 1283 1560 Anthologia
1302 1515 1431 1560 aliqua
1449 1516 1497 1551 ad
1518 1517 1671 1553 modum

133 1563 329 1600 Palatinae
362 1563 586 1600 concinnata
617 1563 813 1610 descripsit
843 1564 915 1599 hoc
941 1563 1136 1599 distichon.
1189 1561 1324 1599 Kaibel
1355 1564 1394 1598 in
1419 1563 1540 1609 primo
1564 1564 1668 1601 disti—

134 1611 204 1649 cho
229 1611 323 1648 nihil
349 1609 603 1658 investigavit,
630 1611 730 1656 quod
755 1612 1016 1657 reprehendat,
1043 1611 1108 1647 sed
1133 1610 1341 1655 antiquitus
1366 1611 1405 1646 in
1425 1613 1668 1648 monumento

133 1658 475 1743 ffiffiossffi
488 1658 1553 1752 'iffissssinhuffbdfflihssnssssssissuffdiissffgnissssssfflissigvr·
1575 1663 1668 1743 ³131?

135 1754 242 1791 velut
265 1766 288 1790 a
319 1753 436 1790 schol.
462 1754 574 1790 Arist.
600 1735 748 1790 111’136
783 1754 863 1800 (qui
893 1754 1043 1799 quidem
1070 1754 1179 1789 huius
1204 1753 1338 1800 culpae
1364 1753 1557 1799 immunis,
1583 1735 1670 1791 vide

132 1801 255 1847 infra).
306 1802 349 1837 In
368 1801 427 1837 his
447 1802 614 1838 versibus
633 1802 756 1847 (3-6)
782 1812 867 1837 cum
892 1801 968 1837 alia
993 1801 1195 1847 vituperat,
1220 1812 1317 1846 quae
1342 1800 1511 1837 refellere
1533 1813 1667 1847 operae

134 1861 207 1886 non
232 1851 290 1885 est
314 1849 487 1895 pretium,
513 1851 593 1885 tum
618 1845 737 1895 μνῆμ’
767 1846 954 1895 ἐπέθηκε,
987 1848 1187 1885 dicendum
1221 1849 1319 1884 enim
1345 1847 1458 1884 fuisse
1484 1845 1666 1895 ἀνέθηκε,

132 1897 197 1934 sed
230 1896 411 1942 exemplis
443 1897 514 1932 hoc
546 1897 692 1933 firmare
724 1897 890 1943 neglexit
922 1898 1024 1943 (nam
1056 1896 1180 1932 Rossii
1212 1896 1514 1942 supplementum
1552 1898 1663 1933 Arch.

133 1943 367 1981 Aufs.11581
382 1944 593 1990 incertum).
644 1944 740 1980 Sane
767 1944 865 1990 σῆμα
892 1944 951 1980 vel
977 1944 1106 1990 μνῆμα
1133 1941 1300 1990 ἐπέθηκε
1329 1943 1467 1980 dicitur
1484 1945 1600 1990 vulgo
1620 1945 1667 1981 de

133 2003 190 2037 e0‚
202 1992 268 2037 qui
285 1992 326 2028 in
344 1991 481 2037 sepulti
500 1992 661 2028 hominis
680 1992 825 2027 tumulo
846 1995 1127 2028 monumentum
1148 1991 1272 2037 erigit,
1293 1994 1333 2027 at
1352 1992 1666 2037 quemadmodum

132 2036 246 2076 κενὸν
271 2040 410 2086 μνῆμα,
436 2037 547 2080 κενὸς
571 2037 643 2086 τύμ
670 2053 711 2080 ος
742 2038 820 2075 alia
852 2039 928 2075 dici
954 2039 1087 2084 solent,
1114 2039 1170 2076 ita
1194 2039 1308 2075 etiam
1335 2039 1397 2074 hic
1422 2040 1552 2085 μνῆμα
1579 2037 1665 2076 ἕπε’-

131 2089 231 2134 θηκε
259 2098 333 2123 non
352 2088 410 2123 est
429 2086 636 2123 addubitan
665 2099 738 2129 um,
764 2086 820 2123 ita
839 2087 1021 2123 Homerus
1046 2083 1128 2133 χεῦ’
1155 2085 1397 2133 Ἀγαμέμνονι
1429 2084 1662 2134 τύμβον,·ἲ’ν’

131 2131 314 2182 ἄσβεστον
340 2134 448 2175 κλέος
472 2135 532 2181 εἴη
560 2135 626 2171 Od.
655 2138 688 2170 Δ
708 2138 795 2179 585,
828 2134 893 2170 ubi
919 2135 965 2170 de
992 2134 1144 2171 honoris
1170 2134 1370 2171 simulacro
1391 2135 1541 2180 poetam
1563 2134 1665 2180 loqui

131 2193 205 2218 non
230 2193 275 2218 ex
299 2182 434 2228 verbis,
459 2183 523 2218 sed
550 2194 594 2218 ex
618 2193 742 2218 rerum
768 2182 1042 2219 necessitudine
1069 2181 1274 2227 intelligas.

226 2264 353 2311 Epigr.
379 2268 436 2300 98.
480 2264 578 2300 Plut.
604 2265 650 2301 de
678 2265 859 2302 Herodoti
885 2265 1038 2311 malign.
1062 2276 1092 2301 c.
1114 2269 1177 2300 39:
1205 2261 1324 2305 Αὐτός
1349 2277 1390 2309 γε
1417 2262 1488 2309 μὲν
1515 2260 1534 2298 ὁ
1551 2260 1663 2300 Ἀδεί-

132 2325 282 2358 μαντος,
309 2305 338 2359 ᾧ
363 2314 518 2347 πλεῖστα
543 2310 833 2359 λοιδορούμενος
859 2309 1060 2358 Ἡρόδοτος
1086 2314 1256 2348 διατελεῖ
1274 2311 1339 2347 καὶ
1363 2310 1496 2356 λέγων,
1520 2311 1663 2355 μοῦνον

131 2356 311 2415 ἀπαίρειν
343 2359 427 2414 τῶν,
444 2359 673 2415 στρατηγῶνι
690 2357 740 2401 ὡς
771 2357 1008 2417 φευξόμενον
1035 2356 1105 2395 ἀπ’
1141 2356 1364 2414 Ἀρτεμισίου
1391 2359 1456 2412 pal
1480 2357 1531 2413 μὴ
1558 2371 1662 2403 περι-

131 2419 334 2461 μενουντα,
359 2418 495 2442 σκοπει
519 2407 603 2442 τίνα
630 2407 748 2450 δοξαν
773 2405 891 2452 εἶχεν·
927 2409 1071 2448 Ουτος
1098 2410 1175 2464 ‚mk
1222 2406 1405 2461 Simonidi
1430 2416 1664 2464 epigramma

131 2455 307 2539 3ᾞὲιέ
331 2454 829 2555 ’ὀῐῗὲἷῇἷοᾶἒῖῗλῖἓικῖᾗὶ
841 2458 942 2548 {tls
955 2454 1349 2547 (ἷοὲξςιιῖῗζξέῗῗὲζέι
1362 2466 1428 2536 ’ἕέ
1447 2466 1660 2547 ἕὲᾜῗῖἕῗέτ.

131 2549 199 2585 vll
231 2550 315 2594 348)
353 2550 464 2585 etiam
499 2548 570 2584 D=o
602 2548 787 2594 Cbrysost.
820 2548 994 2600 XXXVII
1025 2553 1111 2585 526:
1146 2547 1219 2584 ἔστι
1253 2547 1294 2584 δὲ
1333 2548 1397 2583 καὶ
1424 2546 1553 2593 ἕτερον
1581 2545 1660 2584 ἐπί-

131 2610 284 2652 γραμμα
298 2597 493 2651 Σιμφνίδῃ
515 2595 567 2636 είς
587 2592 705 2631 αὐτὸν
716 2593 785 2652 ,τὸν
801 2593 1009 2655 στρατηγὸν
1023 2594 1232 2653 ἐξαίρετονΙ·
1255 2590 1387 2650 οὗτος
1406 2598 1481 2631 κτλ.
1508 2595 1662 2650 Lenima

131 2646 412 2699 epigrammata
437 2655 475 2679 1n
492 2643 612 2698 nuth.
640 2642 694 2684 εἰς
719 2645 953 2689 Αδειμαντον
973 2656 1039 2679 τον
1066 2656 1252 2697 υπατικον
1278 2645 1411 2678 Vltlum
1431 2645 1660 2698 contraxlsse

130 2692 294 2728 videtur:
326 2692 521 2737 praecedit
550 2695 620 2726 346
653 2690 708 2732 εἰς
738 2692 907 2739 Σαβῖνον
940 2687 981 2726 ἐν
1015 2692 1205 2738 Κορίνθῳ,
1237 2692 1364 2735 itaque
1397 2691 1660 2736 comgendum

60 2777 63 2780 ,
131 2739 291 2776 arbitror
316 2738 371 2780 εἰς
395 2740 565 2787 Σαβῖνον
591 2735 669 2773 τὸν
696 2735 927 2774 ὑπατικόν
953 2739 991 2773 et
1017 2737 1070 2778 είς
1093 2735 1327 2783 Ἀδείμαντον
1356 2734 1403 2772 ἐν
1428 2739 1659 2787 Κορίνθῳ.

130 2786 216 2833 Ipsa
247 2786 414 2823 carmina
449 2786 545 2822 nihil
577 2786 838 2830 testificantur,
874 2785 939 2821 sed
970 2784 1108 2831 passim
1143 2784 1182 2819 in
1212 2784 1324 2820 Anth.
1357 2784 1548 2831 adscripta
1572 2788 1660 2823 sunt

132 2834 310 2870 lemmata
340 2834 513 2879 antiqua,
546 2844 641 2878 quae
667 2833 862 2869 commode
895 2832 1138 2879 suppeditant
1163 2832 1214 2876 id,
1240 2831 1340 2878 quod
1365 2834 1480 2878 poeta
1502 2844 1578 2870 non
1602 2833 1658 2871 in-

132 2880 280 2918 dicavit.
307 2901 350 2908 —-
380 2881 423 2917 V.
451 2885 482 2917 1.
509 2882 637 2917 κείνου
664 2892 736 2917 om.
762 2880 860 2918 Plut.
887 2901 930 2907 —
958 2874 1004 2916 οὗ
1029 2876 1094 2916 διὰ
1121 2877 1259 2927 βουλὰς
1283 2880 1394 2916 Anth.
1421 2879 1466 2925 (P
1485 2877 1550 2917 διὰ
1571 2882 1657 2930 βου-
