1864 3126
811 151 1088 191 SIMONIDES.
1626 152 1683 196 47
1692 154 1712 195 l

814 263 908 307 121.
943 263 1079 319 [177]

278 348 380 391 Τῶν
411 343 553 391 αὐτοῦ
583 362 650 398 τις
680 345 863 397 ἕκαστος
892 342 1215 403 ἀπολλυμένων
1247 343 1447 390 ἀνιᾶται·

333 415 582 461 Νικόδικον
614 415 664 461 δὲ
696 419 822 473 φίλοι
853 416 927 460 καὶ
959 414 1086 469 πόλις
1116 413 1198 473 ἥδε
1229 422 1375 462 ποθεῖ.

813 537 1080 591 122.[178]
1155 523 1159 527 ’

209 656 211 658 .
271 622 427 677 Χαίρει
458 635 539 675 τις,
570 617 808 677 Θεόδωρος
838 618 931 663 ἐπεὶ
962 617 1132 663 θάνον·
1164 616 1300 671 ἄλλος
1332 617 1400 664 ἐπ’
1436 614 1495 664 αὖ
1526 622 1586 681 τῷ

335 690 554 749 χαιρήσει·
585 690 770 752 θανάτῳ
802 688 965 743 πάντες
997 687 1285 747 ὀφειλόμεθα.

764 834 819 842 —
855 811 951 854 123.
985 811 1122 865 [1794

265 892 457 939 Ἐνθάδε
488 892 779 939 Πυθώνακτα
808 891 1083 950 κασίγνητόν
1113 909 1160 937 τε
1190 893 1404 937 κέκευθεν

269 1012 397 1060 Epigr.
427 1016 504 1049 121.
556 1012 667 1048 Anth.
694 1011 774 1048 Pal.
800 1011 870 1047 VII
896 1015 984 1048 302:
1020 1022 1111 1048 corr.
1144 1012 1428 1058 Σιμωνίδου·
1458 1010 1485 1048 C
1512 1011 1566 1054 εἰς
1591 1011 1710 1049 Νικό-

168 1062 293 1097 sanos«.
320 1081 365 1087 —
391 1060 435 1098 V.
464 1065 493 1096 1.
523 1056 641 1096 αὐτοῦ
669 1059 769 1105 cod.,
796 1056 914 1096 αὑτοῦ
941 1059 1046 1096 Plan.
1081 1081 1123 1086 —
1156 1059 1200 1095 V.
1227 1063 1259 1095 2.
1292 1061 1420 1096 ποθεῖ
1443 1059 1705 1096 Schneidewin

169 1108 378 1169 praeeunte
403 1106 609 1152 Brunckio,
641 1107 686 1143 cf.
714 1107 830 1153 epigr.
862 1107 902 1143 in
927 1117 1009 1150 eos,
1041 1106 1105 1152 qui
1132 1106 1181 1143 ad
1206 1105 1427 1144 Potidaeam
1454 1108 1709 1144 occubuerunt

170 1157 320 1200 ανδρας
344 1153 414 1202 μὲν
439 1153 548 1197 πόλις
571 1151 641 1201 ἥδε
668 1157 792 1201 ποθεῖ
819 1154 885 1191 καὶ
916 1154 1051 1201 δ(ῆμος
1074 1150 1310 1201 Ἐρεχθέως).
1349 1152 1445 1201 πόλη
1472 1155 1551 1192 cod.
1578 1155 1658 1192 Pal.
1685 1167 1709 1192 a

169 1212 220 1241 m.
245 1215 314 1251 pr„
339 1199 456 1249 πολλή
483 1215 507 1240 a
529 1215 579 1239 m.
606 1213 690 1247 sec„
716 1200 823 1238 κλάει
848 1202 966 1248 Plan.,
992 1199 1118 1238 Πόλαι
1142 1202 1284 1239 Iacobs.
1329 1202 1507 1246 Quamvis
1533 1203 1707 1240 dubitari*

169 1253 228 1289 ter
252 1253 377 1287 ποθεῖ
395 1250 531 1297 recepi,
557 1261 644 1286 nam
670 1249 827 1286 offendit
852 1251 972 1295 φίλων
1006 1249 1249 1295 desiderium,
1282 1250 1383 1296 quod
1415 1261 1499 1286 cum
1525 1263 1559 1287 v.
1588 1255 1605 1286 1
1632 1262 1707 1287 non

170 1298 263 1336 satis
289 1298 473 1343 convenit,
499 1298 734 1344 aptissimum
758 1298 859 1343 foret
876 1298 1089 1334 Νικοδίκου
1111 1296 1154 1334 δὲ
1174 1296 1286 1346 πόθῳ
1306 1298 1410 1334 πᾶσα
1429 1297 1567 1344 κε’κηδε
1588 1296 1706 1343 πόλις,

169 1347 215 1384 cf.
240 1346 346 1392 Tyrt.
374 1350 431 1392 12,
456 1349 518 1391 283
546 1357 662 1392 quare
693 1348 806 1382 antea
836 1345 978 1382 conieci
1011 1346 1271 1382 Νικοδίκου
1304 1346 1389 1391 (hoc
1421 1346 1536 1382 etiam
1563 1346 1705 1382 Salma-

169 1394 259 1440 sius)
285 1391 328 1430 δὲ
349 1395 453 1439 φίλοι
471 1392 537 1429 καὶ
562 1389 668 1434 πόλις
691 1388 756 1438 ἥδ’
787 1389 938 1438 ἐχάρη.
983 1394 1026 1428 ut
1051 1393 1100 1428 sit
1124 1392 1359 1439 epigramma
1383 1393 1430 1429 ad
1453 1393 1623 1440 Paeqnia
1647 1405 1704 1430 re-

167 1441 380 1484 ferendum3
413 1443 451 1477 et
484 1441 533 1476 ad
568 1441 728 1476 eundem
761 1440 915 1476 modum
946 1440 1121 1486 Hartung
1152 1440 1301 1494 scripsit
1329 1435 1448 1485 ἥδεθ’
1477 1435 1563 1486 ὅλη,
1595 1441 1707 1478 aliter

170 1488 392 1525 Heimsoeth
419 1485 629 1524 Νικόδικον
655 1516 662 1524 .
686 1516 694 1524 .
716 1516 723 1523 .
749 1481 842 1534 ἦγεν
869 1484 948 1534 ὅλη.
983 1508 1026 1514 -
1059 1488 1139 1524 Hoc
1171 1498 1407 1534 epigramma
1435 1488 1573 1534 aliquis
1597 1488 1705 1526 abro-

169 1536 320 1621 ἕΐίῐῗὲ
334 1535 997 1630 ἒὲῒέἐῗῑέῃῖῗέἃῖἰῖθξιῒὲξῗέἓ
1016 1534 1705 1630 {3113}ssssZ¹Ja{‘32{{{ffe⁰3·0⁶1?·2?83

634 1611 643 1627 ν
1199 1610 1208 1627 9
1604 1611 1612 1619 ·

168 1632 304 1679 postea
342 1630 493 1667 videtur
529 1631 710 1667 insertum
747 1641 843 1674 esse,
881 1640 925 1666 ac
961 1630 1171 1676 proximum
1203 1630 1318 1666 Anth.
1350 1629 1419 1665 VII
1445 1634 1514 1667 300
1546 1630 1702 1676 (Simon.

167 1690 226 1726 ep.
250 1679 332 1724 123)
358 1677 528 1724 quamvis
553 1677 844 1724 adpungendum
866 1677 1075 1714 existimem
1103 1680 1203 1714 certe
1230 1677 1433 1714 Simonidis
1459 1679 1610 1715 nomine
1637 1690 1702 1715 an-

167 1726 326 1772 tiquitus
350 1725 424 1762 fuit
449 1728 711 1772 propagatum.

261 1773 387 1820 Epigr.
423 1777 502 1809 122.
552 1773 667 1809 Anth.
699 1773 778 1809 Pal.
805 1773 838 1808 X
868 1776 951 1809 105:
984 1773 1032 1809 ab
1066 1772 1195 1809 eadem
1229 1785 1276 1808 m.
1310 1774 1589 1819 Σιμωνίδου.
1642 1785 1702 1820 ap.

167 1822 272 1858 Plan.
306 1823 364 1856 est
387 1817 542 1867 ἄδηλον.
574 1841 618 1847 -
645 1821 688 1857 V.
718 1825 749 1857 1.
786 1817 935 1865 θάνον,
968 1820 1141 1856 Meineke
1165 1818 1309 1866 θάνεν,
1334 1820 1461 1856 irritus
1488 1832 1510 1857 0
1537 1820 1629 1858 inor.
1658 1842 1701 1847 —

165 1863 216 1905 αὖ
235 1869 286 1917 τῷ
308 1868 491 1913 Meineke,
511 1868 709 1914 legebatur
727 1864 843 1916 αὐτῷ,
869 1879 965 1913 quae
984 1868 1133 1905 medela.
1151 1867 1268 1904 etiam
1286 1868 1379 1904 alibi
1398 1870 1456 1904 est
1475 1879 1498 1904 a
1527 1868 1701 1914 hibenda,

167 1917 272 1960 velut
296 1928 355 1962 ap.
382 1915 584 1952 Homerum
611 1916 678 1952 Od.
704 1918 735 1952 θ
760 1919 830 1952 682
862 1916 906 1951 οἴ
929 1928 968 1952 τε
995 1913 1154 1962 μάλιστα
1180 1913 1350 1962 κήδιστοι
1379 1914 1579 1952 τελέθουσι
1605 1915 1699 1962 μεθ’

165 1961 261 2011 αἷμά
287 1976 326 1999 τε
354 1963 420 1999 καὶ
444 1963 554 2009 γένος
578 1960 718 2009 αὐτῶν,
743 1963 807 1999 ubi
833 1963 985 2000 omnino
1011 1957 1068 1999 αὖ
1100 1964 1186 1999 τῶν
1218 1963 1500 2000 restituendum.
1530 1985 1574 1990 ——
1607 1963 1651 2000 V.
1680 1970 1700 2001 2

167 2011 296 2048 credat
326 2011 466 2056 aliquis
496 2010 656 2047 Horatio
688 2010 928 2047 obversatum
960 2022 1041 2047 esse
1068 2011 1145 2047 Art.
1177 2011 1281 2047 Poet.
1316 2015 1360 2047 62
1392 2012 1561 2048 debemur
1593 2014 1703 2048 morti

165 2070 231 2096 nos
255 2062 468 2105 nostraque,
501 2058 565 2104 qui
597 2057 799 2095 Simonidis
831 2058 998 2095 carmina
1028 2058 1242 2103 frequenter
1272 2061 1506 2103 versaverat,
1540 2060 1605 2095 sed
1638 2060 1700 2096 de-

163 2109 307 2143 cretum
345 2105 416 2142 hoo
447 2110 712 2153 pervagatum,
750 2106 887 2153 tragici
922 2106 1091 2152 inprimis
1130 2106 1395 2151 frequentant,
1434 2107 1539 2142 velut
1573 2107 1699 2153 Eurip.

162 2154 300 2191 Alcest.
325 2157 398 2190 433
423 2150 473 2194 ὥς
498 2154 613 2190 πᾶσιν
639 2151 729 2199 ἡμῖν
754 2156 967 2190 κατθανεῖν
993 2150 1202 2199 ὀφείλεται,
1234 2153 1336 2189 unde
1364 2156 1403 2190 et
1427 2154 1586 2200 parodia
1610 2154 1700 2191 lusit

162 2199 433 2248 Aristophanes
470 2200 617 2246 Polyidi
651 2200 696 2237 fr.
733 2206 750 2236 1
784 2202 823 2237 et
859 2200 1152 2246 interpolatione
1191 2212 1230 2236 se
1270 2200 1478 2237 insinuavit
1509 2201 1547 2236 in
1586 2200 1699 2247 Soph.

162 2248 351 2284 Electram
379 2252 482 2291 1473,
506 2250 550 2283 ut
573 2249 664 2284 olim
690 2248 812 2293 docui,
837 2250 877 2284 et
899 2249 1058 2284 iteratur
1082 2249 1120 2284 in
1146 2247 1269 2284 titulis
1293 2249 1550 2294 sepulcrorum
1571 2260 1699 2293 recen-

160 2294 402 2378 tibusi‘vegit
428 2294 536 2331 CIGr.
557 2295 609 2331 III
627 2295 710 2332 add.
732 2299 869 2332 3867111
895 2296 942 2332 de
968 2296 1126 2332 Plutone
1153 2291 1182 2343 ᾦ
1208 2295 1319 2341 χωρὶς
1349 2292 1530 2341 μακάρων
1556 2294 1699 2338 πάντες

163 2355 254 2388 οφει
277 2355 343 2388 ομε
378 2355 429 2379 α.-

258 2389 383 2436 Epigr.
414 2393 491 2425 123.
542 2390 655 2424 Anth.
682 2389 761 2425 Pal.
789 2389 855 2425 VII
883 2394 970 2426 300:
996 2402 1088 2427 corr.
1121 2391 1401 2436 Σιμωνίδου·
1429 2389 1456 2426 C
1483 2389 1537 2431 εἰς
1557 2388 1693 2427 Πυθό-

161 2450 281 2474 νακτα
313 2436 378 2472 καὶ
408 2433 474 2472 τὸν
505 2433 677 2482 ἀδελφὸν
707 2434 836 2473 αὐτοῦ.
894 2437 979 2473 Non
1010 2437 1178 2474 dubitavi
1211 2438 1282 2474 hoc
1314 2437 1548 2484 epigramma.
1586 2438 1696 2475 obelo

161 2485 362 2531 configere:
390 2494 509 2529 neque
534 2484 633 2519 enim
659 2484 808 2520 credere
832 2496 901 2530 par
921 2488 995 2530 est,
1021 2484 1270 2529 Simonidem,
1297 2484 1361 2530 qui
1386 2486 1424 2520 in
1450 2485 1584 2521 melico
1611 2496 1692 2522 car-

161 2531 262 2569 mine
286 2531 328 2568 fr.
357 2536 400 2568 57
427 2531 537 2577 plane
564 2530 784 2575 ostenderit,
815 2543 929 2577 qnam
953 2531 1106 2578 fragilia
1137 2533 1214 2568 sint
1243 2533 1484 2568 monumenta
1515 2533 1554 2568 et
1585 2532 1692 2569 Cleo-

161 2580 304 2624 bulum‚
323 2579 382 2615 cui
403 2590 508 2615 secus
527 2578 659 2623 visum,
678 2578 845 2624 graviter
863 2579 1145 2625 reprehenderit
1164 2581 1304 2625 (μωροῦ
1319 2577 1445 2624 φωτὸς
1457 2576 1527 2615 ἅδε
1543 2578 1695 2627 βουλά),

160 2627 199 2663 in
230 2626 501 2674 epigrammate
533 2625 696 2672 lapidem
728 2626 873 2662 tumulo
910 2626 1127 2672 impositum
1158 2638 1233 2662 non
1271 2626 1508 2662 interiturum
1543 2627 1694 2673 (μνῆμα

160 2671 376 2719 ἀθάνατον)
401 2672 570 2718 edixisse,
597 2684 692 2718 quae
719 2674 875 2710 adversa
898 2672 1021 2710 fronte
1041 2673 1139 2710 inter
1157 2684 1195 2709 se
1216 2678 1402 2720 pugnant3
1428 2685 1516 2710 sane
1542 2674 1691 2712 variant

158 2721 299 2758 iudicia
321 2721 532 2765 hominum,
563 2719 718 2766 diesque
743 2721 862 2757 multa
886 2720 1014 2765 docet,
1046 2720 1112 2756 sed
1143 2721 1204 2756 vel
1228 2720 1446 2757 adolescens
1472 2723 1586 2766 poeta
1611 2732 1686 2758 non

158 2769 252 2806 adeo
283 2780 406 2824 rerum
435 2769 682 2804 humanarum
714 2767 908 2823 imperitus
939 2769 1037 2811 erat,
1070 2769 1112 2822 ut
1136 2767 1453 2822 quemadmodum
1477 2769 1607 2822 rhetor
1634 2769 1689 2806 in-

158 2815 658 2908 }Ei?01?1¹1¹e‘,¹¹⁵}3¹⁵i102²¹1'33¹1¹3
684 2814 1691 2907 325b33111¹⁰23¹13t3ztt1330sami,223130328523

161 2910 287 2947 Attico
310 2911 423 2947 titulo
449 2909 558 2948 CIGr.
587 2911 600 2945 l
629 2913 695 2946 ⁷4⁷
723 2906 856 2946 εἰκόνα
880 2906 991 2955 τήνδ’
1018 2906 1214 2956 ἀνέθηκεν
1243 2938 1249 2945 .
1272 2939 1278 2946 .
1300 2938 1308 2946 .
1329 2907 1572 2958 μνημοσύνην
1596 2913 1690 2958 θνη-
