<?xml version="1.0" encoding="UTF-8"?>
<!DOCTYPE html PUBLIC "-//W3C//DTD XHTML 1.0 Transitional//EN"
    "http://www.w3.org/TR/xhtml1/DTD/xhtml1-transitional.dtd">
<html xmlns="http://www.w3.org/1999/xhtml" xml:lang="en" lang="en">
 <head>
  <title>
</title>
<meta http-equiv="Content-Type" content="text/html;charset=utf-8" />
  <meta name='ocr-system' content='tesseract 3.04.00' />
  <meta name='ocr-capabilities' content='ocr_page ocr_carea ocr_par ocr_line ocrx_word'/>
</head>
<body>
  <div class='ocr_page' id='page_1' title='image "./poetaelyricigrae03berguoft_0516.png"; bbox 0 0 1864 3126; ppageno 0'>
   <div class='ocr_carea' id='block_1_1' title="bbox 171 186 1128 231">
    <p class='ocr_par' dir='ltr' id='par_1_1' title="bbox 171 186 1128 231">
     <span class='ocr_line' id='line_1_1' title="bbox 171 186 1128 231; baseline 0.006 -8"><span class='ocrx_word' id='word_1_1' title='bbox 171 186 260 231; x_wconf 77' lang='grc'><strong>506</strong></span> <span class='ocrx_word' id='word_1_2' title='bbox 731 190 924 227; x_wconf 83' lang='grc' dir='ltr'><strong>ΡΟΕΤΑΕ</strong></span> <span class='ocrx_word' id='word_1_3' title='bbox 951 190 1128 229; x_wconf 83' lang='lat' dir='ltr'>MELICL</span> 
     </span>
    </p>
   </div>
   <div class='ocr_carea' id='block_1_2' title="bbox 263 301 1691 510">
    <p class='ocr_par' dir='ltr' id='par_1_2' title="bbox 263 301 1691 510">
     <span class='ocr_line' id='line_1_2' title="bbox 803 301 1691 355; baseline 0.003 -13"><span class='ocrx_word' id='word_1_4' title='bbox 803 301 897 343; x_wconf 88' lang='lat'>170.</span> <span class='ocrx_word' id='word_1_5' title='bbox 929 301 1064 355; x_wconf 66' lang='lat'>[229]</span> <span class='ocrx_word' id='word_1_6' title='bbox 1602 311 1691 345; x_wconf 84' lang='lat'>1181</span> 
     </span>
     <span class='ocr_line' id='line_1_3' title="bbox 269 359 1658 440; baseline 0.004 -18"><span class='ocrx_word' id='word_1_7' title='bbox 269 378 434 422; x_wconf 82' lang='grc' dir='ltr'><strong><em>Μοῦσά</em></strong></span> <span class='ocrx_word' id='word_1_8' title='bbox 465 396 541 432; x_wconf 84' lang='grc' dir='ltr'><strong><em>μοι</em></strong></span> <span class='ocrx_word' id='word_1_9' title='bbox 571 378 812 437; x_wconf 82' lang='grc' dir='ltr'><strong><em>Ἀλκμήνης</em></strong></span> <span class='ocrx_word' id='word_1_10' title='bbox 841 381 1150 440; x_wconf 66' lang='grc' dir='ltr'><strong><em>καλλισφύρου</em></strong></span> <span class='ocrx_word' id='word_1_11' title='bbox 1179 380 1283 426; x_wconf 74' lang='grc' dir='ltr'><strong><em>υἱὸν</em></strong></span> <span class='ocrx_word' id='word_1_12' title='bbox 1314 380 1451 426; x_wconf 76' lang='grc' dir='ltr'><strong><em>ἄειδε·</em></strong></span> <span class='ocrx_word' id='word_1_13' title='bbox 1646 359 1658 365; x_wconf 26' lang='grc'><strong>1</strong></span> 
     </span>
     <span class='ocr_line' id='line_1_4' title="bbox 263 447 1447 510; baseline 0.004 -18"><span class='ocrx_word' id='word_1_14' title='bbox 263 447 367 493; x_wconf 79' lang='grc' dir='ltr'><strong><em>υἱὸν</em></strong></span> <span class='ocrx_word' id='word_1_15' title='bbox 396 447 638 508; x_wconf 80' lang='grc' dir='ltr'><strong><em>Ἀλκμήνης</em></strong></span> <span class='ocrx_word' id='word_1_16' title='bbox 670 450 790 495; x_wconf 76' lang='grc' dir='ltr'><strong><em>ἄειδε</em></strong></span> <span class='ocrx_word' id='word_1_17' title='bbox 824 451 990 496; x_wconf 82' lang='grc' dir='ltr'><strong><em>Μοῦσά</em></strong></span> <span class='ocrx_word' id='word_1_18' title='bbox 1022 469 1098 509; x_wconf 93' lang='grc' dir='ltr'><strong><em>μοι</em></strong></span> <span class='ocrx_word' id='word_1_19' title='bbox 1127 452 1447 510; x_wconf 78' lang='grc' dir='ltr'><strong><em>καλλισφύρου.</em></strong></span> 
     </span>
    </p>
   </div>
   <div class='ocr_carea' id='block_1_3' title="bbox 270 572 1412 711">
    <p class='ocr_par' dir='ltr' id='par_1_3' title="bbox 270 572 1412 711">
     <span class='ocr_line' id='line_1_5' title="bbox 803 572 1065 626; baseline 0.004 -12"><span class='ocrx_word' id='word_1_20' title='bbox 803 572 896 615; x_wconf 81' lang='lat'><strong>171.</strong></span> <span class='ocrx_word' id='word_1_21' title='bbox 930 572 1065 626; x_wconf 65' lang='lat'>[288]</span> 
     </span>
     <span class='ocr_line' id='line_1_6' title="bbox 270 648 1412 711; baseline 0.003 -16"><span class='ocrx_word' id='word_1_22' title='bbox 270 648 388 696; x_wconf 74' lang='grc' dir='ltr'><strong><em>Οὐδὲ</em></strong></span> <span class='ocrx_word' id='word_1_23' title='bbox 419 650 506 709; x_wconf 76' lang='grc' dir='ltr'><strong>γὰρ</strong></span> <span class='ocrx_word' id='word_1_24' title='bbox 539 650 638 697; x_wconf 81' lang='grc' dir='ltr'><strong><em>οὐδ’</em></strong></span> <span class='ocrx_word' id='word_1_25' title='bbox 674 651 807 711; x_wconf 79' lang='grc' dir='ltr'><em>εὐρύς</em></span> <span class='ocrx_word' id='word_1_26' title='bbox 838 668 918 711; x_wconf 82' lang='grc' dir='ltr'><strong>περ</strong></span> <span class='ocrx_word' id='word_1_27' title='bbox 951 652 1039 698; x_wconf 78' lang='grc' dir='ltr'><strong><em>ἐὼν</em></strong></span> <span class='ocrx_word' id='word_1_28' title='bbox 1071 653 1232 707; x_wconf 81' lang='grc' dir='ltr'><strong><em>ἐξίκετο</em></strong></span> <span class='ocrx_word' id='word_1_29' title='bbox 1265 656 1412 711; x_wconf 78' lang='grc' dir='ltr'><strong>δεῦρο.</strong></span> 
     </span>
    </p>
   </div>
   <div class='ocr_carea' id='block_1_4' title="bbox 266 772 1471 913">
    <p class='ocr_par' dir='ltr' id='par_1_4' title="bbox 266 772 1471 913">
     <span class='ocr_line' id='line_1_7' title="bbox 799 772 1062 826; baseline 0.004 -12"><span class='ocrx_word' id='word_1_30' title='bbox 799 772 895 816; x_wconf 79' lang='grc'><strong>172.</strong></span> <span class='ocrx_word' id='word_1_31' title='bbox 928 772 1062 826; x_wconf 84' lang='grc'><strong>[230.]</strong></span> 
     </span>
     <span class='ocr_line' id='line_1_8' title="bbox 266 851 1471 913; baseline 0.002 -16"><span class='ocrx_word' id='word_1_32' title='bbox 266 852 532 910; x_wconf 82' lang='grc' dir='ltr'><strong><em>Μιξονόμου</em></strong></span> <span class='ocrx_word' id='word_1_33' title='bbox 563 871 608 898; x_wconf 82' lang='grc' dir='ltr'><strong>τε</strong></span> <span class='ocrx_word' id='word_1_34' title='bbox 639 853 783 912; x_wconf 77' lang='grc' dir='ltr'><strong><em>πατὴρ</em></strong></span> <span class='ocrx_word' id='word_1_35' title='bbox 817 855 976 912; x_wconf 81' lang='grc' dir='ltr'><strong><em>ἐρίφου</em></strong></span> <span class='ocrx_word' id='word_1_36' title='bbox 1006 851 1080 898; x_wconf 78' lang='grc' dir='ltr'><strong>καὶ</strong></span> <span class='ocrx_word' id='word_1_37' title='bbox 1112 855 1307 911; x_wconf 79' lang='grc' dir='ltr'><strong><em>σχέτλιος</em></strong></span> <span class='ocrx_word' id='word_1_38' title='bbox 1339 854 1471 913; x_wconf 81' lang='grc' dir='ltr'><em>ἰχθύς</em></span> 
     </span>
    </p>
   </div>
   <div class='ocr_carea' id='block_1_5' title="bbox 167 971 1696 1729">
    <p class='ocr_par' dir='ltr' id='par_1_5' title="bbox 167 971 1696 1729">
     <span class='ocr_line' id='line_1_9' title="bbox 169 971 1694 1026; baseline 0.001 -18"><span class='ocrx_word' id='word_1_39' title='bbox 169 971 397 1017; x_wconf 73' lang='lat' dir='ltr'><strong>poematium</strong></span> <span class='ocrx_word' id='word_1_40' title='bbox 412 972 592 1009; x_wconf 87' lang='lat' dir='ltr'><strong>Simonidi</strong></span> <span class='ocrx_word' id='word_1_41' title='bbox 605 973 773 1026; x_wconf 81' lang='lat' dir='ltr'><strong>abrogat.</strong></span> <span class='ocrx_word' id='word_1_42' title='bbox 800 972 1001 1009; x_wconf 84' lang='lat' dir='ltr'>Simonidis</span> <span class='ocrx_word' id='word_1_43' title='bbox 1017 973 1228 1019; x_wconf 88' lang='lat' dir='ltr'><strong>exemplum</strong></span> <span class='ocrx_word' id='word_1_44' title='bbox 1241 972 1308 1009; x_wconf 85' lang='lat' dir='ltr'><strong>alii</strong></span> <span class='ocrx_word' id='word_1_45' title='bbox 1322 974 1440 1009; x_wconf 89' lang='lat' dir='ltr'><strong>secuti</strong></span> <span class='ocrx_word' id='word_1_46' title='bbox 1453 974 1549 1018; x_wconf 87' lang='lat' dir='ltr'><strong>sunt,</strong></span> <span class='ocrx_word' id='word_1_47' title='bbox 1565 973 1694 1010; x_wconf 80' lang='grc'><strong>011113</strong></span> 
     </span>
     <span class='ocr_line' id='line_1_10' title="bbox 167 1020 1696 1074; baseline 0.001 -19"><span class='ocrx_word' id='word_1_48' title='bbox 167 1031 280 1065; x_wconf 87' lang='lat' dir='ltr'><strong>gorae</strong></span> <span class='ocrx_word' id='word_1_49' title='bbox 300 1020 373 1055; x_wconf 91' lang='lat' dir='ltr'><strong>duo</strong></span> <span class='ocrx_word' id='word_1_50' title='bbox 393 1020 613 1074; x_wconf 85' lang='lat' dir='ltr'><strong>epitaphia</strong></span> <span class='ocrx_word' id='word_1_51' title='bbox 602 1032 642 1055; x_wconf 88' lang='lat' dir='ltr'><strong>m</strong></span> <span class='ocrx_word' id='word_1_52' title='bbox 661 1020 870 1056; x_wconf 80' lang='grc' dir='ltr'><strong><em>Εὐνικίδαν</em></strong></span> <span class='ocrx_word' id='word_1_53' title='bbox 888 1020 1063 1066; x_wconf 88' lang='lat' dir='ltr'><strong>leguntur</strong></span> <span class='ocrx_word' id='word_1_54' title='bbox 1074 1020 1188 1057; x_wconf 91' lang='lat' dir='ltr'><strong>Anth.</strong></span> <span class='ocrx_word' id='word_1_55' title='bbox 1202 1021 1278 1056; x_wconf 90' lang='lat' dir='ltr'><strong>Pal.</strong></span> <span class='ocrx_word' id='word_1_56' title='bbox 1294 1021 1363 1056; x_wconf 93' lang='lat' dir='ltr'><strong>VII</strong></span> <span class='ocrx_word' id='word_1_57' title='bbox 1376 1024 1445 1056; x_wconf 89' lang='lat'><strong>380</strong></span> <span class='ocrx_word' id='word_1_58' title='bbox 1459 1022 1499 1057; x_wconf 89' lang='lat' dir='ltr'><strong>et</strong></span> <span class='ocrx_word' id='word_1_59' title='bbox 1511 1025 1579 1057; x_wconf 83' lang='grc'><strong>401</strong></span> <span class='ocrx_word' id='word_1_60' title='bbox 1594 1022 1696 1066; x_wconf 89' lang='grc'><strong>(113111</strong></span> 
     </span>
     <span class='ocr_line' id='line_1_11' title="bbox 169 1064 1694 1114; baseline 0.002 -12"><span class='ocrx_word' id='word_1_61' title='bbox 169 1066 344 1103; x_wconf 84' lang='lat' dir='ltr'><strong>vitiosam</strong></span> <span class='ocrx_word' id='word_1_62' title='bbox 359 1067 581 1113; x_wconf 73' lang='lat' dir='ltr'><strong>scripturam</strong></span> <span class='ocrx_word' id='word_1_63' title='bbox 590 1064 796 1103; x_wconf 80' lang='grc' dir='ltr'><strong><em>Εὐνιδίκου</em></strong></span> <span class='ocrx_word' id='word_1_64' title='bbox 810 1070 910 1103; x_wconf 87' lang='lat' dir='ltr'><strong>recte</strong></span> <span class='ocrx_word' id='word_1_65' title='bbox 925 1065 1463 1113; x_wconf 70' lang='grc' dir='ltr'><strong>60610111Β1011011,Εὖνικίδου</strong></span> <span class='ocrx_word' id='word_1_66' title='bbox 1479 1067 1694 1114; x_wconf 57' lang='lat' dir='ltr'><strong>corrigens),</strong></span> 
     </span>
     <span class='ocr_line' id='line_1_12' title="bbox 169 1115 1696 1160; baseline 0.002 -11"><span class='ocrx_word' id='word_1_67' title='bbox 169 1126 280 1159; x_wconf 90' lang='lat' dir='ltr'><strong>quem</strong></span> <span class='ocrx_word' id='word_1_68' title='bbox 306 1115 404 1150; x_wconf 90' lang='lat' dir='ltr'><strong>haud</strong></span> <span class='ocrx_word' id='word_1_69' title='bbox 431 1115 542 1151; x_wconf 91' lang='lat' dir='ltr'><strong>dubie</strong></span> <span class='ocrx_word' id='word_1_70' title='bbox 562 1116 687 1150; x_wconf 87' lang='lat' dir='ltr'><strong>vivum</strong></span> <span class='ocrx_word' id='word_1_71' title='bbox 713 1115 932 1160; x_wconf 81' lang='lat' dir='ltr'><strong>perstrinxit</strong></span> <span class='ocrx_word' id='word_1_72' title='bbox 955 1115 1042 1151; x_wconf 89' lang='lat' dir='ltr'><strong>ficto</strong></span> <span class='ocrx_word' id='word_1_73' title='bbox 1068 1116 1219 1160; x_wconf 89' lang='lat' dir='ltr'><strong>quidem</strong></span> <span class='ocrx_word' id='word_1_74' title='bbox 1243 1115 1410 1160; x_wconf 90' lang='lat' dir='ltr'><strong>nomine,</strong></span> <span class='ocrx_word' id='word_1_75' title='bbox 1437 1115 1502 1152; x_wconf 90' lang='lat' dir='ltr'><strong>sed</strong></span> <span class='ocrx_word' id='word_1_76' title='bbox 1526 1117 1570 1151; x_wconf 91' lang='lat' dir='ltr'><strong>ut</strong></span> <span class='ocrx_word' id='word_1_77' title='bbox 1593 1115 1696 1152; x_wconf 75' lang='lat' dir='ltr'><strong>haud</strong></span> 
     </span>
     <span class='ocr_line' id='line_1_13' title="bbox 169 1162 1694 1208; baseline 0.002 -12"><span class='ocrx_word' id='word_1_78' title='bbox 169 1162 303 1197; x_wconf 88' lang='lat' dir='ltr'><strong>lateret</strong></span> <span class='ocrx_word' id='word_1_79' title='bbox 333 1162 525 1207; x_wconf 81' lang='lat' dir='ltr'><strong>aequales,</strong></span> <span class='ocrx_word' id='word_1_80' title='bbox 564 1173 673 1207; x_wconf 89' lang='lat' dir='ltr'><strong>quem</strong></span> <span class='ocrx_word' id='word_1_81' title='bbox 703 1165 817 1207; x_wconf 87' lang='lat' dir='ltr'><strong>poeta</strong></span> <span class='ocrx_word' id='word_1_82' title='bbox 853 1162 992 1197; x_wconf 86' lang='lat' dir='ltr'><strong>derisui</strong></span> <span class='ocrx_word' id='word_1_83' title='bbox 1023 1162 1214 1198; x_wconf 88' lang='lat' dir='ltr'><strong>habuerit:</strong></span> <span class='ocrx_word' id='word_1_84' title='bbox 1252 1164 1420 1208; x_wconf 86' lang='lat' dir='ltr'><strong>suspicor</strong></span> <span class='ocrx_word' id='word_1_85' title='bbox 1451 1174 1535 1199; x_wconf 90' lang='lat' dir='ltr'><strong>eum</strong></span> <span class='ocrx_word' id='word_1_86' title='bbox 1565 1163 1694 1200; x_wconf 87' lang='lat' dir='ltr'><strong>iecisse</strong></span> 
     </span>
     <span class='ocr_line' id='line_1_14' title="bbox 170 1208 1695 1255; baseline 0.001 -11"><span class='ocrx_word' id='word_1_87' title='bbox 170 1209 261 1244; x_wconf 86' lang='lat' dir='ltr'><strong>haec</strong></span> <span class='ocrx_word' id='word_1_88' title='bbox 281 1209 320 1244; x_wconf 93' lang='lat' dir='ltr'><strong>in</strong></span> <span class='ocrx_word' id='word_1_89' title='bbox 338 1208 485 1245; x_wconf 84' lang='lat' dir='ltr'><strong>Niciam</strong></span> <span class='ocrx_word' id='word_1_90' title='bbox 506 1210 632 1253; x_wconf 89' lang='lat' dir='ltr'><strong>Coum,</strong></span> <span class='ocrx_word' id='word_1_91' title='bbox 658 1210 722 1254; x_wconf 83' lang='lat' dir='ltr'><strong>qui</strong></span> <span class='ocrx_word' id='word_1_92' title='bbox 742 1221 787 1245; x_wconf 85' lang='lat' dir='ltr'><strong>ex</strong></span> <span class='ocrx_word' id='word_1_93' title='bbox 811 1209 1020 1246; x_wconf 84' lang='lat' dir='ltr'><strong>litteratore</strong></span> <span class='ocrx_word' id='word_1_94' title='bbox 1046 1210 1166 1246; x_wconf 89' lang='lat' dir='ltr'><strong>factus</strong></span> <span class='ocrx_word' id='word_1_95' title='bbox 1191 1211 1248 1245; x_wconf 89' lang='lat' dir='ltr'><strong>est</strong></span> <span class='ocrx_word' id='word_1_96' title='bbox 1271 1210 1416 1255; x_wconf 86' lang='lat' dir='ltr'><strong>patriae</strong></span> <span class='ocrx_word' id='word_1_97' title='bbox 1442 1210 1622 1254; x_wconf 83' lang='lat' dir='ltr'><strong>dominus,</strong></span> <span class='ocrx_word' id='word_1_98' title='bbox 1649 1211 1695 1246; x_wconf 89' lang='lat' dir='ltr'><strong>de</strong></span> 
     </span>
     <span class='ocr_line' id='line_1_15' title="bbox 170 1237 1696 1294; baseline 0.003 -4"><span class='ocrx_word' id='word_1_99' title='bbox 170 1268 316 1291; x_wconf 84' lang='lat' dir='ltr'><strong>summa</strong></span> <span class='ocrx_word' id='word_1_100' title='bbox 340 1267 462 1292; x_wconf 87' lang='lat' dir='ltr'><strong>rerum</strong></span> <span class='ocrx_word' id='word_1_101' title='bbox 489 1268 572 1292; x_wconf 85' lang='lat' dir='ltr'><strong>cum</strong></span> <span class='ocrx_word' id='word_1_102' title='bbox 593 1237 843 1292; x_wconf 86' lang='lat' dir='ltr'><strong>Theomnesto</strong></span> <span class='ocrx_word' id='word_1_103' title='bbox 868 1258 1010 1292; x_wconf 89' lang='lat' dir='ltr'><strong>musico</strong></span> <span class='ocrx_word' id='word_1_104' title='bbox 1036 1257 1274 1293; x_wconf 81' lang='lat' dir='ltr'><strong>contendens,</strong></span> <span class='ocrx_word' id='word_1_105' title='bbox 1320 1257 1437 1292; x_wconf 90' lang='lat' dir='ltr'><strong>Huius</strong></span> <span class='ocrx_word' id='word_1_106' title='bbox 1462 1257 1592 1293; x_wconf 84' lang='lat' dir='ltr'><strong>Niciae</strong></span> <span class='ocrx_word' id='word_1_107' title='bbox 1617 1258 1696 1294; x_wconf 82' lang='lat' dir='ltr'><strong>vita</strong></span> 
     </span>
     <span class='ocr_line' id='line_1_16' title="bbox 167 1304 1693 1350; baseline 0.001 -12"><span class='ocrx_word' id='word_1_108' title='bbox 167 1304 334 1339; x_wconf 87' lang='lat' dir='ltr'><strong>defuncti</strong></span> <span class='ocrx_word' id='word_1_109' title='bbox 359 1315 484 1339; x_wconf 87' lang='lat' dir='ltr'><strong>casum</strong></span> <span class='ocrx_word' id='word_1_110' title='bbox 518 1304 738 1350; x_wconf 86' lang='lat' dir='ltr'><strong>Crinagoras</strong></span> <span class='ocrx_word' id='word_1_111' title='bbox 771 1304 990 1349; x_wconf 82' lang='lat' dir='ltr'><strong>perstrinxit</strong></span> <span class='ocrx_word' id='word_1_112' title='bbox 1014 1304 1089 1339; x_wconf 86' lang='lat' dir='ltr'><strong>alio</strong></span> <span class='ocrx_word' id='word_1_113' title='bbox 1121 1304 1390 1349; x_wconf 85' lang='lat' dir='ltr'><strong>epigrammate</strong></span> <span class='ocrx_word' id='word_1_114' title='bbox 1421 1304 1535 1340; x_wconf 89' lang='lat' dir='ltr'><strong>Anth.</strong></span> <span class='ocrx_word' id='word_1_115' title='bbox 1570 1305 1609 1341; x_wconf 90' lang='lat' dir='ltr'><strong>P.</strong></span> <span class='ocrx_word' id='word_1_116' title='bbox 1643 1305 1693 1340; x_wconf 90' lang='lat' dir='ltr'><strong>lX</strong></span> 
     </span>
     <span class='ocr_line' id='line_1_17' title="bbox 168 1350 1695 1397; baseline 0.002 -12"><span class='ocrx_word' id='word_1_117' title='bbox 168 1354 226 1389; x_wconf 92' lang='grc'><strong>81</strong></span> <span class='ocrx_word' id='word_1_118' title='bbox 261 1350 358 1386; x_wconf 90' lang='lat' dir='ltr'><strong>unde</strong></span> <span class='ocrx_word' id='word_1_119' title='bbox 383 1351 651 1396; x_wconf 84' lang='lat' dir='ltr'><strong>Mitylenaeum</strong></span> <span class='ocrx_word' id='word_1_120' title='bbox 677 1362 760 1387; x_wconf 89' lang='lat' dir='ltr'><strong>cum</strong></span> <span class='ocrx_word' id='word_1_121' title='bbox 787 1350 861 1386; x_wconf 90' lang='lat' dir='ltr'><strong>Coo</strong></span> <span class='ocrx_word' id='word_1_122' title='bbox 887 1352 1090 1387; x_wconf 87' lang='lat' dir='ltr'><strong>exercuisse</strong></span> <span class='ocrx_word' id='word_1_123' title='bbox 1115 1351 1332 1387; x_wconf 89' lang='lat' dir='ltr'><strong>inimicitias</strong></span> <span class='ocrx_word' id='word_1_124' title='bbox 1364 1353 1538 1397; x_wconf 82' lang='lat' dir='ltr'><strong>apparet,</strong></span> <span class='ocrx_word' id='word_1_125' title='bbox 1576 1363 1695 1397; x_wconf 88' lang='lat' dir='ltr'><strong>neque</strong></span> 
     </span>
     <span class='ocr_line' id='line_1_18' title="bbox 168 1391 1695 1444; baseline 0.002 -12"><span class='ocrx_word' id='word_1_126' title='bbox 168 1391 267 1433; x_wconf 88' lang='lat' dir='ltr'><strong>enim</strong></span> <span class='ocrx_word' id='word_1_127' title='bbox 293 1398 589 1434; x_wconf 74' lang='lat' dir='ltr'><strong>demonstrativa</strong></span> <span class='ocrx_word' id='word_1_128' title='bbox 614 1399 778 1437; x_wconf 87' lang='lat' dir='ltr'><strong>carmina</strong></span> <span class='ocrx_word' id='word_1_129' title='bbox 803 1397 972 1434; x_wconf 84' lang='lat' dir='ltr'><strong>condidit</strong></span> <span class='ocrx_word' id='word_1_130' title='bbox 1003 1397 1233 1444; x_wconf 85' lang='lat' dir='ltr'><strong>Crinagoras.</strong></span> <span class='ocrx_word' id='word_1_131' title='bbox 1283 1399 1398 1434; x_wconf 86' lang='lat' dir='ltr'><strong>Extat</strong></span> <span class='ocrx_word' id='word_1_132' title='bbox 1427 1399 1466 1434; x_wconf 94' lang='lat' dir='ltr'><strong>in</strong></span> <span class='ocrx_word' id='word_1_133' title='bbox 1497 1398 1617 1435; x_wconf 85' lang='lat' dir='ltr'><strong>insula</strong></span> <span class='ocrx_word' id='word_1_134' title='bbox 1642 1399 1695 1435; x_wconf 87' lang='lat' dir='ltr'><strong>Co</strong></span> 
     </span>
     <span class='ocr_line' id='line_1_19' title="bbox 171 1445 1695 1502; baseline 0.001 -22"><span class='ocrx_word' id='word_1_135' title='bbox 171 1445 315 1490; x_wconf 89' lang='lat' dir='ltr'><strong>titulus,</strong></span> <span class='ocrx_word' id='word_1_136' title='bbox 334 1446 374 1481; x_wconf 91' lang='lat' dir='ltr'><strong>in</strong></span> <span class='ocrx_word' id='word_1_137' title='bbox 395 1457 468 1491; x_wconf 87' lang='lat' dir='ltr'><strong>quo</strong></span> <span class='ocrx_word' id='word_1_138' title='bbox 487 1446 596 1481; x_wconf 88' lang='lat' dir='ltr'><strong>huius</strong></span> <span class='ocrx_word' id='word_1_139' title='bbox 616 1445 746 1482; x_wconf 87' lang='lat' dir='ltr'><strong>Niciae</strong></span> <span class='ocrx_word' id='word_1_140' title='bbox 766 1447 808 1481; x_wconf 90' lang='lat' dir='ltr'><strong>fit</strong></span> <span class='ocrx_word' id='word_1_141' title='bbox 827 1445 979 1490; x_wconf 89' lang='lat' dir='ltr'><strong>mentio,</strong></span> <span class='ocrx_word' id='word_1_142' title='bbox 1001 1457 1110 1502; x_wconf 90' lang='lat' dir='ltr'><strong>quem</strong></span> <span class='ocrx_word' id='word_1_143' title='bbox 1130 1446 1300 1481; x_wconf 86' lang='lat' dir='ltr'><strong>Britanni</strong></span> <span class='ocrx_word' id='word_1_144' title='bbox 1318 1445 1459 1491; x_wconf 88' lang='lat' dir='ltr'><strong>publici</strong></span> <span class='ocrx_word' id='word_1_145' title='bbox 1483 1446 1574 1482; x_wconf 88' lang='lat' dir='ltr'><strong>iuris</strong></span> <span class='ocrx_word' id='word_1_146' title='bbox 1597 1447 1695 1482; x_wconf 86' lang='lat' dir='ltr'><strong>fece-</strong></span> 
     </span>
     <span class='ocr_line' id='line_1_20' title="bbox 168 1475 1695 1539; baseline 0.002 -12"><span class='ocrx_word' id='word_1_147' title='bbox 168 1493 264 1528; x_wconf 88' lang='lat' dir='ltr'><strong>1·.unt</strong></span> <span class='ocrx_word' id='word_1_148' title='bbox 305 1514 347 1519; x_wconf 91' lang='lat'><strong>—</strong></span> <span class='ocrx_word' id='word_1_149' title='bbox 388 1494 430 1528; x_wconf 92' lang='lat' dir='ltr'><strong>V.</strong></span> <span class='ocrx_word' id='word_1_150' title='bbox 469 1498 499 1530; x_wconf 93' lang='lat'><strong>1.</strong></span> <span class='ocrx_word' id='word_1_151' title='bbox 537 1491 654 1529; x_wconf 81' lang='grc' dir='ltr'><strong><em>πολλὰ</em></strong></span> <span class='ocrx_word' id='word_1_152' title='bbox 687 1490 820 1538; x_wconf 77' lang='grc' dir='ltr'><strong><em>φαγὼν</em></strong></span> <span class='ocrx_word' id='word_1_153' title='bbox 851 1493 916 1528; x_wconf 84' lang='grc' dir='ltr'><strong>καὶ</strong></span> <span class='ocrx_word' id='word_1_154' title='bbox 952 1475 1069 1528; x_wconf 77' lang='grc' dir='ltr'><strong><em>πολλὰ</em></strong></span> <span class='ocrx_word' id='word_1_155' title='bbox 1107 1490 1203 1528; x_wconf 76' lang='grc' dir='ltr'><strong><em>πιών</em></strong></span> <span class='ocrx_word' id='word_1_156' title='bbox 1240 1493 1361 1538; x_wconf 87' lang='lat' dir='ltr'><strong>Plan.</strong></span> <span class='ocrx_word' id='word_1_157' title='bbox 1400 1494 1499 1538; x_wconf 91' lang='lat' dir='ltr'><strong>quod</strong></span> <span class='ocrx_word' id='word_1_158' title='bbox 1537 1494 1695 1539; x_wconf 85' lang='lat' dir='ltr'><strong>restitui,</strong></span> 
     </span>
     <span class='ocr_line' id='line_1_21' title="bbox 168 1539 1694 1586; baseline 0.001 -11"><span class='ocrx_word' id='word_1_159' title='bbox 168 1540 468 1586; x_wconf 84' lang='lat' dir='ltr'><strong>quandoquidem</strong></span> <span class='ocrx_word' id='word_1_160' title='bbox 498 1541 596 1576; x_wconf 91' lang='lat' dir='ltr'><strong>hunc</strong></span> <span class='ocrx_word' id='word_1_161' title='bbox 633 1542 830 1576; x_wconf 86' lang='lat' dir='ltr'><strong>verborum</strong></span> <span class='ocrx_word' id='word_1_162' title='bbox 863 1540 1031 1576; x_wconf 91' lang='lat' dir='ltr'><strong>ordinem</strong></span> <span class='ocrx_word' id='word_1_163' title='bbox 1060 1539 1276 1576; x_wconf 89' lang='lat' dir='ltr'><strong>Athenaeus</strong></span> <span class='ocrx_word' id='word_1_164' title='bbox 1308 1541 1561 1585; x_wconf 84' lang='lat' dir='ltr'><strong>commendat,</strong></span> <span class='ocrx_word' id='word_1_165' title='bbox 1599 1540 1694 1577; x_wconf 80' lang='lat' dir='ltr'><strong>adde</strong></span> 
     </span>
     <span class='ocr_line' id='line_1_22' title="bbox 169 1584 1693 1633; baseline 0.001 -11"><span class='ocrx_word' id='word_1_166' title='bbox 169 1588 322 1623; x_wconf 73' lang='lat' dir='ltr'><strong>Homeri</strong></span> <span class='ocrx_word' id='word_1_167' title='bbox 347 1600 493 1624; x_wconf 90' lang='lat' dir='ltr'><strong>versum</strong></span> <span class='ocrx_word' id='word_1_168' title='bbox 518 1589 591 1623; x_wconf 77' lang='grc' dir='ltr'><strong><em>τῶν</em></strong></span> <span class='ocrx_word' id='word_1_169' title='bbox 619 1585 764 1633; x_wconf 75' lang='grc' dir='ltr'><strong><em>ἔφαγόν</em></strong></span> <span class='ocrx_word' id='word_1_170' title='bbox 790 1584 824 1623; x_wconf 92' lang='grc' dir='ltr'><strong>τ’</strong></span> <span class='ocrx_word' id='word_1_171' title='bbox 854 1585 962 1623; x_wconf 78' lang='grc' dir='ltr'><strong><em>ἔπιόν</em></strong></span> <span class='ocrx_word' id='word_1_172' title='bbox 988 1601 1026 1623; x_wconf 79' lang='grc' dir='ltr'><strong>τε</strong></span> <span class='ocrx_word' id='word_1_173' title='bbox 1055 1587 1119 1623; x_wconf 84' lang='grc' dir='ltr'><strong>καὶ</strong></span> <span class='ocrx_word' id='word_1_174' title='bbox 1144 1587 1344 1623; x_wconf 82' lang='grc' dir='ltr'><strong><em>αἰδοίοισιν</em></strong></span> <span class='ocrx_word' id='word_1_175' title='bbox 1366 1587 1500 1632; x_wconf 75' lang='grc' dir='ltr'><strong><em>ἔδωκα,</em></strong></span> <span class='ocrx_word' id='word_1_176' title='bbox 1521 1588 1559 1624; x_wconf 90' lang='lat' dir='ltr'><strong>in</strong></span> <span class='ocrx_word' id='word_1_177' title='bbox 1580 1588 1693 1624; x_wconf 78' lang='lat' dir='ltr'><strong>Anth.</strong></span> 
     </span>
     <span class='ocr_line' id='line_1_23' title="bbox 168 1632 1694 1682; baseline 0.001 -12"><span class='ocrx_word' id='word_1_178' title='bbox 168 1637 206 1670; x_wconf 76' lang='lat' dir='ltr'><strong>et</strong></span> <span class='ocrx_word' id='word_1_179' title='bbox 231 1635 318 1670; x_wconf 90' lang='lat' dir='ltr'><strong>Ath.</strong></span> <span class='ocrx_word' id='word_1_180' title='bbox 357 1633 474 1671; x_wconf 79' lang='grc' dir='ltr'><strong><em>πολλὰ</em></strong></span> <span class='ocrx_word' id='word_1_181' title='bbox 512 1633 608 1671; x_wconf 85' lang='grc' dir='ltr'><strong><em>πιών</em></strong></span> <span class='ocrx_word' id='word_1_182' title='bbox 647 1635 711 1671; x_wconf 84' lang='grc' dir='ltr'><strong>καὶ</strong></span> <span class='ocrx_word' id='word_1_183' title='bbox 748 1632 864 1671; x_wconf 79' lang='grc' dir='ltr'><strong><em>πολλὰ</em></strong></span> <span class='ocrx_word' id='word_1_184' title='bbox 900 1633 1035 1681; x_wconf 78' lang='grc' dir='ltr'><strong><em>φαγών</em></strong></span> <span class='ocrx_word' id='word_1_185' title='bbox 1072 1635 1218 1681; x_wconf 88' lang='lat' dir='ltr'><strong>legitur.</strong></span> <span class='ocrx_word' id='word_1_186' title='bbox 1247 1656 1290 1661; x_wconf 92' lang='lat'><strong>—</strong></span> <span class='ocrx_word' id='word_1_187' title='bbox 1316 1635 1360 1671; x_wconf 93' lang='lat' dir='ltr'><strong>V.</strong></span> <span class='ocrx_word' id='word_1_188' title='bbox 1387 1640 1419 1670; x_wconf 83' lang='lat'><strong>2.</strong></span> <span class='ocrx_word' id='word_1_189' title='bbox 1453 1632 1694 1682; x_wconf 81' lang='grc' dir='ltr'><strong><em>ανθρωπους,</em></strong></span> 
     </span>
     <span class='ocr_line' id='line_1_24' title="bbox 169 1680 609 1729; baseline 0.002 -12"><span class='ocrx_word' id='word_1_190' title='bbox 169 1680 609 1729; x_wconf 76' lang='grc' dir='ltr'><strong>0011.Ρ31.ανθρωποις.</strong></span> 
     </span>
    </p>
   </div>
   <div class='ocr_carea' id='block_1_6' title="bbox 168 1742 1692 1895">
    <p class='ocr_par' dir='ltr' id='par_1_6' title="bbox 168 1742 1692 1895">
     <span class='ocr_line' id='line_1_25' title="bbox 262 1742 1692 1812; baseline 0.001 -12"><span class='ocrx_word' id='word_1_191' title='bbox 262 1765 390 1811; x_wconf 86' lang='lat' dir='ltr'><strong>Epigr.</strong></span> <span class='ocrx_word' id='word_1_192' title='bbox 413 1770 491 1802; x_wconf 82' lang='lat'><strong>170.</strong></span> <span class='ocrx_word' id='word_1_193' title='bbox 535 1766 648 1802; x_wconf 89' lang='lat' dir='ltr'><strong>Anth.</strong></span> <span class='ocrx_word' id='word_1_194' title='bbox 668 1766 747 1802; x_wconf 86' lang='lat' dir='ltr'><strong>Pal.</strong></span> <span class='ocrx_word' id='word_1_195' title='bbox 767 1765 854 1801; x_wconf 90' lang='lat' dir='ltr'>XIII</span> <span class='ocrx_word' id='word_1_196' title='bbox 874 1770 929 1803; x_wconf 88' lang='lat'><strong>30.</strong></span> <span class='ocrx_word' id='word_1_197' title='bbox 956 1767 1242 1812; x_wconf 83' lang='grc' dir='ltr'><strong><em>Σιμωνίδου·</em></strong></span> <span class='ocrx_word' id='word_1_198' title='bbox 1269 1764 1297 1803; x_wconf 66' lang='grc' dir='ltr'><strong>ς’</strong></span> <span class='ocrx_word' id='word_1_199' title='bbox 1328 1778 1416 1812; x_wconf 83' lang='grc' dir='ltr'><strong><em>μετρ</em></strong></span> <span class='ocrx_word' id='word_1_200' title='bbox 1442 1765 1506 1801; x_wconf 86' lang='grc' dir='ltr'><strong>καὶ</strong></span> <span class='ocrx_word' id='word_1_201' title='bbox 1526 1742 1592 1803; x_wconf 52' lang='lat' dir='ltr'><strong>ovqt</strong></span> <span class='ocrx_word' id='word_1_202' title='bbox 1610 1780 1692 1812; x_wconf 80' lang='grc' dir='ltr'><strong><em>τρο·</em></strong></span> 
     </span>
     <span class='ocr_line' id='line_1_26' title="bbox 168 1826 1692 1895; baseline 0.001 -12"><span class='ocrx_word' id='word_1_203' title='bbox 168 1826 256 1893; x_wconf 58' lang='grc' dir='ltr'><strong><em>χαὶῼκ</em></strong></span> <span class='ocrx_word' id='word_1_204' title='bbox 288 1827 497 1894; x_wconf 55' lang='grc' dir='ltr'><strong><em>πεντάμεέρ</em></strong></span> <span class='ocrx_word' id='word_1_205' title='bbox 529 1862 627 1884; x_wconf 81' lang='grc' dir='ltr'><strong><em>κατα</em></strong></span> <span class='ocrx_word' id='word_1_206' title='bbox 658 1827 816 1894; x_wconf 66' lang='grc' dir='ltr'><strong><em>μτεθεσιν</em></strong></span> <span class='ocrx_word' id='word_1_207' title='bbox 848 1850 915 1895; x_wconf 82' lang='grc' dir='ltr'><strong>τῆς</strong></span> <span class='ocrx_word' id='word_1_208' title='bbox 945 1848 1088 1891; x_wconf 79' lang='grc' dir='ltr'><strong>λέξεως.</strong></span> <span class='ocrx_word' id='word_1_209' title='bbox 1117 1869 1161 1874; x_wconf 89' lang='lat'><strong>-—</strong></span> <span class='ocrx_word' id='word_1_210' title='bbox 1188 1849 1232 1885; x_wconf 92' lang='lat' dir='ltr'><strong>V.</strong></span> <span class='ocrx_word' id='word_1_211' title='bbox 1261 1852 1278 1883; x_wconf 92' lang='lat'>1</span> <span class='ocrx_word' id='word_1_212' title='bbox 1306 1849 1345 1884; x_wconf 84' lang='lat' dir='ltr'><strong>et</strong></span> <span class='ocrx_word' id='word_1_213' title='bbox 1369 1853 1401 1884; x_wconf 83' lang='lat'><strong>2.</strong></span> <span class='ocrx_word' id='word_1_214' title='bbox 1437 1846 1692 1894; x_wconf 80' lang='grc' dir='ltr'><strong><em>καλλισφύρου</em></strong></span> 
     </span>
    </p>
   </div>
   <div class='ocr_carea' id='block_1_7' title="bbox 166 1895 1705 2805">
    <p class='ocr_par' dir='ltr' id='par_1_7' title="bbox 167 1895 1693 2131">
     <span class='ocr_line' id='line_1_27' title="bbox 168 1895 1692 1941; baseline 0.001 -11"><span class='ocrx_word' id='word_1_215' title='bbox 168 1896 298 1940; x_wconf 85' lang='lat' dir='ltr'><strong>vulgo,</strong></span> <span class='ocrx_word' id='word_1_216' title='bbox 325 1896 390 1931; x_wconf 85' lang='lat' dir='ltr'><strong>sed</strong></span> <span class='ocrx_word' id='word_1_217' title='bbox 412 1897 488 1932; x_wconf 88' lang='lat' dir='ltr'><strong>cod.</strong></span> <span class='ocrx_word' id='word_1_218' title='bbox 511 1896 587 1932; x_wconf 90' lang='lat' dir='ltr'><strong>Pal.</strong></span> <span class='ocrx_word' id='word_1_219' title='bbox 614 1898 878 1940; x_wconf 80' lang='grc' dir='ltr'><strong><em>καλλίσφυρον.</em></strong></span> <span class='ocrx_word' id='word_1_220' title='bbox 919 1895 1127 1931; x_wconf 89' lang='lat' dir='ltr'><strong>Simonides</strong></span> <span class='ocrx_word' id='word_1_221' title='bbox 1152 1896 1222 1931; x_wconf 90' lang='lat' dir='ltr'><strong>hoc</strong></span> <span class='ocrx_word' id='word_1_222' title='bbox 1247 1895 1437 1941; x_wconf 87' lang='lat' dir='ltr'><strong>poematio</strong></span> <span class='ocrx_word' id='word_1_223' title='bbox 1457 1895 1692 1932; x_wconf 86' lang='lat' dir='ltr'><strong>Timocreon-</strong></span> 
     </span>
     <span class='ocr_line' id='line_1_28' title="bbox 167 1942 1691 1989; baseline 0.001 -12"><span class='ocrx_word' id='word_1_224' title='bbox 167 1944 244 1978; x_wconf 91' lang='lat' dir='ltr'><strong>tem</strong></span> <span class='ocrx_word' id='word_1_225' title='bbox 270 1942 422 1988; x_wconf 85' lang='lat' dir='ltr'><strong>derisit,</strong></span> <span class='ocrx_word' id='word_1_226' title='bbox 450 1944 509 1979; x_wconf 91' lang='grc'><strong>001</strong></span> <span class='ocrx_word' id='word_1_227' title='bbox 534 1943 599 1978; x_wconf 87' lang='grc'><strong>1116</strong></span> <span class='ocrx_word' id='word_1_228' title='bbox 625 1943 812 1989; x_wconf 83' lang='lat' dir='ltr'><strong>rescripsit</strong></span> <span class='ocrx_word' id='word_1_229' title='bbox 837 1944 880 1980; x_wconf 89' lang='lat' dir='ltr'><strong>fr.</strong></span> <span class='ocrx_word' id='word_1_230' title='bbox 903 1948 965 1988; x_wconf 88' lang='lat'><strong>10,</strong></span> <span class='ocrx_word' id='word_1_231' title='bbox 992 1943 1055 1978; x_wconf 89' lang='lat' dir='ltr'><strong>sed</strong></span> <span class='ocrx_word' id='word_1_232' title='bbox 1080 1943 1274 1988; x_wconf 88' lang='lat' dir='ltr'><strong>utriusque</strong></span> <span class='ocrx_word' id='word_1_233' title='bbox 1300 1942 1475 1978; x_wconf 86' lang='lat' dir='ltr'><strong>carminis</strong></span> <span class='ocrx_word' id='word_1_234' title='bbox 1501 1943 1691 1979; x_wconf 85' lang='lat' dir='ltr'><strong>exordium</strong></span> 
     </span>
     <span class='ocr_line' id='line_1_29' title="bbox 171 1990 1693 2035; baseline 0.001 -10"><span class='ocrx_word' id='word_1_235' title='bbox 171 1991 288 2025; x_wconf 90' lang='lat' dir='ltr'><strong>solum</strong></span> <span class='ocrx_word' id='word_1_236' title='bbox 318 1992 437 2034; x_wconf 79' lang='lat' dir='ltr'><strong>extat3</strong></span> <span class='ocrx_word' id='word_1_237' title='bbox 470 1990 666 2035; x_wconf 84' lang='lat' dir='ltr'><strong>descripsit</strong></span> <span class='ocrx_word' id='word_1_238' title='bbox 690 1990 738 2035; x_wconf 90' lang='lat' dir='ltr'><strong>is,</strong></span> <span class='ocrx_word' id='word_1_239' title='bbox 770 1990 835 2035; x_wconf 88' lang='lat' dir='ltr'><strong>qui</strong></span> <span class='ocrx_word' id='word_1_240' title='bbox 860 1990 1104 2035; x_wconf 87' lang='lat' dir='ltr'><strong>anthologion</strong></span> <span class='ocrx_word' id='word_1_241' title='bbox 1135 1990 1388 2033; x_wconf 84' lang='lat' dir='ltr'><strong>concinnavit,</strong></span> <span class='ocrx_word' id='word_1_242' title='bbox 1415 2001 1460 2025; x_wconf 86' lang='lat' dir='ltr'><strong>ex</strong></span> <span class='ocrx_word' id='word_1_243' title='bbox 1485 1991 1581 2026; x_wconf 90' lang='lat' dir='ltr'><strong>libro</strong></span> <span class='ocrx_word' id='word_1_244' title='bbox 1606 1991 1693 2035; x_wconf 79' lang='grc' dir='ltr'><strong>πἐρὶ</strong></span> 
     </span>
     <span class='ocr_line' id='line_1_30' title="bbox 168 2035 1691 2083; baseline 0.001 -11"><span class='ocrx_word' id='word_1_245' title='bbox 168 2035 324 2082; x_wconf 83' lang='grc' dir='ltr'><strong><em>μέτρων,</em></strong></span> <span class='ocrx_word' id='word_1_246' title='bbox 344 2037 408 2072; x_wconf 90' lang='lat' dir='ltr'><strong>ubi</strong></span> <span class='ocrx_word' id='word_1_247' title='bbox 428 2037 691 2083; x_wconf 86' lang='lat' dir='ltr'><strong>antiquissima</strong></span> <span class='ocrx_word' id='word_1_248' title='bbox 710 2039 803 2073; x_wconf 87' lang='lat' dir='ltr'><strong>haec</strong></span> <span class='ocrx_word' id='word_1_249' title='bbox 821 2037 1093 2083; x_wconf 87' lang='lat' dir='ltr'><strong>reciprocorum</strong></span> <span class='ocrx_word' id='word_1_250' title='bbox 1112 2048 1285 2072; x_wconf 87' lang='lat' dir='ltr'><strong>versuum</strong></span> <span class='ocrx_word' id='word_1_251' title='bbox 1297 2037 1357 2083; x_wconf 88' lang='lat' dir='ltr'><strong>(cf.</strong></span> <span class='ocrx_word' id='word_1_252' title='bbox 1372 2037 1464 2074; x_wconf 84' lang='lat' dir='ltr'><strong>Mar.</strong></span> <span class='ocrx_word' id='word_1_253' title='bbox 1480 2037 1574 2073; x_wconf 87' lang='lat' dir='ltr'><strong>Vict.</strong></span> <span class='ocrx_word' id='word_1_254' title='bbox 1589 2037 1638 2073; x_wconf 85' lang='grc' dir='ltr'><strong>ΙΙΙ</strong></span> <span class='ocrx_word' id='word_1_255' title='bbox 1655 2040 1691 2082; x_wconf 83' lang='grc'><strong>’1)</strong></span> 
     </span>
     <span class='ocr_line' id='line_1_31' title="bbox 170 2084 1691 2131; baseline 0.001 -12"><span class='ocrx_word' id='word_1_256' title='bbox 170 2085 342 2129; x_wconf 80' lang='lat' dir='ltr'><strong>exempla</strong></span> <span class='ocrx_word' id='word_1_257' title='bbox 366 2084 556 2131; x_wconf 88' lang='lat' dir='ltr'><strong>adscripta</strong></span> <span class='ocrx_word' id='word_1_258' title='bbox 580 2086 697 2120; x_wconf 90' lang='lat' dir='ltr'><strong>erant.</strong></span> <span class='ocrx_word' id='word_1_259' title='bbox 745 2085 890 2120; x_wconf 89' lang='lat' dir='ltr'><strong>Primus</strong></span> <span class='ocrx_word' id='word_1_260' title='bbox 921 2087 964 2120; x_wconf 88' lang='lat' dir='ltr'><strong>ut</strong></span> <span class='ocrx_word' id='word_1_261' title='bbox 995 2084 1144 2120; x_wconf 83' lang='lat' dir='ltr'><strong>videtur</strong></span> <span class='ocrx_word' id='word_1_262' title='bbox 1174 2086 1304 2120; x_wconf 85' lang='lat' dir='ltr'><strong>auctor</strong></span> <span class='ocrx_word' id='word_1_263' title='bbox 1327 2085 1482 2129; x_wconf 86' lang='lat' dir='ltr'><strong>puerilis</strong></span> <span class='ocrx_word' id='word_1_264' title='bbox 1507 2084 1609 2120; x_wconf 84' lang='lat' dir='ltr'><strong>lusus</strong></span> <span class='ocrx_word' id='word_1_265' title='bbox 1635 2084 1691 2120; x_wconf 90' lang='lat' dir='ltr'><strong>Si-</strong></span> 
     </span>
    </p>

    <p class='ocr_par' dir='ltr' id='par_1_8' title="bbox 166 2131 1691 2273">
     <span class='ocr_line' id='line_1_32' title="bbox 168 2131 1691 2178; baseline 0.001 -12"><span class='ocrx_word' id='word_1_266' title='bbox 168 2131 354 2178; x_wconf 86' lang='lat' dir='ltr'><strong>monides,</strong></span> <span class='ocrx_word' id='word_1_267' title='bbox 386 2143 507 2178; x_wconf 88' lang='lat' dir='ltr'><strong>neque</strong></span> <span class='ocrx_word' id='word_1_268' title='bbox 533 2143 622 2168; x_wconf 85' lang='lat' dir='ltr'><strong>vero</strong></span> <span class='ocrx_word' id='word_1_269' title='bbox 647 2133 841 2178; x_wconf 79' lang='lat' dir='ltr'><strong>pueriliter</strong></span> <span class='ocrx_word' id='word_1_270' title='bbox 865 2132 1054 2177; x_wconf 86' lang='lat' dir='ltr'><strong>adhibuit,</strong></span> <span class='ocrx_word' id='word_1_271' title='bbox 1093 2132 1156 2167; x_wconf 87' lang='lat' dir='ltr'><strong>sed</strong></span> <span class='ocrx_word' id='word_1_272' title='bbox 1194 2134 1236 2167; x_wconf 90' lang='lat' dir='ltr'><strong>ut</strong></span> <span class='ocrx_word' id='word_1_273' title='bbox 1272 2131 1459 2167; x_wconf 86' lang='lat' dir='ltr'><strong>derideret</strong></span> <span class='ocrx_word' id='word_1_274' title='bbox 1489 2131 1691 2167; x_wconf 78' lang='lat' dir='ltr'><strong>adversarii</strong></span> 
     </span>
     <span class='ocr_line' id='line_1_33' title="bbox 166 2178 1691 2226; baseline 0.001 -12"><span class='ocrx_word' id='word_1_275' title='bbox 166 2181 353 2226; x_wconf 89' lang='lat' dir='ltr'><strong>poemata,</strong></span> <span class='ocrx_word' id='word_1_276' title='bbox 382 2180 655 2225; x_wconf 89' lang='lat' dir='ltr'><strong>reprehendens</strong></span> <span class='ocrx_word' id='word_1_277' title='bbox 686 2179 841 2215; x_wconf 88' lang='lat' dir='ltr'><strong>nimiam</strong></span> <span class='ocrx_word' id='word_1_278' title='bbox 865 2180 1063 2215; x_wconf 87' lang='lat' dir='ltr'><strong>verborum</strong></span> <span class='ocrx_word' id='word_1_279' title='bbox 1101 2178 1265 2225; x_wconf 87' lang='lat' dir='ltr'><strong>copiam,</strong></span> <span class='ocrx_word' id='word_1_280' title='bbox 1302 2189 1415 2224; x_wconf 84' lang='lat' dir='ltr'><strong>quam</strong></span> <span class='ocrx_word' id='word_1_281' title='bbox 1447 2178 1560 2215; x_wconf 83' lang='lat' dir='ltr'><strong>etiam</strong></span> <span class='ocrx_word' id='word_1_282' title='bbox 1592 2190 1691 2215; x_wconf 88' lang='grc'><strong>110110</strong></span> 
     </span>
     <span class='ocr_line' id='line_1_34' title="bbox 167 2208 1689 2273; baseline 0 -11"><span class='ocrx_word' id='word_1_283' title='bbox 167 2208 353 2272; x_wconf 87' lang='lat' dir='ltr'><strong>reliquiae</strong></span> <span class='ocrx_word' id='word_1_284' title='bbox 367 2229 539 2273; x_wconf 87' lang='lat' dir='ltr'><strong>arguunt,</strong></span> <span class='ocrx_word' id='word_1_285' title='bbox 566 2229 606 2263; x_wconf 92' lang='lat' dir='ltr'><strong>et</strong></span> <span class='ocrx_word' id='word_1_286' title='bbox 629 2225 747 2270; x_wconf 81' lang='grc' dir='ltr'><strong><em>λέξεις</em></strong></span> <span class='ocrx_word' id='word_1_287' title='bbox 771 2238 847 2263; x_wconf 88' lang='grc'><strong>11011</strong></span> <span class='ocrx_word' id='word_1_288' title='bbox 873 2225 962 2262; x_wconf 88' lang='lat' dir='ltr'><strong>satis</strong></span> <span class='ocrx_word' id='word_1_289' title='bbox 981 2227 1175 2262; x_wconf 86' lang='lat' dir='ltr'><strong>commode</strong></span> <span class='ocrx_word' id='word_1_290' title='bbox 1195 2226 1436 2272; x_wconf 84' lang='lat' dir='ltr'><strong>compositas,</strong></span> <span class='ocrx_word' id='word_1_291' title='bbox 1462 2237 1552 2271; x_wconf 81' lang='lat' dir='ltr'><strong>quas</strong></span> <span class='ocrx_word' id='word_1_292' title='bbox 1573 2227 1689 2262; x_wconf 89' lang='lat' dir='ltr'><strong>Simo-</strong></span> 
     </span>
    </p>

    <p class='ocr_par' dir='ltr' id='par_1_9' title="bbox 166 2273 1705 2556">
     <span class='ocr_line' id='line_1_35' title="bbox 166 2273 1688 2320; baseline 0.001 -12"><span class='ocrx_word' id='word_1_293' title='bbox 166 2273 271 2309; x_wconf 88' lang='lat' dir='ltr'><strong>nides</strong></span> <span class='ocrx_word' id='word_1_294' title='bbox 302 2276 344 2310; x_wconf 92' lang='lat' dir='ltr'><strong>ut</strong></span> <span class='ocrx_word' id='word_1_295' title='bbox 372 2273 579 2320; x_wconf 89' lang='lat' dir='ltr'><strong>pavimenti</strong></span> <span class='ocrx_word' id='word_1_296' title='bbox 609 2276 768 2310; x_wconf 87' lang='lat' dir='ltr'><strong>tesseras</strong></span> <span class='ocrx_word' id='word_1_297' title='bbox 794 2274 1001 2310; x_wconf 83' lang='lat' dir='ltr'><strong>arctissima</strong></span> <span class='ocrx_word' id='word_1_298' title='bbox 1025 2273 1298 2310; x_wconf 87' lang='lat' dir='ltr'><strong>necessitudine</strong></span> <span class='ocrx_word' id='word_1_299' title='bbox 1324 2274 1547 2319; x_wconf 84' lang='lat' dir='ltr'><strong>coniungere</strong></span> <span class='ocrx_word' id='word_1_300' title='bbox 1582 2274 1688 2318; x_wconf 85' lang='lat' dir='ltr'><strong>solet,</strong></span> 
     </span>
     <span class='ocr_line' id='line_1_36' title="bbox 167 2319 1705 2367; baseline 0.001 -11"><span class='ocrx_word' id='word_1_301' title='bbox 167 2321 266 2356; x_wconf 86' lang='lat' dir='ltr'><strong>idem</strong></span> <span class='ocrx_word' id='word_1_302' title='bbox 305 2321 488 2367; x_wconf 86' lang='lat' dir='ltr'><strong>quidquid</strong></span> <span class='ocrx_word' id='word_1_303' title='bbox 525 2333 796 2367; x_wconf 84' lang='lat' dir='ltr'><strong>supervacuum</strong></span> <span class='ocrx_word' id='word_1_304' title='bbox 834 2323 906 2364; x_wconf 87' lang='lat' dir='ltr'><strong>est,</strong></span> <span class='ocrx_word' id='word_1_305' title='bbox 945 2322 1074 2357; x_wconf 89' lang='lat' dir='ltr'><strong>sedulo</strong></span> <span class='ocrx_word' id='word_1_306' title='bbox 1108 2322 1290 2367; x_wconf 84' lang='lat' dir='ltr'><strong>segregat.</strong></span> <span class='ocrx_word' id='word_1_307' title='bbox 1351 2321 1522 2356; x_wconf 86' lang='lat' dir='ltr'><strong>Herculis</strong></span> <span class='ocrx_word' id='word_1_308' title='bbox 1553 2319 1705 2357; x_wconf 77' lang='lat' dir='ltr'><strong>mentio&#39;</strong></span> 
     </span>
     <span class='ocr_line' id='line_1_37' title="bbox 167 2368 1690 2415; baseline 0 -12"><span class='ocrx_word' id='word_1_309' title='bbox 167 2369 310 2404; x_wconf 87' lang='lat' dir='ltr'><strong>nullam</strong></span> <span class='ocrx_word' id='word_1_310' title='bbox 341 2369 456 2406; x_wconf 85' lang='lat' dir='ltr'><strong>habet</strong></span> <span class='ocrx_word' id='word_1_311' title='bbox 490 2369 729 2405; x_wconf 88' lang='lat' dir='ltr'><strong>offensionem</strong></span> <span class='ocrx_word' id='word_1_312' title='bbox 759 2369 798 2404; x_wconf 91' lang='lat' dir='ltr'><strong>in</strong></span> <span class='ocrx_word' id='word_1_313' title='bbox 833 2369 1123 2415; x_wconf 87' lang='lat' dir='ltr'><strong>epigrammate,</strong></span> <span class='ocrx_word' id='word_1_314' title='bbox 1154 2368 1254 2414; x_wconf 84' lang='lat' dir='ltr'><strong>quod</strong></span> <span class='ocrx_word' id='word_1_315' title='bbox 1283 2368 1470 2404; x_wconf 86' lang='lat' dir='ltr'><strong>Rhodium</strong></span> <span class='ocrx_word' id='word_1_316' title='bbox 1501 2368 1690 2404; x_wconf 89' lang='lat' dir='ltr'><strong>hominem</strong></span> 
     </span>
     <span class='ocr_line' id='line_1_38' title="bbox 167 2415 1686 2462; baseline 0 -12"><span class='ocrx_word' id='word_1_317' title='bbox 167 2417 398 2461; x_wconf 89' lang='lat' dir='ltr'><strong>eundemque</strong></span> <span class='ocrx_word' id='word_1_318' title='bbox 423 2416 746 2461; x_wconf 88' lang='lat' dir='ltr'><strong>quinquertionem</strong></span> <span class='ocrx_word' id='word_1_319' title='bbox 779 2417 955 2462; x_wconf 85' lang='lat' dir='ltr'><strong>exagitat.</strong></span> <span class='ocrx_word' id='word_1_320' title='bbox 1005 2416 1104 2451; x_wconf 90' lang='lat' dir='ltr'><strong>Male</strong></span> <span class='ocrx_word' id='word_1_321' title='bbox 1131 2415 1387 2452; x_wconf 88' lang='lat' dir='ltr'><strong>Schneidewin</strong></span> <span class='ocrx_word' id='word_1_322' title='bbox 1413 2415 1548 2451; x_wconf 87' lang='lat' dir='ltr'><strong>abusus</strong></span> <span class='ocrx_word' id='word_1_323' title='bbox 1574 2415 1686 2451; x_wconf 87' lang='lat' dir='ltr'><strong>schol.</strong></span> 
     </span>
     <span class='ocr_line' id='line_1_39' title="bbox 167 2462 1688 2508; baseline 0.001 -11"><span class='ocrx_word' id='word_1_324' title='bbox 167 2463 356 2508; x_wconf 87' lang='lat' dir='ltr'><strong>Aristoph</strong></span> <span class='ocrx_word' id='word_1_325' title='bbox 383 2464 475 2501; x_wconf 85' lang='lat' dir='ltr'><strong>Ran.</strong></span> <span class='ocrx_word' id='word_1_326' title='bbox 503 2468 612 2508; x_wconf 89' lang='grc'><strong>1302,</strong></span> <span class='ocrx_word' id='word_1_327' title='bbox 648 2464 751 2499; x_wconf 88' lang='lat' dir='ltr'><strong>cuius</strong></span> <span class='ocrx_word' id='word_1_328' title='bbox 777 2464 882 2499; x_wconf 88' lang='lat' dir='ltr'><strong>nulla</strong></span> <span class='ocrx_word' id='word_1_329' title='bbox 906 2465 964 2498; x_wconf 92' lang='lat' dir='ltr'><strong>est</strong></span> <span class='ocrx_word' id='word_1_330' title='bbox 988 2463 1202 2506; x_wconf 68' lang='lat' dir='ltr'><strong>auctoritas,</strong></span> <span class='ocrx_word' id='word_1_331' title='bbox 1229 2464 1459 2499; x_wconf 82' lang='lat' dir='ltr'><strong>commentus</strong></span> <span class='ocrx_word' id='word_1_332' title='bbox 1485 2463 1542 2498; x_wconf 75' lang='lat' dir='ltr'><strong>est</strong></span> <span class='ocrx_word' id='word_1_333' title='bbox 1566 2462 1688 2498; x_wconf 83' lang='lat' dir='ltr'><strong>&#39;Pimo-</strong></span> 
     </span>
     <span class='ocr_line' id='line_1_40' title="bbox 168 2508 1686 2556; baseline -0.001 -10"><span class='ocrx_word' id='word_1_334' title='bbox 168 2512 356 2547; x_wconf 87' lang='lat' dir='ltr'><strong>creontem</strong></span> <span class='ocrx_word' id='word_1_335' title='bbox 380 2512 527 2556; x_wconf 88' lang='lat' dir='ltr'><strong>epicum</strong></span> <span class='ocrx_word' id='word_1_336' title='bbox 553 2523 701 2547; x_wconf 87' lang='lat' dir='ltr'><strong>carmen</strong></span> <span class='ocrx_word' id='word_1_337' title='bbox 720 2511 766 2546; x_wconf 89' lang='lat' dir='ltr'><strong>de</strong></span> <span class='ocrx_word' id='word_1_338' title='bbox 786 2510 954 2547; x_wconf 86' lang='lat' dir='ltr'><strong>Herculis</strong></span> <span class='ocrx_word' id='word_1_339' title='bbox 979 2510 1168 2547; x_wconf 88' lang='lat' dir='ltr'><strong>laboribus</strong></span> <span class='ocrx_word' id='word_1_340' title='bbox 1195 2510 1395 2556; x_wconf 84' lang='lat' dir='ltr'><strong>scripsisse,</strong></span> <span class='ocrx_word' id='word_1_341' title='bbox 1423 2509 1528 2545; x_wconf 88' lang='lat' dir='ltr'><strong>cuius</strong></span> <span class='ocrx_word' id='word_1_342' title='bbox 1551 2508 1686 2555; x_wconf 87' lang='lat' dir='ltr'><strong>princi-</strong></span> 
     </span>
    </p>

    <p class='ocr_par' dir='ltr' id='par_1_10' title="bbox 168 2557 714 2603">
     <span class='ocr_line' id='line_1_41' title="bbox 168 2557 714 2603; baseline 0.002 -11"><span class='ocrx_word' id='word_1_343' title='bbox 168 2558 269 2603; x_wconf 90' lang='lat' dir='ltr'><strong>pium</strong></span> <span class='ocrx_word' id='word_1_344' title='bbox 296 2557 503 2594; x_wconf 87' lang='lat' dir='ltr'><strong>Simonides</strong></span> <span class='ocrx_word' id='word_1_345' title='bbox 529 2558 714 2594; x_wconf 87' lang='lat' dir='ltr'><strong>asciverit.</strong></span> 
     </span>
    </p>

    <p class='ocr_par' dir='ltr' id='par_1_11' title="bbox 167 2601 1688 2792">
     <span class='ocr_line' id='line_1_42' title="bbox 264 2601 1686 2664; baseline -0.001 -25"><span class='ocrx_word' id='word_1_346' title='bbox 264 2604 497 2664; x_wconf 80' lang='lat' dir='ltr'><strong>Epigr.171.</strong></span> <span class='ocrx_word' id='word_1_347' title='bbox 541 2606 676 2642; x_wconf 88' lang='lat' dir='ltr'><strong>Athen.</strong></span> <span class='ocrx_word' id='word_1_348' title='bbox 704 2605 789 2641; x_wconf 90' lang='lat' dir='ltr'><strong>XIV</strong></span> <span class='ocrx_word' id='word_1_349' title='bbox 809 2605 936 2641; x_wconf 79' lang='lat'><strong>6560:</strong></span> <span class='ocrx_word' id='word_1_350' title='bbox 962 2605 1058 2650; x_wconf 79' lang='grc' dir='ltr'><em>Περὶ</em></span> <span class='ocrx_word' id='word_1_351' title='bbox 1083 2603 1125 2641; x_wconf 75' lang='grc' dir='ltr'><strong>δὲ</strong></span> <span class='ocrx_word' id='word_1_352' title='bbox 1152 2605 1276 2662; x_wconf 78' lang='grc' dir='ltr'><strong><em>λαγῶν</em></strong></span> <span class='ocrx_word' id='word_1_353' title='bbox 1301 2601 1576 2662; x_wconf 80' lang='grc' dir='ltr'><strong><em>Χαμαιλέων</em></strong></span> <span class='ocrx_word' id='word_1_354' title='bbox 1601 2616 1686 2648; x_wconf 87' lang='grc' dir='ltr'><strong>φη-</strong></span> 
     </span>
     <span class='ocr_line' id='line_1_43' title="bbox 167 2646 1685 2711; baseline -0.003 -24"><span class='ocrx_word' id='word_1_355' title='bbox 167 2652 238 2687; x_wconf 83' lang='grc' dir='ltr'><strong><em>σὶν</em></strong></span> <span class='ocrx_word' id='word_1_356' title='bbox 266 2649 314 2688; x_wconf 81' lang='grc' dir='ltr'><strong><em>ἐν</em></strong></span> <span class='ocrx_word' id='word_1_357' title='bbox 339 2654 396 2710; x_wconf 82' lang='grc' dir='ltr'><strong>τῷ</strong></span> <span class='ocrx_word' id='word_1_358' title='bbox 421 2652 526 2699; x_wconf 77' lang='grc' dir='ltr'><em>περὶ</em></span> <span class='ocrx_word' id='word_1_359' title='bbox 551 2654 836 2711; x_wconf 83' lang='grc' dir='ltr'><strong><em>Σιμωνίδου,</em></strong></span> <span class='ocrx_word' id='word_1_360' title='bbox 870 2649 920 2693; x_wconf 80' lang='grc' dir='ltr'><strong>ὡς</strong></span> <span class='ocrx_word' id='word_1_361' title='bbox 944 2653 1108 2688; x_wconf 81' lang='grc' dir='ltr'><strong><em>δειπνῶν</em></strong></span> <span class='ocrx_word' id='word_1_362' title='bbox 1133 2650 1235 2696; x_wconf 80' lang='grc' dir='ltr'><strong><em>παρὰ</em></strong></span> <span class='ocrx_word' id='word_1_363' title='bbox 1262 2653 1312 2700; x_wconf 81' lang='grc' dir='ltr'><strong>τῷ</strong></span> <span class='ocrx_word' id='word_1_364' title='bbox 1331 2649 1472 2708; x_wconf 80' lang='grc' dir='ltr'><strong><em>Ιέρωνι</em></strong></span> <span class='ocrx_word' id='word_1_365' title='bbox 1495 2646 1515 2685; x_wconf 85' lang='grc' dir='ltr'><em>ὃ</em></span> <span class='ocrx_word' id='word_1_366' title='bbox 1542 2651 1685 2695; x_wconf 86' lang='grc' dir='ltr'><strong><em>Σιμω-</em></strong></span> 
     </span>
     <span class='ocr_line' id='line_1_44' title="bbox 167 2695 1688 2757; baseline -0.002 -23"><span class='ocrx_word' id='word_1_367' title='bbox 167 2700 296 2755; x_wconf 84' lang='grc' dir='ltr'><strong><em>νίδης</em></strong></span> <span class='ocrx_word' id='word_1_368' title='bbox 329 2698 372 2735; x_wconf 84' lang='grc' dir='ltr'><strong><em>οὐ</em></strong></span> <span class='ocrx_word' id='word_1_369' title='bbox 405 2698 694 2757; x_wconf 80' lang='grc' dir='ltr'><strong><em>παρατεθέντος</em></strong></span> <span class='ocrx_word' id='word_1_370' title='bbox 719 2697 822 2747; x_wconf 77' lang='grc' dir='ltr'><strong><em>αὐτῷ</em></strong></span> <span class='ocrx_word' id='word_1_371' title='bbox 855 2697 916 2735; x_wconf 79' lang='grc' dir='ltr'><strong>ἐπὶ</strong></span> <span class='ocrx_word' id='word_1_372' title='bbox 947 2697 1015 2745; x_wconf 86' lang='grc' dir='ltr'><strong><em>τὴν</em></strong></span> <span class='ocrx_word' id='word_1_373' title='bbox 1053 2697 1258 2745; x_wconf 82' lang='grc' dir='ltr'><strong><em>τραπεζαν,</em></strong></span> <span class='ocrx_word' id='word_1_374' title='bbox 1295 2695 1473 2743; x_wconf 72' lang='grc' dir='ltr'><strong><em>καθαπερ</em></strong></span> <span class='ocrx_word' id='word_1_375' title='bbox 1510 2696 1574 2731; x_wconf 74' lang='grc' dir='ltr'><strong>καὶ</strong></span> <span class='ocrx_word' id='word_1_376' title='bbox 1609 2701 1688 2738; x_wconf 81' lang='grc' dir='ltr'><strong><em>τοῖς</em></strong></span> 
     </span>
     <span class='ocr_line' id='line_1_45' title="bbox 167 2743 1685 2805; baseline -0.001 -25"><span class='ocrx_word' id='word_1_377' title='bbox 167 2743 308 2791; x_wconf 74' lang='grc' dir='ltr'><strong><em>ἄλλοις,</em></strong></span> <span class='ocrx_word' id='word_1_378' title='bbox 342 2748 508 2805; x_wconf 78' lang='grc' dir='ltr'><strong><em>λαγωοῦ,</em></strong></span> <span class='ocrx_word' id='word_1_379' title='bbox 546 2744 628 2782; x_wconf 75' lang='grc' dir='ltr'><strong><em>ἀλλ’</em></strong></span> <span class='ocrx_word' id='word_1_380' title='bbox 668 2759 825 2792; x_wconf 83' lang='grc' dir='ltr'><strong><em>υστερον</em></strong></span> <span class='ocrx_word' id='word_1_381' title='bbox 863 2745 1130 2792; x_wconf 79' lang='grc' dir='ltr'><strong><em>μεταδιδόντος</em></strong></span> <span class='ocrx_word' id='word_1_382' title='bbox 1165 2747 1232 2782; x_wconf 83' lang='grc' dir='ltr'><strong><em>τοῦ</em></strong></span> <span class='ocrx_word' id='word_1_383' title='bbox 1266 2743 1315 2782; x_wconf 83' lang='grc' dir='ltr'><strong>Ἱέ</strong></span> <span class='ocrx_word' id='word_1_384' title='bbox 1316 2757 1449 2790; x_wconf 83' lang='grc' dir='ltr'><strong><em>ρ,ωνος</em></strong></span> <span class='ocrx_word' id='word_1_385' title='bbox 1491 2740 1685 2788; x_wconf 72' lang='grc' dir='ltr'><strong>ἀπεσχε-</strong></span> 
     </span>
    </p>
   </div>
   <div class='ocr_carea' id='block_1_8' title="bbox 1734 0 1864 71">
    <p class='ocr_par' dir='ltr' id='par_1_12' title="bbox 1734 0 1864 71">
     <span class='ocr_line' id='line_1_46' title="bbox 1734 0 1864 71; baseline 0 3055"><span class='ocrx_word' id='word_1_386' title='bbox 1734 0 1864 71; x_wconf 95' lang='lat' dir='ltr'><strong> </strong></span> 
     </span>
    </p>
   </div>
   <div class='ocr_carea' id='block_1_9' title="bbox 167 2767 1789 2838">
    <p class='ocr_par' dir='ltr' id='par_1_13' title="bbox 167 2767 1789 2838">
     <span class='ocr_line' id='line_1_47' title="bbox 167 2767 1789 2838; baseline 0 -11"><span class='ocrx_word' id='word_1_387' title='bbox 167 2794 349 2829; x_wconf 57' lang='lat' dir='ltr'><strong>esaum·</strong></span> <span class='ocrx_word' id='word_1_388' title='bbox 378 2792 497 2830; x_wconf 69' lang='grc' dir='ltr'><strong><em>οὐδὲ</em></strong></span> <span class='ocrx_word' id='word_1_389' title='bbox 524 2798 599 2830; x_wconf 68' lang='lat' dir='ltr'><strong>ma.</strong></span> <span class='ocrx_word' id='word_1_390' title='bbox 626 2795 722 2830; x_wconf 79' lang='lat' dir='ltr'><strong>unde</strong></span> <span class='ocrx_word' id='word_1_391' title='bbox 748 2795 856 2830; x_wconf 75' lang='lat' dir='ltr'><strong>affert</strong></span> <span class='ocrx_word' id='word_1_392' title='bbox 879 2794 983 2830; x_wconf 65' lang='lat' dir='ltr'><strong>Euat</strong></span> <span class='ocrx_word' id='word_1_393' title='bbox 1011 2794 1077 2831; x_wconf 77' lang='lat' dir='ltr'><strong>od</strong></span> <span class='ocrx_word' id='word_1_394' title='bbox 1108 2798 1210 2838; x_wconf 84' lang='lat'><strong>1821,</strong></span> <span class='ocrx_word' id='word_1_395' title='bbox 1236 2798 1292 2830; x_wconf 83' lang='lat'><strong>37.</strong></span> <span class='ocrx_word' id='word_1_396' title='bbox 1319 2791 1372 2830; x_wconf 81' lang='lat' dir='ltr'><strong>cf.</strong></span> <span class='ocrx_word' id='word_1_397' title='bbox 1398 2791 1440 2826; x_wconf 90' lang='lat'><strong>11.</strong></span> <span class='ocrx_word' id='word_1_398' title='bbox 1467 2791 1562 2834; x_wconf 65' lang='lat'><strong>533.</strong></span> <span class='ocrx_word' id='word_1_399' title='bbox 1600 2791 1684 2827; x_wconf 79' lang='lat' dir='ltr'><strong>Non</strong></span> <span class='ocrx_word' id='word_1_400' title='bbox 1745 2823 1749 2827; x_wconf 13' lang='lat'>⁸</span> <span class='ocrx_word' id='word_1_401' title='bbox 1781 2767 1789 2817; x_wconf 59' lang='grc'><strong>’.-</strong></span> 
     </span>
    </p>
   </div>
   <div class='ocr_carea' id='block_1_10' title="bbox 167 2836 1685 2983">
    <p class='ocr_par' dir='ltr' id='par_1_14' title="bbox 167 2836 1684 2983">
     <span class='ocr_line' id='line_1_48' title="bbox 167 2836 1582 2897; baseline 0 -24"><span class='ocrx_word' id='word_1_402' title='bbox 167 2838 354 2876; x_wconf 83' lang='lat' dir='ltr'><strong>intellexit</strong></span> <span class='ocrx_word' id='word_1_403' title='bbox 378 2842 543 2887; x_wconf 80' lang='lat' dir='ltr'><strong>leporem</strong></span> <span class='ocrx_word' id='word_1_404' title='bbox 569 2843 617 2877; x_wconf 90' lang='grc' dir='ltr'><strong><em>Μ</em></strong></span> <span class='ocrx_word' id='word_1_405' title='bbox 646 2841 831 2885; x_wconf 87' lang='lat' dir='ltr'><strong>Schmidt,</strong></span> <span class='ocrx_word' id='word_1_406' title='bbox 857 2842 921 2886; x_wconf 88' lang='lat' dir='ltr'><strong>qui</strong></span> <span class='ocrx_word' id='word_1_407' title='bbox 946 2836 1071 2897; x_wconf 83' lang='grc' dir='ltr'><strong><em>αὖρός</em></strong></span> <span class='ocrx_word' id='word_1_408' title='bbox 1087 2854 1157 2886; x_wconf 81' lang='grc' dir='ltr'><strong>περ</strong></span> <span class='ocrx_word' id='word_1_409' title='bbox 1182 2840 1206 2876; x_wconf 92' lang='grc'><strong>1.</strong></span> <span class='ocrx_word' id='word_1_410' title='bbox 1234 2852 1264 2876; x_wconf 85' lang='grc'><strong>6.</strong></span> <span class='ocrx_word' id='word_1_411' title='bbox 1290 2841 1391 2885; x_wconf 76' lang='lat' dir='ltr'><strong>lepus</strong></span> <span class='ocrx_word' id='word_1_412' title='bbox 1415 2838 1582 2874; x_wconf 88' lang='lat' dir='ltr'><strong>coniecit.</strong></span> 
     </span>
     <span class='ocr_line' id='line_1_49' title="bbox 264 2885 1684 2947; baseline -0.001 -26"><span class='ocrx_word' id='word_1_413' title='bbox 264 2888 390 2932; x_wconf 81' lang='lat' dir='ltr'><strong>Epigr.</strong></span> <span class='ocrx_word' id='word_1_414' title='bbox 419 2893 496 2925; x_wconf 81' lang='grc'><strong>172.</strong></span> <span class='ocrx_word' id='word_1_415' title='bbox 547 2888 681 2926; x_wconf 85' lang='lat' dir='ltr'><strong>Athen.</strong></span> <span class='ocrx_word' id='word_1_416' title='bbox 707 2888 741 2923; x_wconf 91' lang='lat' dir='ltr'>X</span> <span class='ocrx_word' id='word_1_417' title='bbox 765 2893 834 2924; x_wconf 83' lang='lat'><strong>456</strong></span> <span class='ocrx_word' id='word_1_418' title='bbox 856 2889 900 2924; x_wconf 88' lang='lat' dir='ltr'><strong>C.</strong></span> <span class='ocrx_word' id='word_1_419' title='bbox 941 2885 1121 2947; x_wconf 78' lang='grc' dir='ltr'><strong><em>Γριφῶδη</em></strong></span> <span class='ocrx_word' id='word_1_420' title='bbox 1156 2885 1194 2923; x_wconf 83' lang='grc' dir='ltr'><strong>δ’</strong></span> <span class='ocrx_word' id='word_1_421' title='bbox 1235 2885 1312 2923; x_wconf 75' lang='grc' dir='ltr'><strong><em>ἐστὶ</em></strong></span> <span class='ocrx_word' id='word_1_422' title='bbox 1347 2886 1412 2922; x_wconf 77' lang='grc' dir='ltr'><strong>καὶ</strong></span> <span class='ocrx_word' id='word_1_423' title='bbox 1448 2887 1684 2932; x_wconf 83' lang='grc' dir='ltr'><strong><em>Σιμωνίδῃ</em></strong></span> 
     </span>
     <span class='ocr_line' id='line_1_50' title="bbox 168 2930 1685 2983; baseline 0.001 -17"><span class='ocrx_word' id='word_1_424' title='bbox 168 2933 287 2967; x_wconf 83' lang='grc' dir='ltr'><strong><em>ταῦτα</em></strong></span> <span class='ocrx_word' id='word_1_425' title='bbox 313 2935 562 2982; x_wconf 81' lang='grc' dir='ltr'><strong><em>πεποιημένα,</em></strong></span> <span class='ocrx_word' id='word_1_426' title='bbox 589 2950 638 2978; x_wconf 86' lang='grc' dir='ltr'><strong>ως</strong></span> <span class='ocrx_word' id='word_1_427' title='bbox 663 2947 756 2983; x_wconf 86' lang='grc' dir='ltr'><strong><em>φησι</em></strong></span> <span class='ocrx_word' id='word_1_428' title='bbox 779 2934 1004 2982; x_wconf 83' lang='grc' dir='ltr'><strong><em>Χαμαιλέων</em></strong></span> <span class='ocrx_word' id='word_1_429' title='bbox 1031 2933 1051 2971; x_wconf 87' lang='grc' dir='ltr'><strong>ὁ</strong></span> <span class='ocrx_word' id='word_1_430' title='bbox 1077 2932 1331 2981; x_wconf 77' lang='grc' dir='ltr'><strong><em>Ηρακλεώτης</em></strong></span> <span class='ocrx_word' id='word_1_431' title='bbox 1357 2930 1398 2969; x_wconf 77' lang='grc' dir='ltr'><strong><em>ἐν</em></strong></span> <span class='ocrx_word' id='word_1_432' title='bbox 1424 2933 1474 2981; x_wconf 81' lang='grc' dir='ltr'><strong>τῷ</strong></span> <span class='ocrx_word' id='word_1_433' title='bbox 1498 2932 1584 2979; x_wconf 82' lang='grc' dir='ltr'><strong><em>περὶ</em></strong></span> <span class='ocrx_word' id='word_1_434' title='bbox 1610 2934 1685 2969; x_wconf 86' lang='grc' dir='ltr'><strong>Σι-</strong></span> 
     </span>
    </p>
   </div>
   <div class='ocr_carea' id='block_1_11' title="bbox 1760 1114 1864 3126">
    <p class='ocr_par' dir='ltr' id='par_1_15' title="bbox 1760 1114 1864 3126">
     <span class='ocr_line' id='line_1_51' title="bbox 1760 1114 1864 3126; baseline 0 0"><span class='ocrx_word' id='word_1_435' title='bbox 1760 1114 1864 3126; x_wconf 95' lang='lat' dir='ltr'><strong> </strong></span> 
     </span>
    </p>
   </div>
  </div>
 </body>
</html>
