1864 3126
771 83 1052 125 ANACREON.
1596 86 1681 130 291

876 198 970 241 141.

277 285 342 327 Et.
374 284 488 326 Βοιὼ.
525 281 624 339 (vid.
662 285 727 325 Et.
763 273 955 334 M.·159‚
994 286 1051 325 50
1087 281 1188 338 not.)
1231 278 1477 338 Ἀστράβη·
1630 284 1686 332 εἰς

86 342 92 349 “
152 344 411 403 Ἀνακρέοντα
442 350 588 404 εἴρηται
612 349 678 391 καὶ
703 346 919 403 ἆστραφὴ
950 349 1016 391 καὶ
1047 349 1112 390 ἐπὶ
1143 345 1349 403 ὀχήματος,
1380 345 1445 401 ἐφ’
1480 342 1529 389 οὗ
1560 345 1685 400 ἀσφα-

153 415 232 463 λῶς
267 410 478 468 κάθηνται.
538 417 633 456 Fuit
669 416 841 457 fortasse
879 417 1001 457 etiam
1042 416 1171 456 forma
1208 412 1355 469 στράβη
1396 416 1437 454 in
1477 428 1569 464 usu,
1606 415 1685 455 vid.

156 481 350 534 Hesych.:
379 477 639 535 Ἐπιστραβής
663 478 766 535 (cod.
791 478 1013 545 ’‘ww‘ffln·
1033 478 1079 536 .>·
1110 475 1253 534 ὄχημα,
1284 477 1509 529 ἀκινδύνως
1539 478 1686 533 φέρων.

152 547 223 587 ubi
253 547 523 588 scribendum:

433 627 524 671 Ἐπὶ
555 628 740 685 στράβης,
770 627 886 684 ὄχημ’
920 627 1145 680 ἀκινδύνως
1176 628 1322 683 φέρων.

153 713 366 764 explicatio
398 716 503 755 enim
535 716 699 767 excidit,
737 718 875 767 estque
907 717 1078 756 fortasse
1109 704 1378 755 Anacreontis
1412 728 1563 755 versus.
1626 715 1685 754 Si-

153 780 304 820 militer
335 781 465 821 locum
497 782 669 822 correxit
699 782 884 834 Pierson,
920 781 999 821 nisi
1035 782 1141 833 quod
1178 774 1243 821 ἐπ’
1284 774 1485 834 ἀστράβης
1515 781 1686 831 scripsit.

787 898 883 942 142.
915 886 1053 952 [112]

271 984 464 1035 Hesycha
490 977 782 1038 Αύτοὲγητοι·
807 977 1003 1038 ἆγοὶμεναι
1023 981 1165 1033 ἑαυτὰς
1184 983 1251 1025 καὶ
1269 987 1510 1037 θαυμαστῶς
1528 983 1686 1037 ἔχουσαι

151 1047 314 1089 ἑαυτῶν.
366 1046 462 1089 Ἴων
493 1045 710 1104 Ἀλκμήνῃ·
748 1049 847 1091 ἔνιοι
887 1048 932 1090 δὲ
967 1047 1172 1099 αὐθάδεις.
1233 1049 1300 1091 καὶ
1332 1046 1554 1103 Ἀνακρέων
1585 1066 1685 1091 ουτω

148 1113 340 1168 κέχρηταιι

786 1210 881 1253 143.
914 1209 1051 1266 [113]

270 1294 415 1334 Athen.
447 1294 507 1333 IV
542 1297 622 1335 182
644 1296 693 1336 F:
737 1292 818 1336 Τὸν
853 1292 929 1350 γὰρ
965 1293 1191 1350 βάρωμον
1226 1295 1304 1337 καὶ
1341 1293 1589 1350 βάρβιτον,
1628 1289 1686 1336 ὧν

151 1355 310 1411 Σαπφώ
340 1358 407 1400 καὶ
433 1356 657 1414 Ἀνακρέων
687 1358 1001 1414 μνημονεύουσι,
1031 1361 1098 1402 καὶ
1127 1358 1200 1415 τὴν
1231 1359 1402 1416 μάγαδιν
1432 1360 1499 1402 καὶ
1528 1358 1575 1403 τὰ
1606 1362 1686 1414 τρί-

152 1440 262 1478 γωνα
291 1424 358 1465 καὶ
388 1422 457 1474 τὰς
488 1422 695 1479 σαμβύκας
725 1422 868 1480 ἆρχαῖα
899 1423 1010 1468 εἶναι.
1075 1427 1134 1469 Cf.
1166 1429 1216 1468 ib.
1253 1429 1336 1468 175
1352 1429 1399 1469 D.

785 1544 882 1588 144.
915 1545 1052 1599 [114.]

269 1628 383 1669 Eust.
417 1630 520 1679 932,
563 1633 605 1670 1:
644 1626 784 1670 Kocz⁸
761 1645 820 1670 οτι
855 1627 948 1680 τοὺς
984 1646 1109 1680 ουτως
1145 1629 1301 1680 εζοντας
1337 1627 1398 1671 ἐπ’
1439 1627 1688 1683 ἀμφοτέρους

153 1689 281 1742 πόδας
305 1692 374 1734 καὶ
402 1691 726 1748 γονυκρότους
756 1698 971 1748 τηνικαῦτα
1002 1695 1169 1750 δριμέως
1200 1695 1277 1759 ἐστὶ
1307 1699 1547 1750 προσειπεῖν,
1576 1692 1687 1736 καθὰ

151 1757 218 1798 καὶ
249 1759 291 1799 οἶ
315 1759 475 1800 παλαιοὶ
507 1761 714 1813 δηλοῦσιν,
746 1760 789 1801 ἒν
820 1757 880 1810 οἷς
910 1762 1052 1814 φασίν,
1091 1759 1148 1804 ’ὅτι
1174 1754 1470 1817 γονύκροτοι
1507 1763 1548 1803 οἱ
1576 1763 1687 1815 βλαι-

151 1824 232 1864 σοί·
260 1820 483 1879 Ἀνακρέων
515 1823 558 1866 δὲ
588 1824 768 1880 κέχρηται
800 1826 863 1868 ἐπὶ
893 1828 1044 1869 δειλῶν.

788 1956 881 1999 145.
915 1958 1051 2011 [115]

271 2040 416 2080 Pollux
447 2041 509 2080 III
541 2043 616 2082 49:
643 2037 868 2095 Ἀνακρέων
900 2041 944 2083 δὲ
982 2044 1174 2085 δι’τοκον
1206 2039 1280 2098 (sie
1312 2045 1483 2094 Bekker,
1515 2059 1551 2084 v.
1585 2040 1684 2084 διτό-

157 2101 250 2158 κον)
281 2101 354 2158 τὴν
385 2105 446 2155 δὶς
474 2109 675 2148 τεκοῦσαν.

723 2249 726 2254 ·
787 2225 881 2268 146.
917 2225 1054 2281 [116.]

274 2308 336 2348 Et.
370 2309 421 2348 M.
455 2310 554 2359 385,
586 2311 662 2349 91:
695 2305 930 2363 Ἐσυνῆκεν·
962 2310 1143 2361 Ἀλκαΐος
1174 2311 1340 2366 ἕσυνῆκε
1370 2312 1437 2353 καὶ
1462 2309 1687 2365 Ἀνακρέων

154 2369 386 2426 ἐξυνῆκεν
426 2376 669 2430 πλεονασμῷ.
731 2376 871 2415 Nauck
910 2378 1119 2430 analogiae
1157 2379 1370 2419 obsecutus
1403 2375 1590 2430 ἕξύνηκεν
1628 2391 1687 2417 rc-

153 2437 293 2489 quirit‚
327 2440 396 2479 sed
428 2440 558 2479 multa.
587 2439 630 2478 in
660 2440 723 2479 his
754 2441 876 2481 rebus
907 2442 1076 2494 incerta,
1119 2457 1247 2496 neque
1286 2445 1422 2485 ladem
1455 2445 1594 2484 eodem
1626 2457 1687 2484 ac-

155 2507 285 2555 centu,
317 2518 395 2556 quo
430 2505 577 2554 Aeolis,
609 2506 651 2545 in
681 2506 756 2545 hac
787 2506 917 2547 forma
947 2521 1061 2548 usam
1093 2523 1181 2550 esse
1213 2514 1471 2561 compertum.

790 2634 883 2677 147.
918 2635 1054 2689 [177.]

274 2719 403 2759 Schol.
435 2719 560 2759 Arist.
592 2720 767 2760 Acharn.
802 2722 932 2759 1133:
972 2716 1050 2761 Διὰ
1087 2718 1130 2762 τὸ
1161 2723 1392 2775 θερμαίνειν
1423 2717 1498 2764 οὖν
1526 2720 1570 2765 τὸ
1601 2727 1686 2777 στῆ-

138 2786 231 2831 ’θος
271 2781 546 2837 θωρήσσειν
588 2782 769 2839 λέγουσιν
808 2780 851 2825 τὸ
895 2782 1060 2838 μεθύειν
1101 2785 1169 2827 καὶ
1211 2784 1499 2840 ἆκροθιόρακας
1542 2785 1686 2843 (vulgo

154 2843 396 2903 θώρακας)
433 2845 526 2898 τοὺς
562 2846 866 2902 ἆκρομεθύσους
904 2847 1088 2891 ἐκάλουν·
1126 2850 1305 2906 κέχρηται
1342 2851 1385 2893 δὲ
1416 2856 1462 2910 τῇ
1493 2852 1590 2903 λέξει
1621 2854 1687 2895 καὶ

1333 2921 1402 2956 19*

1715 1363 1804 1397 1042
