1864 3126
717 162 1099 202 ANACREONTEA.
1585 157 1673 200 313

778 275 832 318 27
850 276 898 317 Α.
932 274 1037 327 [41]

525 359 655 394 Almo
683 358 786 393 Τοῖ’
808 358 979 392 ATTO‘P
1005 357 1094 391 ΕΙΣ
1120 352 1295 391 ΒΕΛΟΣ.

208 441 256 487 Ὁ
285 441 400 500 ἀνὴρ
433 440 457 487 ὁ
489 443 567 499 τῆς
598 440 816 498 Κυθήρης
935 454 976 485 10
1001 439 1129 497 βέλος
1160 435 1348 495 ηὐτε’λιζ’
1372 435 1584 495 ''Eponae-

217 513 336 571 παρὰ
371 517 590 572 Λημνίαις
619 516 824 570 καμίνοις
1001 508 1025 555 6
1071 507 1113 555 δ’
1151 508 1309 566 Ἔρως,
1354 506 1450 554 τόδ’
1498 509 1633 563 ἐστίν,

218 585 270 630 τὰ
301 586 407 643 βέλη
439 583 492 629 τὰ
524 586 614 630 τῶν
642 582 847 641 Ἐρώτων
1357 578 1494 634 εἶπεν,

219 656 339 702 ε’πόει
371 655 522 712 λαβὼν
554 659 754 714 σίδηρον.
1001 652 1136 711 βαρύ·
1169 652 1382 710 πειράσας
1414 650 1602 708 νοήσεις.

171 742 192 774 5
219 727 376 782 ἀκίδας
407 726 449 773 δ’
485 731 642 785 ἕβαπτε
674 726 850 785 Κύπρις
1001 728 1159 782 ἔλαβεν
1189 725 1406 782 βέλεμνον
1426 722 1579 781 ”Αρης·

218 801 316 858 με’λι
346 798 397 845 τὸ
430 798 571 857 γλυκὺ
603 800 820 857 λαβοῦσα·
1001 795 1285 854 ὑπεμειδιάσε
1317 794 1505 853 Κύπρις.
1588 807 1679 839 1060

219 869 243 916 6
277 869 318 916 δ’
343 870 486 929 ’Έρως
510 869 648 929 χολὴν
673 874 864 928 ἔμισγεν.
934 882 975 915 15
1004 867 1028 914 6
1062 866 1104 913 δ’
1127 867 1264 926 ’Ἄρης
1293 864 1610 921 ἀναστενάξας,

220 941 244 987 6
278 941 320 988 δ’
344 941 481 1001 ’Ἄρης
511 941 608 988 ποτ’
644 943 688 996 ἐξ
719 940 856 999 ἀϋτῆς
1002 939 1135 997 βαρύ,
1168 942 1326 997 φησίν·
1357 932 1471 996 ἆρον
1502 935 1627 981 αὐτό.

217 1012 431 1074 στιβαρὸν
463 1013 577 1074 δόρυ
607 1016 864 1072 κραδαίνων
1006 1011 1029 1059 ὁ
1051 1009 1263 1070 δ”Έρως,
1283 1008 1345 1069 ἔχ’
1369 1007 1494 1067 αὐτό,
1508 1011 1661 1067 φησίν.

790 1138 845 1180 27
862 1136 910 1180 Β.
943 1137 1052 1191 [46.]

168 1247 172 1250 ’
219 1231 428 1277 Χαλεπὸν
459 1230 508 1276 τό
542 1230 602 1289 μὴ
636 1234 838 1289 φιλῆσαι,
1010 1227 1320 1288 χαλεπώτερον
1353 1226 1402 1272 δὲ
1433 1225 1615 1271 πάντων

221 1300 415 1362 χαλεπὸν
447 1303 496 1348 δὲ
527 1303 601 1348 καὶ
633 1305 835 1362 φιλῆσαι,
1004 1299 1332 1359 ’ἀποτυγχάνειν
1364 1299 1599 1358 φιλοῦντα.

785 1422 905 1468 270.
939 1424 1045 1478 [46.]

219 1519 358 1571 Γένος
389 1517 524 1563 οὐδὲν
557 1520 620 1571 εἰς
638 1516 831 1575 ῗΈρωτα·
1008 1515 1152 1574 μόνον
1179 1515 1380 1575 ἄργυρον
1401 1516 1656 1573 βλέπουσιν.

219 1594 374 1648 σοφίη,
406 1589 569 1648 τρόπος
599 1598 815 1634 πατεῖται·
1009 1587 1223 1633 ἀπόλοιτο
1255 1590 1429 1646 πρῶτος
1460 1584 1597 1640 αὐτός

244 1743 340 1781 27Α.
392 1744 591 1791 Inscriptio
617 1744 757 1792 legitur
782 1744 820 1780 in
845 1744 1035 1801 margine,
1063 1742 1228 1790 ’Ἑρωτος
1259 1743 1438 1780 omissum
1470 1753 1550 1779 esse
1576 1753 1690 1800 appe.-

147 1794 214 1829 ret.
244 1813 283 1818 —
314 1791 357 1828 V.
376 1796 393 1828 1
421 1804 506 1829 cum
530 1803 650 1838 neque
676 1793 801 1829 hiatus
826 1789 846 1829 6
875 1788 974 1838 ἀνηρ
996 1792 1172 1829 ferendus
1197 1792 1256 1838 sit,
1283 1803 1351 1828 nec
1371 1788 1468 1837 ἀνὴρ
1490 1790 1567 1826 sive
1587 1803 1688 1835 ωνηρ

148 1840 317 1887 placeat,
353 1839 666 1877 verisimillimum
699 1842 786 1887 post
817 1853 849 1876 v.
883 1844 906 1875 4
943 1840 1124 1877 nonnulla
1161 1840 1306 1876 librarii
1349 1838 1518 1876 socordia
1555 1837 1692 1874 omissa

150 1899 247 1932 esse;
279 1888 362 1924 fort.
395 1887 632 1924 scribendum
660 1884 726 1924 ὅτ’
752 1884 869 1934 ἀνὴρ
895 1915 903 1924 .
926 1916 963 1924 ..
992 1885 1110 1934 ἐπόει,
1139 1890 1184 1924 λα
1213 1885 1265 1924 ὢν
1296 1889 1452 1934 σίδηρον
1485 1883 1546 1931 (ἐς
1571 1882 1689 1930 ὕδωρ

149 1931 360 1984 {pointed
388 1932 558 1981 εὐθύς),
590 1947 817 1982 quamquam
847 1935 946 1982 ignis
972 1936 1113 1973 mentio
1138 1948 1187 1982 ap
1206 1935 1263 1972 ior
1294 1946 1407 1994 quam
1440 1945 1560 1979 aquae
1586 1933 1689 1969 vide·

146 1986 224 2019 tur:
257 1983 302 2019 cf.
328 1983 502 2020 Moschus
529 1984 543 2018 I
573 1988 617 2020 29
645 1981 742 2019 ὅπλα
760 1981 940 2029 Ἔρωτος)
977 1982 1022 2020 τὰ
1050 1981 1124 2030 γὰρ
1150 1983 1240 2028 πυρὶ
1266 1996 1391 2020 παντα
1419 1981 1616 2031 βέβαπται.
1645 2001 1687 2006 -

147 2030 190 2067 V.
212 2036 233 2067 2
260 2030 340 2067 cod.
366 2043 469 2076 παρα
494 2031 668 2077 λιμνίαις,
696 2032 856 2068 correxit
875 2031 1107 2078 Stephanus.
1134 2053 1178 2058 —
1205 2031 1250 2067 V.
1271 2036 1304 2068 4.
1332 2028 1438 2068 ἐπόει
1459 2030 1549 2074 cod.,
1574 2029 1689 2075 vulgo

148 2075 280 2115 ἐποίει.
309 2099 349 2104 --
378 2078 422 2115 V.
443 2083 475 2115 6.
502 2077 586 2125 μέλι
605 2076 647 2115 τὸ
667 2076 785 2125 γλυκὺ
804 2079 924 2128 λαβοῦ
934 2091 992 2126 σα,
1012 2079 1202 2115 Hermann
1223 2078 1343 2126 μέλιτι
1361 2082 1493 2125 γλυκεῖ
1511 2077 1690 2125 βαλοῦσα,

147 2126 315 2163 Moebius
350 2125 497 2172 μέλιτος
527 2124 666 2172 γλύκος
696 2129 800 2176 λαβ,
840 2127 1046 2163 Mehlhorn-
1075 2127 1227 2173 μέλιτος
1261 2127 1405 2173 χλωροῦ
1437 2129 1468 2162 λ.
1518 2125 1690 2160 Fortasse

147 2174 380 2219 βδαλοῦσα
406 2173 654 2220 scribendum,
679 2174 703 2210 i.
724 2186 755 2211 e.
778 2176 948 2223 βλίσασα.
987 2175 1166 2221 Hesychii
1195 2175 1322 2221 glossa
1342 2174 1542 2222 βὸαλῆται·
1569 2169 1690 2217 θηλά-

148 2222 266 2267 ζηται,
291 2218 498 2267 ἀμέλγηται
523 2222 572 2258 ad
596 2223 750 2258 verbum
786 2222 933 2271 βὸαλέω
970 2223 1183 2267 referenda,
1211 2223 1268 2259 sin
1293 2223 1488 2259 accentum
1514 2220 1690 2256 immuta—

147 2268 245 2304 veris
277 2266 459 2329 βδάληται
489 2269 538 2304 ad
569 2269 752 2306 eoi-istum
787 2269 965 2319 ἔβὸαλον,
997 2282 1226 2317 quamquam
1259 2270 1346 2306 Hes.
1380 2270 1496 2306 etiam
1530 2267 1690 2304 formam

148 2313 364 2362 ἐβδηλαμην
395 2316 566 2353 testatur.
600 2337 643 2342 —
678 2317 721 2353 V.
751 2321 796 2354 10
822 2318 902 2354 cod.
929 2315 1109 2363 ἠῦτέλιζ’.
1146 2339 1190 2344 -
1218 2318 1261 2355 V.
1291 2322 1334 2354 12
1361 2317 1449 2354 Cod.
1475 2318 1568 2397 (post
1592 2315 1628 2350 h.
1655 2326 1689 2368 v:

147 2375 187 2399 re
215 2363 286 2400 etit
310 2375 343 2399 v.
374 2367 428 2399 17.
456 2384 499 2390 -
528 2363 569 2399 V.
599 2367 653 2400 13.
680 2363 806 2402 Etiam
832 2365 863 2401 si
889 2365 1062 2412 largiaris
1086 2368 1219 2414 λαβεῖν
1246 2365 1321 2401 dici
1346 2376 1454 2411 posse
1502 2375 1522 2399 e
1542 2374 1598 2407 eo,
1624 2373 1688 2407 qux

146 2413 184 2447 te
202 2423 262 2447 um
290 2422 445 2456 corpore
477 2409 636 2457 recepit,
668 2412 742 2448 ista
774 2413 903 2449 tamen
933 2413 1162 2460 ambiguitas
1198 2414 1245 2450 ab
1275 2414 1348 2450 hoc
1379 2413 1462 2449 loco
1487 2411 1599 2457 plane
1625 2409 1688 2445 ab·

147 2459 290 2495 horret:
318 2458 409 2494 mihi
429 2458 692 2505 corrigendum
713 2459 861 2496 videtur
881 2459 903 2497 ἔ
939 2464 991 2497 αλ
1006 2474 1022 2497 ε
1038 2474 1059 2496 ν
1086 2459 1126 2498 δ’
1147 2458 1243 2506 ’Ἇρη
1271 2459 1472 2507 βελέμνῳ
1498 2458 1559 2495 vel
1583 2453 1690 2503 (ἅμα

147 2502 202 2551 δ’)
230 2505 426 2553 ἔμβαλεν
453 2504 635 2554 βέλεμνον
661 2506 786 2543 deleto
811 2519 891 2545 voc.
927 2512 1033 2555 Αρης.
1072 2510 1285 2568 Ατβοήαωι·
1304 2507 1495 2544 Bentleius
1514 2506 1571 2542 vir
1591 2517 1690 2541 sum-

146 2566 228 2590 mus
253 2554 351 2590 hunc
375 2564 523 2590 versum
549 2554 765 2600 explanans.
793 2576 836 2582 --
862 2555 907 2592 V.
936 2561 980 2592 16
1006 2556 1086 2592 cod.
1114 2569 1220 2602 αρον.

240 2605 285 2638 27
301 2602 331 2637 Β
351 2603 396 2638 et
419 2601 464 2647 C,
490 2600 626 2647 quibus
652 2601 690 2637 in
716 2601 844 2639 codice
878 2603 1117 2640 continuatur
1148 2615 1178 2641 c.
1206 2605 1310 2648 27Α,
1342 2602 1564 2648 Stephanus
1595 2598 1695 2636 vidit

147 2650 355 2696 separanda
379 2659 470 2693 esse,
496 2650 611 2695 atque
637 2648 692 2690 εἰς
709 2646 856 2695 Ἔρωτα
882 2651 1082 2698 inscripsit.
1126 2650 1177 2686 At
1201 2662 1275 2687 non
1301 2662 1350 2686 un
1360 2662 1422 2686 um
1451 2652 1509 2686 est
1528 2659 1690 2692 carmen,

147 2696 212 2732 sed
238 2709 364 2733 rursus
387 2700 475 2743 post
500 2709 533 2733 v.
561 2701 583 2732 4
612 2697 734 2733 verbis
763 2696 880 2739 Γένος
906 2694 1022 2735 οὐδὲν
1047 2701 1123 2734 κτλ.
1156 2698 1234 2734 alis.
1259 2698 1464 2734 inchoatur
1490 2696 1691 2739 cantilena,

145 2743 184 2780 id
209 2744 310 2790 quod
341 2744 498 2781 Nicetae
531 2755 683 2790 quoque
714 2746 954 2791 paraphrasis
985 2746 1239 2790 commendat,
1279 2745 1345 2791 qui
1370 2746 1518 2781 tantum
1545 2756 1575 2780 c.
1602 2747 1647 2780 27
1662 2744 1692 2779 Β

146 2790 185 2827 in
216 2803 322 2828 usum
354 2804 462 2828 suum
494 2792 697 2835 convertit,
731 2792 769 2827 id
803 2793 903 2839 quod
941 2793 1055 2830 etiarn
1087 2793 1330 2829 Mehlhornio
1354 2792 1486 2829 visum.
1514 2812 1558 2819 --
1593 2794 1638 2828 27
1651 2791 1690 2826 B.

87 2883 92 2887 μ
149 2838 191 2874 V.
217 2843 238 2875 8
265 2836 455 2885 χαλεπῶτε
483 2852 538 2885 ον,
566 2839 605 2875 in
629 2839 789 2886 proclivi
815 2843 873 2877 est
899 2840 1080 2877 correctio
1100 2838 1377 2886 χαλεπώτατον,
1403 2840 1467 2876 sed
1494 2850 1690 2886 compara·

153 2885 273 2922 tivum
297 2887 414 2923 etism
475 2887 521 2925 ic.
549 2886 641 2932 Eug.
669 2887 702 2921 V
731 2890 798 2924 147
826 2890 963 2925 tuetur.
985 2910 1027 2915 —
1050 2888 1094 2924 V.
1122 2892 1144 2924 4
1171 2888 1252 2924 cod.
1280 2884 1356 2924 ἀπὸ
1382 2885 1593 2934 τυγχάνειν.

249 2938 293 2971 27
309 2934 348 2971 C.
397 2935 488 2971 Post
512 2947 546 2972 v.
574 2939 593 2970 7
621 2935 805 2980 quaedam
837 2936 1019 2973 excidisse
1044 2935 1285 2973 manifestum
1310 2938 1378 2982 est,
1413 2935 1589 2973 velut-sd
1615 2935 1690 2971 hoc
