1864 3126
221 147 278 188 50
787 147 980 183 ΡΟΕΤΑΕ
1007 148 1181 184 MELICI.

318 249 391 297 οἷά
423 271 469 298 τε
500 255 703 310 ποιμένες
734 252 895 311 ἄνδρες
927 257 1126 311 ἔχουσιν,

269 337 289 367 5
315 324 436 382 χερσὶ
469 323 695 368 λεόντειον
726 324 839 380 γάλα
871 324 1042 382 θήσαο,

240 405 243 408 “
314 393 452 452 τυρὸν
484 395 700 452 ἐτύρησας
731 396 869 452 μέγαν
902 394 1104 455 ἄτρυφον
1136 395 1426 455 ἀργιφόνταν.
1675 410 1745 444 846

216 593 261 598 -
288 573 330 607 V.
359 577 390 607 4.
426 570 569 619 ἔχουσι,
603 573 687 608 fort
713 574 848 609 rectius
876 572 1067 632 ἕχοισιν,
1099 573 1172 610 vid.
1199 572 1265 610 ad.
1283 575 1326 610 fr.
1355 579 1411 619 60,
1440 579 1477 619 1,
1516 573 1644 621 ἔχοισα
1668 575 1744 620 ΑΒ,

219 618 356 665 ἔχουσα
380 619 487 655 PVL.
515 641 559 646 —-
586 621 628 656 V.
656 625 688 656 5.
719 621 821 666 χερσὶ
845 624 1034 657 λεοντειον
1059 619 1155 667 γάλα
1182 621 1353 667 Fiorillo‚
1377 620 1431 668 θή
1435 635 1503 658 σαο
1530 633 1612 668 ego,
1638 622 1744 662 codd.

214 636 1743 774 {5551113‘232535pssssss‘zerssatggs⁶222?ssss⁰13²...Zlam2{zzzssssssettjffthssfgzssz

215 761 404 797 Hermann
429 763 531 809 χερσὶ
549 761 752 798 λεόντεον
745 762 786 799 ἐν
807 761 903 809 γάλα
923 767 1037 799 θεῖσα
1058 763 1229 808 coniecit,
1256 775 1325 810 ego
1348 764 1437 800 olim
1455 765 1582 800 θεῦσα
1601 764 1743 810 scripsi,

214 810 278 844 sed
302 810 374 845 hoc
398 821 473 845 non
499 810 618 846 solum
644 813 797 856 propter
821 811 961 846 formae
993 811 1231 847 insolentiam
1263 811 1434 855 offendit,
1468 823 1599 847 verum
1630 812 1744 848 etiam

213 868 388 902 praesens
394 859 555 913 tempus
574 858 661 893 ferri
680 858 820 903 nequit,
846 858 911 894 ubi
931 858 1082 894 omnino
1108 859 1351 904 praeteritum
1366 858 1588 916 requiritur.
1613 859 1743 917 itaque

213 916 309 940 nunc
341 902 491 950 θήσαο
524 906 656 951 scripsi
687 907 788 951 (nam
814 917 933 951 neque
959 907 1152 942 contracta
1175 906 1297 942 forma
1321 903 1442 951 θήσα,
1474 917 1595 952 neque
1619 903 1744 952 θήσεις

191 951 303 987 osatis
334 952 491 998 placet),
523 953 588 988 ubi
620 954 827 998 asyndeton
856 952 983 998 θήσαο
1012 983 1018 990 .
1118 951 1318 1000 ἐτύρησας,
1353 954 1522 1008 quamvis
1553 965 1628 990 non
1653 954 1745 990 satis

213 1001 379 1056 gratum,
415 1001 543 1035 tamen
574 1001 758 1036 rationem
789 1001 916 1037 habet.
965 981 1119 1037 Fiorillo
1151 1007 1295 1046 autem,
1330 1001 1394 1046 qui
1426 1001 1618 1037 verissime
1649 1001 1746 1038 vidit

212 1044 346 1108 γάλα
333 1047 605 1083 restituendum
631 1059 729 1093 esse,
755 1049 949 1084 commode
974 1048 1149 1084 adhibuit
1173 1048 1325 1084 Aristid.
1351 1049 1368 1083 I
1393 1053 1456 1084 49.
1492 1050 1568 1084 Καὶ
1593 1045 1743 1084 δύναιτ’

212 1108 261 1129 αν
287 1094 350 1129 καὶ
370 1091 483 1135 ὅνους
502 1096 664 1154 πτεροῦν
685 1077 732 1152 (δ’,
736 1093 948 1141 Διόνυσος),
976 1093 1043 1153 οὐχ
1063 1097 1202 1136 ἵππους
1221 1093 1353 1152 μόνον·
1381 1108 1505 1142 ωσπερ
1525 1096 1590 1131 καὶ
1613 1093 1742 1132 λεόν-

210 1155 296 1176 των
322 1139 439 1187 γάλα
465 1140 682 1188 ἀμέλγειν
709 1140 881 1189 ἀνέθηκέ
906 1157 961 1184 τις
986 1141 1087 1189 αὐτῷ
1107 1141 1373 1184 Λακωνικὸς
1398 1141 1603 1189 ποιητής.
1648 1144 1744 1180 Sane

213 1189 395 1226 Aristides
422 1190 609 1225 Bacchum
635 1190 727 1226 dicit
751 1191 900 1226 leonum
926 1191 986 1226 lac
1011 1190 1195 1236 mulgere,
1230 1190 1387 1226 Alcman
1413 1191 1544 1227 eadem
1570 1190 1744 1227 attribuit

211 1237 377 1272 mulieri:
410 1248 479 1273 nec
509 1239 637 1273 tamen
667 1239 767 1274 recte
792 1238 886 1284 Emp
890 1238 1003 1283 erius,
1036 1250 1118 1274 cum
1152 1240 1263 1274 antea
1292 1238 1443 1284 θῆσθαι
1475 1238 1742 1295 proposuisset,

210 1286 342 1330 postea
360 1286 403 1319 ut
421 1285 517 1320 hanc
537 1285 796 1321 difficultatem
815 1287 1041 1330 removeret,
1070 1285 1183 1331 ἔχων
1210 1283 1260 1320 σὺ
1286 1297 1353 1331 pro
1381 1284 1508 1331 ἔχοισα
1534 1288 1573 1321 et
1593 1283 1744 1331 θήσας

210 1331 391 1415 ἱῗῖὲῖῗῖθι
418 1315 1742 1440 iffi?..3333202123031‡3;²3¹¹2.ffi²fflifi‘ffigtifssffssfffflt

211 1427 369 1472 Triptol.
395 1427 439 1462 fr.
461 1431 547 1462 539:
569 1421 709 1463 ’Ἦλθεν
735 1426 777 1463 δε
804 1427 899 1468 Λαὶς
923 1425 1082 1472 θάλεια,
1107 1429 1307 1476 πρεσβίστη
1333 1429 1455 1474 θεῶν)
1479 1429 1594 1482 poeta
1618 1427 1741 1464 dicere

209 1474 310 1528 yisus
337 1476 410 1518 est,
444 1486 671 1520 quamquam
705 1475 820 1511 etiam
846 1476 891 1530 de
916 1477 1036 1511 matre
1062 1476 1224 1511 Deorum
1257 1475 1439 1521 cogitavi,
1473 1475 1576 1510 cuius
1606 1475 1741 1522 religio

209 1521 285 1557 iam
312 1523 399 1557 ante
426 1522 615 1558 Alcmanis
641 1523 829 1558 saeculum
855 1522 894 1557 in
919 1523 1214 1569 Peloponnesum
1245 1523 1346 1558 haud
1375 1522 1488 1558 dubie
1512 1521 1586 1557 fuit
1609 1533 1741 1578 propa,⁴

205 1570 315 1627 gata,
351 1569 395 1605 cf.
423 1580 518 1615 quae
550 1570 752 1606 Pausanias
783 1571 822 1605 in
846 1536 1038 1606 Arcadicips
1065 1570 1167 1616 (VIII
1192 1574 1256 1616 44,
1283 1573 1319 1612 3)
1346 1570 1452 1605 dicit:
1490 1567 1584 1628 πρός
1609 1582 1647 1605 τε
1673 1571 1741 1606 τοῦ

205 1598 373 1662 Ἀλφειοῦ
405 1618 448 1673 τῇ
482 1618 583 1664 πηγῇ
616 1616 707 1658 ναός
738 1631 776 1653 τε
804 1615 958 1663 Μητρὸς
993 1619 1100 1653 θεῶν
1138 1599 1256 1653 ἐστὶν
1270 1615 1339 1653 οὐκ
1372 1616 1482 1674 ἔχων
1502 1614 1645 1662 ὄροφον
1677 1617 1740 1653 nal

208 1663 356 1705 λέοντες
376 1662 445 1700 δύο
465 1667 576 1700 λίθου
597 1664 863 1711 πεποιημένοι,
890 1666 976 1701 hinc
1002 1665 1147 1701 etiam
1135 1677 1216 1710 ipse
1236 1665 1402 1710 Alpheus
1420 1662 1609 1705 λεόντειος
1626 1663 1742 1711 πόρος

207 1712 340 1758 dictus,
367 1712 438 1748 vid.
465 1713 623 1757 Hesych.
650 1713 838 1758 (Hartung
862 1713 908 1748 de
934 1712 1054 1748 Diana
1079 1717 1118 1748 et
1142 1712 1327 1758 Nymphis
1353 1712 1613 1757 Oaryatidibus
1637 1713 1737 1758 cogi-

207 1761 292 1805 tat.)
343 1759 414 1795 Sed
445 1761 488 1794 ut
517 1760 589 1796 hoc
620 1760 658 1795 in
689 1760 813 1796 medio
844 1759 1069 1805 relinquam,
1103 1771 1178 1795 non
1210 1762 1267 1796 est
1297 1760 1449 1804 mirum,
1482 1759 1511 1794 si
1546 1759 1740 1805 Aristides,

209 1807 273 1852 qui
297 1806 488 1842 Alcmanis
514 1808 612 1842 hunc
642 1807 767 1843 locum
792 1819 866 1843 non
899 1807 990 1843 satis
1022 1808 1130 1843 firma
1153 1808 1310 1843 tenebat
1341 1806 1539 1851 memoria,
1573 1807 1666 1842 haec
1691 1807 1740 1842 ad

207 1855 394 1889 Bacchum
419 1854 631 1900 transtulit,
658 1855 718 1890 eui
745 1855 927 1890 eiusmodi
952 1855 1096 1890 facinus
1121 1855 1294 1900 inprimis
1314 1855 1510 1891 convenire
1529 1853 1738 1892 videbatur.

207 1901 362 1937 Minime
382 1913 469 1938 vero
489 1883 694 1938 audien’dus
708 1902 985 1947 Welcke1,qui
1004 1902 1179 1938 Aristidis
1205 1903 1328 1938 locum
1355 1902 1402 1938 ab
1422 1902 1602 1937 Alcmane
1628 1901 1739 1947 plane

206 1949 371 1985 alienum
408 1951 530 1992 ratus,
568 1951 667 1985 hunc
699 1951 851 1996 poetam
884 1949 1075 1985 existimat
1106 1950 1156 1995 Sp
1160 1951 1329 1986 artemam
1360 1950 1554 1985 mulierem
1586 1914 1739 1995 alloqui,

209 2008 304 2042 quae
330 1997 402 2032 diis
428 1977 607 2033 obtulerit
632 1997 670 2032 in
696 2009 808 2033 aureo
834 1997 986 2033 vasculo
1019 2008 1185 2041 caseum,
1223 1998 1287 2043 qui
1318 1998 1379 2033 vel
1402 1997 1442 2033 in
1466 1997 1584 2032 leonis
1609 1996 1739 2031 simili-

208 2044 380 2079 tudinem
411 2044 594 2080 formatus
626 2044 687 2080 vel
718 2045 837 2081 leonis
869 2045 1033 2091 imagine
1066 2046 1218 2081 ornatus
1253 2045 1383 2090 fuerit,
1420 2044 1546 2089 itaque
1586 2043 1740 2089 corrigit

211 2091 315 2137 χερσὶ
340 2089 531 2127 λεόντειον
557 2095 796 2128 σπαλαθεῖσα
822 2093 883 2129 vel
907 2095 1126 2128 παλαθεῖσα
1151 2093 1209 2137 (in
1232 2103 1388 2128 massam
1412 2092 1553 2137 cogens)
1583 2102 1739 2136 quorum

205 2141 378 2175 neutrum
427 2139 551 2184 graeci
602 2140 779 2176 sermonis
829 2140 1098 2175 consuetudine
1140 2140 1328 2176 firmatur:
1376 2139 1563 2185 persuasit
1610 2139 1738 2174 tamen

207 2186 502 2230 SchneidewinO,
528 2187 592 2232 qui
612 2188 746 2223 Philol.
766 2187 800 2222 X
819 2191 887 2222 352
915 2187 1017 2233 χερσὶ
1041 2183 1216 2223 λεόντεον
1241 2184 1373 2223 εἰκόνα
1396 2189 1512 2222 θεισα
1537 2186 1736 2243 legendum

206 2234 360 2270 censuit
389 2255 432 2259 -
459 2233 502 2270 V.
531 2239 563 2271 6.
590 2231 828 2281 αργιφόνταν
854 2234 1044 2280 Welcker,
1070 2231 1362 2291 ἄργειοφεονται
1388 2236 1438 2278 A,
1464 2230 1737 2279 ἄργειοφόνται

205 2282 282 2325 ΒΡ,
315 2277 513 2326 ἄργύφεόν
538 2295 576 2317 τε
609 2282 688 2326 VL,
721 2294 790 2328 ego
823 2281 912 2318 olim
942 2263 1183 2330 Ἀργειφόντᾳ
1215 2282 1374 2326 conieci,
1412 2283 1456 2317 ut
1485 2281 1557 2316 hoc
1587 2280 1735 2316 nomine

204 2329 361 2364 Alcman
398 2329 647 2373 appellaverit
685 2330 889 2374 B,acchum
929 2318 1242 2386 quemadmodum
1280 2310 1494 2375 Apollinem
1511 2327 1736 2385 Sophocles

206 2376 293 2418 (vid.
320 2377 379 2412 Et
406 2376 497 2410 Gud.
529 2380 590 2422 72,
617 2380 688 2422 52).
738 2357 909 2413 Meinek’e
947 2373 1182 2426 αργιοφόντᾳ
1221 2377 1356 2413 edidit·
1396 2376 1461 2412 sed
1498 2372 1734 2420 ἀργιφόνταν

204 2423 338 2459 dixisse
371 2405 590 2458 Alcmanem
622 2426 794 2470 correpta
826 2424 1144 2470 antepaenultima
1178 2426 1338 2460 testatur
1371 2435 1525 2469 gramm.
1550 2421 1734 2458 Hambur-

205 2471 328 2527 gensis
355 2470 476 2506 editus
501 2482 524 2506 a
543 2471 739 2508 Welckero
766 2474 804 2507 et
824 2471 1105 2508 Schneidewino
1133 2472 1195 2515 (Μ.
1216 2471 1286 2507 Rh.
1306 2471 1340 2506 X
1357 2474 1439 2528 256,
1463 2469 1559 2505 Phil.
1580 2469 1614 2504 X
1631 2470 1733 2525 350):

203 2516 250 2554 τὰ
275 2515 378 2562 παρὰ
404 2518 447 2565 τῇ
474 2519 604 2577 γραφῇ
630 2516 943 2577 ὃιαφορούμενα·
967 2518 1039 2554 εἰσὶ
1071 2520 1207 2554 ταῦτα·
1240 2515 1502 2577 ἀργειφόντης.
1534 2517 1599 2552 καὶ
1623 2513 1734 2562 ἐὖρος

205 2563 411 2611 ἔντηρήσας
436 2564 555 2611 μέγαν
581 2564 772 2612 ἄργυφαν.
802 2564 1033 2611 αργιφόντα·
1061 2568 1203 2607 εἴκελος
1228 2563 1415 2624 ἀστεροπῆ
1442 2564 1507 2600 καὶ
1531 2561 1573 2599 τὸ
1600 2565 1731 2604 ἴκελος.

204 2614 357 2649 Poterat
382 2613 453 2648 hoc
479 2613 669 2649 Alcmanis
695 2625 804 2650 versu
829 2613 1010 2659 Didymus
1035 2613 1110 2658 uti,
1145 2614 1210 2659 qui
1233 2602 1491 2659 Ἀργειφόντης
1521 2611 1582 2647 vel
1606 2611 1732 2657 potius

201 2657 440 2706 Ἀργιφόντης
466 2672 489 2696 a
507 2661 671 2696 vocula
659 2675 704 2706 αρ
708 2675 720 2695 ι
745 2661 886 2697 inserta
907 2664 941 2696 Γ
962 2661 1173 2707 repetebat,
1199 2660 1273 2697 vid.
1294 2659 1465 2696 Schmidt
1481 2658 1630 2704 Didym.
1651 2662 1730 2694 337.

204 2707 346 2752 Lepide
371 2710 497 2743 autem
529 2709 567 2743 et
599 2708 710 2744 solita
735 2720 823 2744 usus
848 2709 1006 2744 audacia
1030 2710 1143 2754 poeta
1167 2719 1316 2744 caseum
1341 2705 1578 2753 ἀργιφόνταν
1604 2706 1732 2751 appel-

204 2755 310 2800 lavit,
347 2766 434 2790 nam
459 2756 559 2790 recte
584 2756 674 2801 puto
700 2756 940 2792 Welckerum
966 2756 1221 2792 accusativum
1246 2755 1461 2792 restituisse.
1514 2753 1597 2789 Est
1605 2754 1731 2789 autem

202 2802 264 2836 hic
289 2814 433 2847 versus,
463 2804 508 2837 ut
532 2803 696 2848 videtur,
729 2804 905 2850 strophae
936 2802 1177 2848 novissimus,
1212 2803 1338 2847 itaque
1362 2802 1472 2848 poeta
1499 2799 1729 2836 trochaicam

203 2849 407 2885 clausulam
433 2850 470 2884 in
497 2850 620 2885 locum
646 2850 878 2896 dactylorum
905 2851 1116 2895 substituit,
1146 2861 1232 2886 nam
1259 2849 1418 2895 dactylis
1443 2848 1555 2884 trium
1582 2850 1729 2894 tempo-

202 2908 282 2931 rum
310 2896 370 2931 bic
397 2897 495 2932 haud
521 2897 632 2933 dubie
658 2909 745 2933 usus
772 2900 839 2934 est.
