1864 3126
224 138 311 181 680
543 155 545 160 ’
717 140 935 186 CARMINA
961 141 1252 179 POPULARIA.

564 249 751 307 Ἀγᾶθων
777 251 997 307 Ἐχεφύλου
1028 253 1095 294 καὶ
1125 251 1238 308 γενεὰ

568 316 751 371 πρόξενοι
782 322 1009 360 Μολοσσῶν

226 389 301 426 κτλ.
346 388 507 435 praeter
550 386 630 424 alia
672 385 747 424 hoc
786 386 945 424 nominc
986 387 1274 436 memorabilis,
1317 388 1420 438 quod
1461 388 1665 426 exordium
1704 399 1755 426 cx

228 463 339 490 nomo
372 453 528 498 antiquo
559 452 601 488 in
631 451 762 489 Iovem
794 451 1049 490 Dodonaeum
1078 452 1238 490 videtur
1268 452 1526 491 translatum:

442 517 519 554 Ζεῦ
550 510 753 566 Δωδώνης
785 514 948 566 μεδέων,
979 511 1067 555 τόδε
1098 516 1164 555 σοί

442 580 573 631 δῶρον
602 576 807 633 πέμπω.*)

232 667 282 674 -
318 647 499 684 Permira
531 647 624 684 sunt
654 645 976 696 indigitamenta,
1009 659 1112 696 quae
1143 647 1333 696 leguntur
1364 647 1470 697 apud
1496 646 1758 687 Plutarchum

229 713 277 750 de
304 712 507 761 superstit.
542 723 573 749 c.
609 712 680 749 10:
718 713 799 750 Τοῦ
835 709 1034 763 Τιμοθέου
1066 708 1138 762 τὴν
1158 709 1339 763 ’Ἀρτεμιν
1369 709 1534 769 ᾄδοντος
1566 710 1610 751 ἐν
1634 707 1758 763 Ἀθή-

230 793 316 824 ναις
346 775 413 816 καὶ
437 774 635 828 λέγοντος·
679 772 838 825 Θυοῖδα,
877 772 1074 827 φοιβάδα,
1111 773 1303 828 μαινάδα,
1340 772 1534 830 λυσσάδα,
1565 776 1758 828 Κινησίας

231 837 251 881 ὁ
284 837 491 892 μελοποιὸς
523 839 565 879 ἐκ
594 842 672 879 τῶν
711 843 867 880 θεατῶν
898 837 1088 889 ἀναστάς,
1125 838 1283 892 τοιαύτη
1323 853 1404 891 σοι,
1443 837 1543 891 εἶπε,
1580 836 1759 893 θυγάτηρ

233 905 394 959 γένοιτο.
426 904 507 944 Καὶ
539 901 617 956 μὴν
648 902 767 957 ὅμοια
797 902 948 953 τούτοις
979 904 1045 945 καὶ
1075 905 1231 957 χείρονα
1261 904 1367 958 περὶ
1377 902 1597 958 Ἀρτέμιδος
1623 905 1664 945 οἰ
1685 905 1756 945 δει-

234 970 458 1020 σιδαίμονες
483 965 847 1022 ὑπολαμβανουσιν,
873 970 969 1009 αι’τε
1000 966 1089 1009 κᾶν
1121 966 1196 1009 απο
1231 965 1438 1024 ἀγχόνας
1469 967 1638 1019 ἀΐξασα
1663 970 1760 1010 αἵτε

233 1033 466 1088 καλεχόνα
503 1031 578 1087 (sic
610 1035 792 1085 Diibner‚
830 1038 1040 1086 καλεφῶνα
1071 1037 1154 1075 cod.
1187 1037 1316 1087 Harl„
1354 1035 1420 1075 καὶ
1451 1033 1546 1088 λεχὼ
1580 1036 1761 1087 Wytten-

232 1102 350 1149 bach,
397 1102 607 1140 Tulnebus
651 1095 726 1139 κᾶν
769 1096 883 1154 λεχὼ)
938 1101 1179 1149 κναίσατε,
1227 1101 1358 1140 αἵτε
1405 1117 1494 1140 καν
1543 1100 1762 1150 ε’κκεκρος

233 1167 440 1218 μαίουσα
472 1162 602 1218 (Harl
635 1164 790 1217 ἐκέκρος
821 1162 861 1217 μ’
897 1159 1062 1219 οὖσα)
1047 1182 1103 1205 αν
1143 1165 1422 1217 πεφυρμένα
1453 1165 1655 1218 ἐσῆλθες
1687 1161 1763 1219 (sic

233 1231 398 1269 Diibner
429 1234 470 1269 et
501 1231 583 1270 cod.
617 1231 741 1279 Harl,
773 1231 951 1282 εἰσῆλθες
980 1227 1272 1282 Wyttenbach)
1315 1231 1368 1270 αἴ
1393 1228 1489 1285 (om.
1521 1231 1569 1282 C)
1606 1245 1650 1270 τε
1685 1223 1763 1270 καὶ

241 1293 335 1348 (οη).
370 1293 487 1347 Ven.)
521 1294 568 1334 ἐκ
605 1292 845 1345 τριπόδων
881 1293 987 1335 καθ’
1023 1292 1271 1347 ἓρμοὶτεσσι
1303 1295 1388 1350 (ΟΕ
1419 1297 1531 1335 Harl.
1563 1291 1763 1347 καθερμᾶ-

238 1372 378 1411 τεσσιν,
410 1362 493 1400 cod.
526 1361 613 1400 coll.
646 1361 681 1398 Ν
686 1374 746 1400 ov.
778 1358 874 1400 καθ’
910 1358 1123 1414 ἕρμοὶτεσιν,
1155 1362 1424 1412 Wyttenbach
1454 1357 1550 1400 καθ’
1586 1356 1764 1412 ἕρμᾶτευ-

237 1422 318 1478 σιν)
352 1423 654 1476 ἕπισπωμένα
693 1420 831 1478 (Mose.
867 1430 887 1465 1
930 1421 1194 1479 ἕπιπτωμένα)
1234 1428 1293 1482 τῷ
1330 1426 1612 1481 παλαμναίῳ
1651 1437 1764 1477 συμ-

236 1494 504 1542 πλεχθεῖσα.
556 1491 763 1540 Emperius
790 1493 886 1530 haec
914 1493 969 1531 sic
995 1492 1275 1531 conformavit:
1296 1525 1304 1532 .
1325 1523 1334 1531 .
1355 1524 1362 1531 .
1383 1492 1547 1543 λεχωΐαν
1573 1486 1763 1544 (λεχωΐδ’)

241 1551 496 1595 ἆποκλύσασα
528 1554 569 1594 ἐκ
609 1558 751 1607 νεκροῦ
783 1553 940 1607 μολοῦσ’
985 1553 1271 1609 ἆμπεφυρμένα
1307 1560 1550 1608 προσῆλθες,
1587 1551 1653 1596 ἅτε
1692 1552 1767 1596 κάκ

241 1617 408 1672 τριόδων
439 1617 726 1672 καθαρμάτεσσ’
767 1620 1016 1673 ἐπισπωμένα
1053 1625 1104 1678 τῷ
1142 1623 1374 1674 παλαμναίῳ
1411 1637 1450 1661 τε
1491 1625 1766 1674 συμπλακεῖσα.

241 1686 343 1724 Mihi
370 1685 622 1724 scribendum
648 1687 824 1726 videtur:
857 1687 953 1726 αἴτε
985 1703 1072 1727 καν
1103 1684 1179 1727 ἀπ’
1213 1683 1419 1740 ἀγχόνας
1449 1683 1637 1737 ἀΐξασα,
1669 1685 1767 1726 αἴτε

241 1766 298 1790 κα
330 1746 474 1802 λεχῶν
505 1749 828 1803 μαιωσαμένα,
860 1749 958 1805 α’,ἴτε
994 1767 1082 1791 καν
1120 1751 1171 1792 ἐκ
1207 1748 1382 1804 νεκρώς
1415 1748 1652 1804 μαίνου’σα
1685 1748 1768 1805 (vol

245 1815 294 1854 ἐκ
324 1818 504 1867 νεκρῶν
535 1813 749 1870 αἴμασιν)
788 1812 1136 1868 ἆμπεφυρμένα
1173 1815 1388 1870 ἐσέλθῃς,
1427 1816 1523 1855 αἴτε
1560 1812 1686 1869 καξν)
1717 1814 1768 1855 ἐκ

241 1877 443 1932 τριόδων
467 1878 857 1932 καθαρμάτεσσιν
881 1876 1174 1932 ε’πισπομένα
1198 1883 1256 1936 τῷ
1279 1895 1324 1920 τε
1349 1880 1627 1934 παλαμναίῳ
1653 1891 1769 1931 συμ-

241 1950 362 1985 παλα
369 1949 483 1998 χθεῖ
484 1957 548 1985 σα.
611 1945 724 1991 Quod
755 1947 884 1985 Diana
915 1941 984 1985 ἀπ’
1021 1943 1191 1999 ἀγχόνας
1221 1942 1362 1993 ἀΐξασα
1393 1946 1650 1995 indigitatur,
1682 1957 1769 1984 con-

238 2012 350 2062 gruit
379 2025 468 2050 eum
503 2011 701 2049 Arcadum
739 2012 948 2061 religione,
987 2012 1055 2061 qui
1081 2008 1263 2063 ’Ἀρτεμιν
1299 2006 1577 2062 ἆπαγχομένην
1614 2010 1769 2049 divinis·

243 2076 459 2115 honoribus
491 2076 693 2125 colebant,
732 2076 810 2115 vid.
841 2076 1011 2114 Pausan.
1042 2076 1141 2114 VIII
1175 2077 1248 2125 23,
1282 2077 1305 2114 6
1327 2083 1407 2125 seq.
1440 2074 1622 2114 Clemens
1655 2075 1769 2113 Alex.

246 2141 379 2181 Protr.
409 2155 448 2191 p.
481 2142 535 2179 24
557 2153 587 2179 c.
655 2141 790 2192 Atque
826 2141 1027 2179 Arcadum
1065 2142 1233 2180 dialecto
1269 2140 1480 2190 peculiaris
1518 2140 1646 2178 forma
1681 2153 1769 2189 καν,

243 2219 363 2256 quam
394 2207 456 2244 hic
487 2206 595 2244 haud
627 2206 745 2244 dubie
777 2205 1128 2256 deprehendimus,
1165 2205 1256 2244 vide
1294 2218 1394 2255 quae
1432 2204 1514 2243 dixi
1550 2205 1591 2242 in
1630 2217 1790 2250 comm„

248 2273 297 2310 de
327 2272 446 2310 titulo
480 2271 652 2310 Arcadio
683 2285 721 2321 p.
746 2271 840 2309 XVI
867 2266 1034 2324 (1860),
1067 2282 1306 2320 quamquam
1338 2269 1459 2307 etiam
1484 2269 1697 2307 Dorienses
1723 2281 1770 2307 ea

242 2337 372 2375 forma
412 2337 475 2375 usi
506 2339 615 2388 sunt,
654 2339 760 2375 certe
797 2337 947 2386 passim
984 2342 1028 2380 in
1066 2335 1412 2385 Pythagoreorum
1449 2333 1630 2384 reliquiis
1667 2346 1769 2373 com·

251 2404 383 2451 paret:
414 2402 549 2452 itaque
574 2402 785 2451 aliquando
812 2402 1036 2450 suspicatus
1063 2414 1151 2440 sum
1176 2401 1273 2438 haec
1298 2398 1607 2448 indigitamenta
1626 2411 1674 2437 ex
1699 2398 1769 2438 So-

250 2467 415 2516 phronis
447 2467 577 2505 mimis
611 2479 696 2505 esse
728 2467 871 2516 petita:
904 2478 949 2504 ac
973 2479 1229 2505 numerorum
1256 2477 1350 2503 sane
1376 2463 1575 2513 quandam
1601 2463 1771 2512 speciem

252 2533 475 2577 ostentant,
510 2533 558 2570 ut
593 2532 680 2571 fieri
712 2533 816 2571 solet
845 2533 888 2570 in
919 2531 1112 2571 eiusmodi
1143 2530 1372 2569 solennibus
1397 2528 1618 2578 cantilenis,
1642 2539 1770 2578 neque

252 2599 389 2636 tamen
414 2597 463 2635 ad
488 2598 690 2648 legitimos
722 2611 909 2637 numeros
940 2609 1127 2637 revocare
1158 2596 1263 2635 licet.

336 2701 370 2741 1)
399 2697 505 2740 Quod
533 2696 643 2739 Θεός·
662 2696 763 2747 τύχα
788 2698 1030 2744 praemissum
1055 2698 1112 2732 est
1137 2697 1196 2743 (cf.
1218 2697 1329 2742 plane
1349 2695 1539 2741 geminum
1559 2694 1768 2739 exemplum

243 2744 351 2781 CIGr.
378 2746 394 2779 I
419 2749 442 2779 4
467 2745 506 2780 in
530 2746 642 2780 titulo
662 2742 761 2782 satis
787 2746 973 2790 antiquo),
1006 2741 1099 2785 θεὸς
1131 2756 1204 2779 non
1235 2745 1370 2786 rectus,
1403 2743 1467 2778 sed
1493 2743 1635 2799 patrius
1663 2752 1770 2776 casus

244 2792 402 2836 videtur,
428 2793 452 2827 i.
479 2804 509 2827 e.
535 2793 634 2828 θεοῦ
660 2791 764 2837 τύχα.
809 2793 1011 2837 Antiquam
1039 2793 1136 2827 hanc
1155 2792 1315 2826 formam
1335 2790 1544 2846 composita
1560 2787 1771 2828 θεόσδοτος

246 2842 284 2873 et
309 2841 551 2896 θεοσεχθρία
582 2842 741 2876 tuentur.
792 2840 850 2875 Ad
883 2841 1040 2875 eundem
1073 2839 1226 2874 modum
1259 2837 1397 2874 dicitur
1425 2834 1521 2877 θεὸς
1554 2832 1674 2893 τύχαν
1709 2836 1769 2871 vel

245 2884 342 2926 θεὸς
364 2884 482 2932 τύχαν
497 2883 664 2932 αγαθάν,
691 2888 750 2922 vel
769 2886 863 2928 θεὸς
882 2884 1034 2932 αγαθὸς
1054 2883 1187 2933 αγαθᾷ
1200 2899 1305 2935 τυχᾳ,
1325 2885 1387 2920 vel
1405 2881 1535 2931 α’γαθῇ
1555 2880 1648 2930 τύχῃ
1664 2879 1766 2924 Ζεύς.

1794 1831 1861 1864 131
