1864 3126
213 164 298 206 730
538 131 540 135 ’
582 136 591 140 ’
666 160 972 199 FRAGMENTA
996 160 1266 198 ADESPOTA.

209 274 286 314 καὶ
317 276 499 327 χαίρειν
529 270 686 325 ὀρθῶς
717 269 783 312 διὰ
814 269 886 325 τὴν
918 269 1095 325 μάθησιν
1125 269 1197 325 τὴν
1233 271 1450 326 γενομένην
1487 271 1530 313 ἐν
1566 275 1611 328 τῇ
1651 271 1736 314 νεό-

208 356 299 392 τητι.
350 341 533 391 Apparet
563 340 822 379 Aristotelem
846 340 964 379 aliter
990 339 1249 389 interpretari
1275 334 1476 378 δύνασθαι
1501 352 1621 390 quam
1644 339 1736 379 Pla-

211 409 356 455 tonem,
387 406 633 455 eundemque
665 405 713 444 dc
746 418 816 444 suo
848 405 1048 444 addidisse
1078 403 1238 456 κρίνειν.
1299 404 1479 454 Denique
1510 404 1612 443 addo
1643 405 1736 445 Eth.

213 472 300 511 Nic.
332 472 367 509 X
396 473 470 510 10:
504 465 524 509 ὁ
553 467 595 508 δὲ
626 465 739 525 λόγος
763 467 830 509 καὶ
854 465 880 522 ἡ
908 464 1048 521 διδαχὴ
1081 464 1221 520 μήποτ’
1257 464 1330 509 οὐκ
1362 465 1407 508 ἐν
1437 462 1739 522 ἅπασινίσχύῃ,

210 531 304 574 ἀλλὰ
339 533 408 589 δέῃ
439 530 765 586 προδιειργᾶσθαι
794 538 875 583 τοῖς
905 533 1013 574 ἔθεσι
1044 530 1117 586 τὴν
1141 536 1209 574 τοῦ
1233 530 1431 587 ἀκροατοῦ
1455 530 1593 586 ψυχὴν
1623 530 1741 586 πρὸς

211 594 263 640 τὸ
302 602 452 648 καλῶς
495 599 680 652 χαίρειν
719 598 786 640 καὶ
826 603 971 652 μισεῖν,
1016 593 1144 652 ὥσπερ
1187 602 1263 653 γῆν
1305 596 1378 651 τὴν
1419 597 1655 652 θρέψουσαν
1697 595 1740 640 τὸ

213 663 373 717 σπέρμα.
888 671 891 672 ’

936 758 1030 801 131.

332 845 437 884 Plut.
471 844 631 891 Quacst.
667 844 800 895 Symp.
833 844 889 883 IV
923 846 961 895 6,
996 847 1038 883 1:
1069 838 1184 895 Ἆρα,
1216 842 1314 895 ἔφη,
1345 839 1393 883 σὺ
1423 840 1493 883 τὸν
1523 840 1744 896 πατριώτην

211 903 330 958 θεόν,
381 901 412 947 ὦ
462 908 669 961 Λαμπρία,
721 905 854 948 εὔϊον
905 905 1246 962 ὀρσιγύναικα,
1296 907 1612 960 μαινομέναις
1662 903 1742 949 ἆν-

211 971 389 1013 θέοντα
419 977 599 1025 τιμαῖσι
624 970 865 1013 Διόνυσον
891 971 1099 1027 ἐγγράφεις
1123 972 1189 1013 καὶ
1215 969 1420 1021 ὑποποιεῖς
1444 977 1526 1022 τοῖς
1544 970 1744 1026 Ἑβραίων

212 1035 522 1091 ἆπορρήτοι’ς;
556 1040 694 1078 eadem
726 1040 774 1078 dc
805 1041 907 1080 Exil.
940 1054 971 1079 c.
1007 1043 1059 1080 17
1093 1042 1133 1079 et
1164 1040 1212 1079 dc
1243 1039 1298 1077 EI
1329 1053 1390 1090 ap.
1423 1039 1566 1090 Delph.
1598 1052 1629 1080 c.
1657 1042 1695 1080 9.

940 1156 1034 1198 132.

333 1242 439 1281 Plut.
467 1242 515 1280 dc
546 1242 749 1291 tranquill.
775 1255 806 1282 c.
837 1244 907 1282 17:
941 1237 1175 1295 Κυβερνήτῃ
1206 1237 1280 1294 γὰρ
1315 1237 1405 1281 οὔτε
1436 1242 1542 1292 κῦμα
1572 1229 1746 1294 πραῧναι

217 1302 337 1358 τραχὺ
368 1305 434 1345 καὶ
465 1308 621 1358 πνεῦμα
652 1302 824 1345 δυνατόν
855 1304 971 1356 ἐστιν,
1003 1303 1090 1346 οὔτε
1121 1302 1213 1346 ’ὅποι
1238 1302 1418 1358 βούλεται
1444 1303 1615 1361 δεομένῳ
1642 1305 1744 1358 λιμέ-

218 1378 294 1420 νος
317 1375 465 1423 τυχεῖν,
504 1368 591 1412 οὔτε
623 1369 853 1424 θαρραλέως
883 1369 949 1410 καὶ
980 1365 1158 1424 ἀτρόμως
1187 1367 1397 1424 ὑπομεῖναι
1433 1367 1475 1411 τὸ
1508 1371 1744 1423 συμβαῖνον·

219 1433 302 1477 ἀλλ’
334 1436 413 1485 ’ἕως
444 1433 517 1477 οὐκ
548 1433 749 1490 ἀπέγνωκε
773 1439 819 1491 τῇ
845 1435 958 1489 τέχνῃ
989 1433 1199 1489 χρώμενος,
1231 1433 1400 1490 φεύγει
1431 1434 1547 1490 μέγα
1577 1438 1748 1487 λαῖφος

213 1498 552 1553 ὑποστολίσας,
592 1502 691 1542 ἔστε
729 1500 981 1555 ἐνέρτερον
1019 1498 1149 1543 ἱστὸν
1186 1499 1446 1555 ἐρεβώδεος
1483 1500 1532 1541 ἐκ
1569 1497 1747 1542 θαλάτ-

213 1584 292 1619 της
324 1563 554 1622 ὑπέρσχῃ,
586 1566 736 1619 τρέμων
767 1564 941 1620 κάθηται
970 1567 1035 1608 καὶ
1060 1565 1312 1620 παλλόμενος.
1348 1568 1418 1607 ubi
1442 1566 1523 1607 ἕστε
1548 1565 1747 1619 ἐνέρτερον

215 1630 324 1673 ἱστὸν
355 1633 461 1672 haud
493 1634 613 1672 dubie
651 1634 905 1673 mendosam:
941 1635 1039 1684 puto
1076 1636 1236 1684 poetam
1272 1634 1436 1672 dixisse:
1474 1628 1611 1685 φεύγει
1647 1630 1748 1684 μέγα

214 1702 357 1750 λαῖφος
389 1694 663 1746 ὑποστολίσας·
697 1691 798 1738 εὖτε
837 1694 875 1737 δ’
917 1697 1172 1751 ἐνερτέρων
1207 1696 1263 1739 κῦ
1273 1695 1312 1751 μ’
1356 1695 1568 1750 ἐρεβωόέος
1598 1695 1642 1737 ἐκ
1670 1700 1748 1736 θα-

214 1761 358 1812 λάσσας
388 1761 584 1817 ὑπέρσχῃ,
628 1766 715 1803 tum
758 1764 1014 1803 inserendum
1057 1765 1215 1804 videtur
1257 1760 1360 1804 τότε
1404 1760 1453 1802 δὲ
1492 1760 1641 1814 τρέμων
1671 1765 1747 1802 κτλ.

215 1831 488 1881 Wyttcnbach
521 1829 683 1880 scripsit
714 1829 749 1868 εἰ
778 1826 821 1867 δὲ
853 1826 1051 1881 ἐνέρτερον
1076 1859 1085 1868 .
1110 1861 1117 1868 .
1141 1860 1148 1868 .
1175 1825 1226 1880 μὴ
1260 1824 1444 1882 ὑπέρσχῃ.
1505 1828 1620 1866 Adde
1645 1828 1750 1868 Plut.

216 1897 264 1935 dc
297 1895 498 1945 superstit.
532 1908 562 1934 c.
597 1897 640 1934 8:
682 1890 895 1946 εὐχόμενος
928 1891 971 1932 δὲ
1000 1890 1068 1933 τὸν
1099 1894 1215 1934 οἴακα
1245 1890 1452 1946 προσάγει,
1487 1889 1560 1946 τὴν
1589 1893 1751 1945 κεραίαν

219 1956 374 2011 ὑφίησι,
406 1956 577 2013 φεύγει
608 1958 722 2012 μέγα
754 1962 928 2009 λαῖφος
959 1954 1275 2007 ὑποστολίσας
1307 1954 1568 2012 ἐρεβώδεος
1593 1957 1641 1998 ἐκ
1665 1962 1750 1997 θα-

217 2021 365 2077 λᾶσση
375 2041 404 2073 ς.
444 2026 497 2064 Et
517 2026 614 2065 haec
633 2026 718 2064 sola
735 2025 876 2063 Nauck
895 2025 1139 2074 tragicorum
1158 2024 1337 2074 reliquiis
1358 2023 1571 2074 adscripsit
1587 2024 1635 2062 fr.
1652 2024 1749 2063 308.

944 2153 1035 2195 133.

312 2376 636 2436 Ἐπερχόμενόν
667 2394 713 2420 τε
745 2375 1014 2433 μαλάξοντες
1044 2374 1203 2431 βιατοὶν

315 2449 483 2494 πόντον
515 2448 671 2501 ὠκείας
701 2446 738 2492 τ’
775 2446 955 2504 οἷνέμών
987 2446 1130 2504 ῥιπάς.

317 2593 375 2627 Fr.
405 2595 481 2627 133.
532 2591 630 2627 Plut.
657 2602 731 2627 non
755 2601 864 2637 posse
891 2601 992 2626 suav,
1019 2588 1096 2625 vivi
1122 2600 1192 2625 sec.
1213 2588 1317 2635 Epic.
1339 2599 1368 2623 c.
1391 2591 1453 2622 23:
1487 2582 1612 2630 ὥσπερ
1639 2585 1678 2620 εἴ
1696 2597 1751 2625 τις

224 2638 265 2676 ἐν
292 2637 448 2685 πελάγει
480 2639 545 2674 καὶ
577 2640 731 2685 χειμῶνι
762 2635 967 2683 θαρρύνων
1002 2633 1154 2677 ἐπιστὰς
1178 2634 1298 2694 λέγρι,
1329 2633 1421 2693 μήτε
1453 2632 1521 2678 τὴν
1546 2633 1643 2668 ναῦν
1666 2644 1752 2688 τινα

224 2687 334 2744 ἔχειν’
351 2684 600 2743 κυβερνήτην,
627 2684 718 2732 μήτε
744 2683 832 2726 τοὺς
859 2682 1114 2729 Διοσκούρους
1145 2696 1284 2741 αυτούς
1317 2682 1526 2728 αφίξεσθαι
1558 2678 1752 2735 ἐπερχο-

224 2748 369 2779 μενον
394 2747 442 2770 τε
470 2734 759 2779 μαλαξοντας
778 2733 932 2779 βίαιον
951 2729 1143 2775 πόντον,
1163 2732 1327 2771 ωκείας
1346 2726 1380 2764 τ’
1403 2726 1585 2774 ἀνέμων
1604 2724 1749 2780 ῥιπαης.

225 2782 269 2817 cf.
297 2783 342 2818 de
369 2781 441 2817 def.
467 2793 519 2816 or.
546 2793 574 2816 c.
604 2785 668 2816 30:
694 2777 818 2826 ὥσπερ
844 2777 883 2815 οἱ
908 2779 1144 2835 Τυνδαρίδαι
1168 2782 1246 2835 τοῖς
1276 2773 1566 2834 χειμαζομένοις,
1584 2775 1749 2832 βρηᾷου-

226 2840 294 2873 σιν,
334 2826 583 2874 ἐπερχόμενοί
614 2841 653 2863 τε
692 2825 944 2873 μαλάσσοντες
983 2827 1045 2875 βία
1082 2839 1149 2861 τον
1188 2838 1328 2860 ποντον
1366 2823 1502 2863 ωκείας
1530 2835 1551 2856 τ
1602 2828 1780 2867 ανεμων·

665 2873 673 2885 Ι

228 2873 350 2920 ῥιπάς.
395 2875 533 2922 Scripsi
563 2877 699 2931 βιαταν
729 2886 796 2921 pro
831 2875 955 2923 βίαιον
990 2862 1052 2909 νὲΙ
1083 2873 1146 2922 βίᾳ
1178 2870 1242 2908 τὸν
1275 2874 1314 2908 et
1343 2881 1470 2907 versus
1495 2868 1656 2914 restitui,
1689 2867 1753 2914 qui

229 2922 383 2959 sortasse
409 2923 569 2959 Pindan
595 2924 689 2958 sunt.
1422 2923 1427 2926 “

1777 1826 1864 1861 1351
