1864 3126
0 1498 9 1608 v--w-

0 1718 15 1828 ζ

0 1858 13 1905 ἑ

797 160 1072 201 SIMONIDES.
1610 158 1698 202 523

165 273 439 331 γεγραμμένην
475 270 554 317 ὕπὸ
591 275 785 325 Σίλλακος
819 277 890 316 τοῦ
927 275 1118 330 Ρηγίνου,
1155 266 1205 315 οῦ
1242 267 1563 326 μνημονεύουσιν
1594 266 1701 312 Ἐπί-

165 355 313 396 χαρμος
342 339 409 382 καὶ
438 341 677 395 Σιμωνίδης.
710 342 818 382 haud
849 341 968 381 dubie
997 341 1040 381 in
1070 341 1376 391 Epe’yrammate.

820 456 1055 512 195.[55]

285 545 491 596 Mythogr.
523 544 650 584 Vatic.
683 544 744 583 ΠΙ
778 546 852 585 27:
889 544 1054 596 „Neque
1093 543 1199 583 enim
1229 556 1369 583 verum
1409 543 1487 591 est,
1526 540 1701 580 animam

166 611 351 651 deserere
390 623 552 661 corpus,
591 623 681 650 cum
722 609 856 661 potius
894 622 1037 661 corpus
1075 610 1264 649 animam·
1287 608 1458 647 deserat.
1521 607 1623 645 Hine
1660 606 1702 645 et

166 675 389 716 Simonides
421 677 541 726 poeta
571 677 612 715 et
643 674 797 715 Statius
828 674 967 714 itidem
998 675 1041 713 in
1064 673 1182 713 VIII:
1215 672 1319 725 „Odi
1350 675 1463 712 artus
1495 671 1700 723 fragilem-

166 753 243 793 que
286 741 392 780 huno
434 741 612 791 corporis
652 753 770 781 usum
809 741 1068 782 Desertorem
1111 739 1269 781 animi.“
1331 730 1403 779 Cf.
1428 737 1558 778 Schol.
1599 735 1702 775 Stat.

170 806 297 848 Theb.
327 806 428 846 VIII
463 808 559 849 739.

819 918 1053 973 196.[56]

294 1004 498 1044 Plutarch.
536 1003 692 1045 Consol.
730 1005 782 1044 ad
817 1004 951 1055 Apoll.
987 1017 1019 1045 o.
1062 1005 1133 1043 17:
1183 999 1242 1043 Τὰ
1285 999 1360 1056 γὰρ
1403 1002 1505 1055 χίλια
1546 999 1613 1040 καὶ
1654 1015 1701 1040 τα

167 1065 290 1123 μύρια
326 1064 423 1109 κατὰ
461 1069 694 1122 Σιμωνίδην
731 1068 796 1122 ἔτη
833 1065 973 1123 στιγμή
1007 1084 1064 1118 τις
1101 1067 1205 1110 ἐστὶν
1242 1065 1444 1122 ἀόριστος,
1483 1068 1631 1120 μᾶλλον
1663 1064 1706 1106 δὲ

170 1130 311 1188 μόριόν
340 1149 376 1174 τι
404 1130 651 1188 βραχύτατον
681 1137 852 1190 στιγμῆς.
912 1135 990 1176 nisi
1021 1134 1095 1177 hoc
1126 1135 1231 1175 inter
1269 1134 1612 1188 apophthegmata.
1642 1134 1707 1171 est

168 1201 435 1244 referendum.
718 1213 721 1216 ·

822 1294 918 1338 197.
952 1294 1060 1350 [57.]

287 1379 431 1419 Strabo
462 1380 536 1419 XV
570 1382 672 1421 711:
715 1379 815 1434 Περὶ
847 1378 894 1433 δὲ
920 1382 1000 1422 τῶν
1029 1382 1203 1434 χιλιετῶν
1226 1377 1498 1434 Ὑπερβορέων
1527 1376 1575 1420 τὰ
1605 1375 1706 1420 αὐτὰ

168 1442 269 1498 λέγει
299 1444 508 1499 Σιμωνίδῃ
537 1444 605 1485 καὶ
636 1442 828 1501 Πινδάρῳ
859 1445 926 1487 καὶ
956 1443 1089 1496 ἄλλοις
1119 1442 1374 1500 μυθολόγοις.

822 1563 917 1606 198.
952 1562 1057 1617 [13.]

289 1646 435 1687 Strabo
466 1646 523 1686 IX
555 1650 661 1687 441:
694 1644 773 1688 Διά
799 1646 843 1689 δὲ
872 1645 914 1690 τὸ
946 1644 1090 1701 ἀναμὶξ
1122 1649 1245 1690 οἰκεῖν
1276 1649 1506 1702 Σιμωνίδης
1538 1650 1704 1702 Περραι-

173 1706 275 1765 βοὺς
303 1710 370 1752 καὶ
400 1712 595 1761 Λαπίθας
624 1716 736 1754 καλεῖ
767 1710 860 1763 τοὺς
890 1711 1166 1768 Πελασγιώτας
1202 1711 1379 1764 ἅπαντας
1414 1710 1507 1762 τοὺς
1542 1710 1590 1754 τὰ
1626 1713 1706 1771 ἑῷα

170 1775 402 1830 κατέχοντας
442 1774 489 1819 τὰ
528 1776 618 1831 περὶ
657 1780 846 1831 Γυρτῶνα
884 1778 951 1820 καὶ
987 1776 1056 1830 τὰς
1097 1777 1264 1834 ἐκβολὰς
1303 1778 1373 1822 τοῦ
1416 1782 1596 1832 Πηνειοῦ
1640 1778 1706 1820 καὶ

158 1839 307 1883 Ὄσσαν
337 1842 402 1883 καὶ
434 1839 589 1895 Πήλιον
618 1842 685 1884 καὶ
715 1840 762 1884 τὰ
793 1843 882 1897 περὶ
911 1843 1170 1899 Δημητριάδα
1205 1845 1273 1886 καὶ
1310 1842 1358 1886 τὰ
1396 1844 1440 1886 ἐν
1476 1847 1529 1902 τῷ
1569 1845 1705 1901 πεδίῳ,

169 1906 398 1962 Λάρισσαν,
429 1911 674 1961 Κραννῶνα,
712 1912 987 1962 Σκοτοῦσσαν,
1019 1908 1212 1964 Μόψιον,
1240 1908 1414 1965 ’Ἀτρακα
1444 1909 1510 1951 καὶ
1540 1907 1586 1951 τὰ
1617 1909 1706 1965 περῖ

169 1970 243 2027 τὴν
273 1974 511 2015 Νεσσωνίδα
541 1975 684 2028 λίμνην
715 1974 781 2016 καὶ
810 1977 1018 2030 Βοιβηΐδα.

889 2093 983 2137 199.

289 2178 421 2217 Schol.
454 2177 619 2218 Theoor.
650 2178 728 2217 XII
762 2179 834 2219 27:
866 2181 1031 2220 Νισαῖοι
1062 2182 1276 2235 Μεγαρῆες
1307 2177 1574 2234 ἀριστεύοντες
1606 2179 1705 2233 ἐρετ-

170 2245 274 2293 μοῖς·
317 2240 384 2282 καὶ
428 2242 656 2295 Σιμωνίδης
699 2242 856 2284 ἐπαινεῖ
893 2242 986 2294 τούς
1034 2248 1251 2300 Μεγαρεῖς·
1298 2243 1427 2300 ἤγουν
1467 2243 1617 2298 ἄριστοι
1655 2242 1702 2286 τὰ

173 2302 350 2347 ναυτικά.
412 2307 510 2346 haec
539 2309 744 2358 postrema.
775 2311 972 2351 recentior
1003 2313 1220 2352 scholiasta
1258 2312 1440 2363 exhibet,
1480 2312 1551 2351 sed
1582 2312 1704 2351 etiam

174 2372 294 2412 schol.
326 2372 512 2412 Ambros.
549 2371 723 2414 ναυτικοὶ
761 2370 836 2427 γάρ
873 2375 946 2416 εἰσι
988 2378 1170 2428 quamvis
1211 2377 1341 2417 alieno
1383 2378 1468 2417 loeo
1499 2376 1627 2428 addit,
1665 2380 1707 2417 et

173 2437 314 2477 deinde
344 2438 464 2488 plane
494 2438 591 2477 dicit
621 2443 810 2491 μαρτυρεῖ
835 2437 878 2479 δὲ
908 2436 1042 2490 αὐτοῖς
1067 2441 1296 2494 Σιμωνίδης
1327 2437 1528 2493 ναυτικήν.
1590 2441 1703 2481 Veri-

174 2502 305 2542 simile
335 2503 462 2554 igitur
494 2503 735 2543 Simonidem
766 2505 840 2545 hoo
869 2506 956 2556 ipso
986 2507 1145 2547 nomine
1177 2507 1468 2547 conaudavisse
1494 2507 1703 2558 Megaren-

177 2581 252 2620 ses,
277 2568 413 2619 itaque
439 2570 726 2619 grammaticus
751 2582 831 2610 11011
850 2571 976 2622 epigr.
1001 2573 1097 2621 107,
1116 2572 1187 2611 sed
1212 2573 1336 2611 alium
1361 2573 1492 2612 locum
1517 2571 1703 2622 respexit.

855 2685 944 2728 200
963 2685 1015 2729 A.

292 2770 422 2811 Tzetz.
454 2769 556 2811 Ghil.
588 2770 609 2808 I
641 2771 746 2810 430:

347 2849 510 2906 Ἀρτέως
541 2851 585 2893 ἐν
614 2854 695 2902 τοῖς
724 2851 949 2906 θρέμμασιν
978 2846 1031 2906 ἦν
1061 2869 1096 2894 τι
1125 2857 1300 2908 χρυσοῦν
1329 2851 1489 2909 ἀρνίον,

344 2913 389 2957 Ὁ
419 2917 647 2970 Σιμωνίδης
677 2921 915 2971 πορφυροῦν
945 2914 1046 2960 εἶναι
1076 2917 1119 2960 δὲ
1149 2922 1261 2961 τοῦτο
1292 2918 1403 2975 λέγει.
