1864 3126
216 143 303 184 392
532 134 534 139 “
778 140 970 177 POETAE
995 140 1172 177 MELICI.

215 250 484 306 ἀναφέρουσιν
520 254 575 301 εἰς
610 251 713 306 γένει
744 254 859 304 Κᾶρα
896 248 1040 303 ἄνδρα·
1077 254 1215 292 τοῦτον
1251 249 1326 306 γὰρ
1362 248 1471 294 ἁλιέα
1500 250 1740 307 τυγχάνοντα

215 321 403 370 χειμῶνος
428 315 676 370 θεασάμενον
699 314 909 358 πολύποδα
934 316 1073 356 εἰπεῖν·
1101 318 1157 357 Εἰ
1180 315 1251 369 μὲν
1274 314 1428 365 ἀποδὺς
1452 315 1740 371 κολυμβήσαιμι

216 379 277 422 ἐπ’
312 379 451 439 αὐτόν,
490 380 659 437 ῥιγώσω·
698 379 768 422 ἐὰν
805 380 847 421 δὲ
885 378 936 433 μὴ
974 378 1081 434 λάβω
1118 379 1187 422 τὸν
1222 378 1448 433 πολύποδα,
1484 385 1545 437 τῷ,
1566 385 1664 439 λιμῷ
1693 379 1741 422 τὰ

216 444 347 486 παιδί’
371 444 516 489 ἀπολῶ.
566 446 759 500 Κέχρηται
787 445 829 487 δὲ
853 450 905 503 τῷ
931 443 1031 501 λόγῳ
1057 443 1180 503 τούτῳ
1210 446 1434 500 Τιμοκρέων
1459 446 1502 487 ἐν
1527 446 1652 500 μέλεσι
1676 447 1742 488 καὶ

217 513 495 564 Σιμωνίδης
538 509 683 553 αὐτοῦ
727 508 1019 564 μνημονεύει
1062 511 1111 552 ἐν
1145 516 1203 569 τῷ
1241 514 1307 561 εἰς
1334 510 1551 565 Ὄριλλαν
1592 513 1741 554 ἒπθνι-

217 579 312 631 κίῳ.
376 579 433 618 Of.
466 579 589 617 Walz.
621 580 737 618 Rhet.
776 579 815 617 II
857 581 921 618 11.
988 579 1144 617 Nomen
1186 579 1252 618 vix
1294 579 1514 629 integrum,
1558 580 1650 620 fort.
1687 579 1742 628 εἰς

220 644 438 695 Τυρίμμαν,
465 645 535 695 qui
556 643 616 684 01.
638 646 694 684 80
720 657 839 683 cursu
863 644 958 682 vicit
977 642 1180 694 Olympia,
1209 644 1278 683 sed
1302 645 1434 694 potuit
1458 644 1563 683 idem
1588 645 1630 682 in
1653 645 1742 683 aliis

218 709 500 748 certaminibus
532 710 613 748 iam
644 712 761 748 antea
785 710 914 748 victor
939 709 1177 748 renuntiari:
1209 723 1352 749 nomen
1377 712 1509 748 autem
1537 711 1610 749 hoc
1632 710 1742 750 varie

217 788 241 812 a
266 774 440 813 librariis
462 778 524 814 est
543 776 816 825 depravatum.
867 775 980 821 Quod
1006 775 1040 814 si
1063 775 1233 814 nominis
1258 778 1415 814 tantum
1440 775 1742 815 similit-udinem

219 841 395 889 secteris,
426 841 554 890 possis
588 841 708 880 etiam
739 836 943 893 Δόριλλον,
971 836 1160 891 Ἀρίμμαν
1191 841 1271 880 alia
1301 840 1502 880 coniicere.

311 1114 619 1131 -UKJ--UU
644 1114 999 1131 UUUUUUUU

312 1168 764 1191 „-uu-uu-w}.s

313 1233 857 1250 uuuuuuuuuuuu
881 1227 1095 1249 υ-υυὶέ

313 1288 715 1309 ,ε--υυ--ῑυ-

313 1351 478 1368 ..υυ-
505 1361 691 1370 ......

307 1416 383 1470 Ὡς
415 1415 583 1461 ὁπόταν
614 1418 836 1475 χειμέριον
867 1416 977 1462 κατὰ
1009 1421 1128 1474 μῆνα
1160 1417 1351 1475 πινύσκῃ
1656 1431 1749 1462 1121.

317 1486 427 1540 Ζεὺς
459 1487 603 1544 ἄματα
634 1489 824 1545 τέσσαρα
856 1488 928 1531 καὶ
962 1489 1087 1544 δέκα,

315 1558 575 1616 λαθοένεμόν
607 1560 655 1603 τέ
683 1577 759 1615 μιν
792 1557 915 1617 ὥραν
946 1561 1171 1604 καλέοισιν
1204 1558 1454 1616 ἐπιχθόνιοι

317 1629 420 1688 ι”ρὰν
452 1629 758 1689 παιδοτρόφον
790 1634 990 1683 ποικίλας

316 1701 547 1755 ἀλκυόνος.

884 1787 1087 1840 13.[194

316 1881 483 1902 υᾼυυ
507 1885 765 1902 ------

317 1939 816 1962 ,Δυ-ᾴυ-υᾼυῌ

253 2010 260 2015 ·
317 1995 436 2021 Uibu

318 2082 377 2116 Fr.
401 2085 454 2117 12.
494 2080 646 2117 Aristot.
666 2080 761 2116 Hist.
783 2080 904 2116 Anim.
926 2080 959 2115 V
979 2083 1019 2115 9:
1039 2078 1086 2115 ‘H
1109 2077 1147 2115 δ’
1175 2077 1324 2116 αλκυών
1349 2082 1465 2116 τίκτει
1489 2081 1575 2126 περὶ
1605 2079 1748 2127 τροπὰς

223 2126 290 2170 τὰς
316 2127 544 2186 χειμερινάς·
572 2125 630 2163 διὸ
657 2127 722 2163 καὶ
746 2128 970 2184 καλοῦνται,
996 2124 1088 2163 ὅταν
1115 2124 1300 2163 εὖδιειναὶ
1324 2127 1511 2173 γένωνται
1534 2127 1578 2163 αἴ
1599 2131 1746 2174 τροπαί,

219 2174 446 2213 Ἀλκυόνειαι
471 2173 623 2222 ἡμέραι,
651 2173 744 2211 ἑπτὰ
771 2174 840 2236 μὲν
864 2173 944 2232 πρὸ
963 2175 1127 2233 τροπῶν,
1154 2172 1248 2211 ἔπτὰ
1275 2174 1317 2211 δὲ
1343 2174 1438 2220 μετὰ
1462 2173 1619 2222 τροπάς,
1650 2179 1746 2212 καθ-

225 2237 321 2270 απερ
353 2223 418 2259 καὶ
448 2224 663 2281 Σιμωνίδης
695 2220 887 2280 ἐποίησεν·
921 2219 976 2263 ὡς
1006 2219 1178 2258 ὁπόταν
1209 2226 1282 2258 κτλ.
1341 2223 1415 2258 Res
1418 2223 1509 2269 picit
1533 2223 1606 2259 huc
1631 2223 1746 2259 Bekk.

225 2273 294 2306 An.
321 2272 336 2306 I
363 2276 443 2317 377,
470 2275 532 2306 27:
564 2267 844 2329 'Al-unovffleg
868 2267 1052 2328 ημέραι·
1085 2270 1171 2316 περὶ
1195 2270 1262 2306 τοῦ
1287 2267 1455 2316 αριθμοῦ
1481 2270 1746 2328 διαφέρονται·

225 2320 456 2376 Σιμωνίδης
472 2317 541 2364 μὲν
571 2332 643 2375 γαρ
671 2315 711 2353 ἐν
738 2316 1029 2359 Πεντάθλοις
1062 2316 1198 2353 ἕνδεκα
1231 2318 1311 2363 (sed
1336 2318 1415 2356 cod.
1443 2316 1506 2363 ια’,
1536 2317 1577 2353 id
1601 2321 1659 2354 est
1683 2315 1748 2363 ιδ’)

226 2366 339 2411 φησὶν
364 2363 484 2406 αὐτὰς
508 2366 572 2401 καὶ
594 2362 838 2411 Ἀριστοτέλης
864 2363 905 2401 έν
931 2379 1008 2406 τοις
1032 2365 1118 2409 περὶ
1144 2362 1258 2408 ζώων.
1308 2365 1413 2401 Adde
1434 2365 1534 2401 Suid.
1560 2377 1588 2400 s.
1615 2366 1747 2401 eadem

226 2425 326 2458 voce,
352 2414 523 2459 Apostol.
547 2413 656 2448 1120.
683 2413 811 2448 Arsen.
833 2416 888 2448 40.
915 2413 1053 2449 Eudoc.
1080 2416 1136 2456 35,
1163 2412 1228 2447 ubi
1252 2410 1363 2448 πέντε
1389 2424 1458 2457 pro
1483 2409 1532 2448 ιδ’
1559 2411 1747 2448 similiter-

226 2473 296 2506 que
323 2461 426 2496 Eust.
452 2461 497 2495 ΙΙ.
527 2465 605 2505 776,
631 2464 686 2495 34.
715 2480 758 2486 ——
787 2460 829 2497 V.
859 2465 888 2496 1.
915 2459 1103 2506 χειμέριον
1128 2473 1224 2495 κατα
1250 2460 1361 2504 μῆνα,
1389 2459 1499 2495 Aa-Ca.
1523 2457 1618 2495 κατὰ
1645 2460 1747 2506 μῆνα

226 2522 321 2562 χειμ.
341 2529 387 2534 —
406 2506 580 2555 πινύσκῃ,
598 2489 658 2542 ’Aa
674 2504 858 2543 πινύσκει.
890 2507 1074 2543 Vocabuli
1093 2506 1320 2552 elegantiam
1339 2517 1412 2542 non
1431 2507 1746 2563 animadvertunt,

226 2555 290 2600 qui
305 2555 525 2591 coniecturis
538 2556 698 2599 tentant,
713 2555 895 2591 Ruhnken
909 2553 1072 2612 τιτύσκῃ,
1086 2555 1257 2612 Hartung
1272 2551 1556 2612 έπιμύσῃ,ΒΙειεε
1569 2551 1744 2600 τανύσσῃ.

225 2624 272 2628 -
297 2604 340 2639 V.
368 2607 399 2638 2.
439 2616 565 2647 αματα
603 2583 877 2645 Schneidewin,
914 2615 947 2638 v.
980 2599 1116 2647 ἤματα.
1145 2622 1188 2627 -
1213 2599 1373 2646 τέσσαρα
1410 2601 1475 2636 καὶ
1511 2599 1620 2643 δέκα,
1659 2589 1748 2636 PDa

225 2651 577 2694 τεσσαρεσκαίδεκα.
598 2670 641 2676 -
662 2649 706 2686 V.
722 2654 753 2686 3.
779 2648 831 2693 τέ,
852 2630 1110 2685 Schneidewin
1129 2647 1183 2684 δέ.
1204 2669 1247 2675 -
1268 2647 1457 2684 ’καλέοισιν
1477 2647 1748 2693 Schneidewin,

227 2711 259 2733 v.
287 2696 497 2733 καλέουσιν.
518 2718 562 2723 —
583 2697 626 2733 V.
647 2701 679 2733 4.
707 2694 793 2742 ἴρὰν
817 2679 1086 2740 Schneidewin,
1111 2709 1145 2732 v,
1167 2693 1283 2753 ἴεραν.
1303 2717 1349 2722 -
1369 2696 1548 2738 ποικίλας,
1574 2675 1748 2752 Hartung'·

227 2747 443 2786 ποικιλίδος.
463 2745 634 2780 Fortasse
649 2745 899 2780 scribendum:
915 2741 1012 2789 ἷραν,
1027 2725 1284 2788 παιδοτρόφον
1297 2745 1468 2783 ποικίλας
1480 2723 1748 2783 ἆλνυδόνος.

228 2792 400 2828 Formam
425 2789 598 2827 ἁλκυδών
623 2792 794 2836 agnoscit
818 2791 1052 2827 Herodianus
1075 2791 1133 2827 Et.
1153 2790 1202 2826 M.
1224 2795 1280 2835 66,
1299 2794 1362 2826 35:
1388 2789 1570 2835 syllabam
1593 2790 1747 2835 paenul-

227 2839 358 2874 timam
395 2839 616 2885 productam
654 2850 734 2874 esse
771 2839 932 2875 testatur
967 2838 1125 2874 latinum
1164 2838 1386 2874 vocabulum
1404 2802 1563 2880 δ’,αῑοεάο
1607 2838 1649 2872 ut
1685 2837 1747 2872 hic

230 2885 279 2920 sit
303 2897 430 2922 versus
456 2897 647 2923 numerus:
678 2916 702 2923 ,
725 2916 749 2922 -
773 2916 796 2922 ..
819 2903 855 2921 υ.
867 2904 892 2921 υ
915 2916 938 2921 -
962 2915 986 2921 -
1010 2903 1033 2920 υ
1057 2915 1080 2921 ..
1105 2915 1128 2920 -
1152 2915 1175 2920 -
1199 2902 1223 2920 υ
1246 2914 1270 2920 ..
1318 2884 1458 2944 Eadetn
1491 2884 1611 2920 forma
1640 2884 1748 2920 resti-
