1864 3126
258 165 346 207 474
821 167 1012 204 ΡΟΕΤΑΕ
1039 167 1219 205 MELICI.

890 277 984 319 126.
1018 277 1152 331 [181.]
1690 290 1778 324 1161

352 359 485 412 Σᾶμα
516 358 617 401 τόδε
650 361 880 416 Σπίνθηρι
913 356 1056 414 πατὴρ
1090 359 1276 415 ἐπέθηκε
1307 358 1510 403 θανόντι.

413 443 1103 471 *********

889 549 983 592 127.
1017 549 1152 602 [182]

352 627 475 686 Κρὴς
506 627 664 685 γενεὰν
696 629 922 687 Βρόταχος
953 629 1197 688 Γορτύνιος
1229 629 1395 674 ἐνθάδε
1426 638 1589 687 κεῖμαι,

408 697 463 743 οὐ
494 698 604 743 κατὰ
635 699 757 744 τοῦτ’
793 700 956 757 ἐλθών,
988 700 1099 745 ἀλλὰ
1131 699 1225 744 κατ’
1261 702 1487 759 ἐμπορίαν.

352 903 411 944 Οί
438 900 520 958 μὲν
553 901 627 958 ἐμὲ
657 905 906 954 κτείναντες
937 900 1107 959 ὁμοίων
1138 900 1437 959 ἀντιτύχοιεν,

409 975 497 1016 Ζεῦ
529 971 670 1029 Ξένι’,
703 975 750 1017 οἱ
779 971 818 1017 δ’
854 971 941 1018 ὑπὸ
973 976 1059 1030 γᾶν
1090 974 1245 1026 θέντες
1276 972 1457 1018 ὄναιντο
1489 977 1603 1030 βίον.

834 1117 887 1123 -
925 1093 1190 1147 129.[183]

350 1167 492 1226 Οὗτος
525 1173 549 1218 ὁ
581 1177 663 1218 τοῦ
694 1178 849 1218 Κείοιο
886 1177 1150 1231 Σιμωνίδεω
1184 1174 1273 1219 ἐστὶ
1307 1173 1505 1231 σαωτήρ,

406 1242 455 1296 ὃς
486 1245 558 1288 καὶ
590 1236 790 1301 τεθνηὼς
823 1248 948 1298 ζῶντι
981 1245 1170 1302 παρέσχε
1201 1244 1343 1302 χάριν.

254 1389 403 1441 ceptum
428 1398 508 1423 esse
533 1388 808 1432 pentametrum
835 1387 967 1423 stahuit
992 1387 1139 1423 Hecker
1164 1388 1197 1422 II
1224 1391 1280 1430 91,
1308 1398 1527 1433 comparans
1553 1387 1777 1433 Crinagorae

250 1434 365 1480 epigr.
392 1435 504 1470 Anth.
531 1435 582 1470 IX
608 1439 687 1470 239.

347 1493 473 1539 Epigr.
503 1497 580 1529 126.
630 1494 743 1529 Anth.
771 1494 847 1529 Pal.
875 1494 944 1528 VII
972 1498 1056 1530 177:
1090 1505 1180 1530 corr.
1207 1496 1296 1540 Σιμ
1303 1496 1483 1530 ωνίδον.
1516 1515 1559 1520 -
1586 1495 1779 1540 Σπίνθηρι

254 1541 394 1585 1acobs,
421 1541 499 1576 cod.
527 1541 555 1577 P
582 1542 773 1586 σπινθῆρι.
802 1562 842 1566 -
873 1538 1058 1586 ἐπέθηκε,
1083 1541 1113 1576 Ρ
1138 1508 1352 1587 4111105,μέοἀ
1384 1553 1475 1578 corr.
1502 1538 1571 1577 ἕπε’
1603 1553 1716 1586 supra
1739 1542 1779 1577 in

254 1599 381 1623 rasura
412 1588 566 1624 addidit.
617 1589 773 1624 Versum
808 1589 935 1624 deesse
969 1554 1487 1634 8181111110ον172,11081ᾶο1·8111118
1527 1588 1626 1624 enim
1660 1588 1778 1635 patris

251 1647 397 1680 nomen,
425 1636 524 1680 quod
551 1635 665 1671 etiam
690 1635 729 1670 in
755 1635 919 1680 antiquis
946 1636 1158 1680 epissaphiis,
1185 1647 1280 1681 quae
1305 1648 1378 1672 11110
1398 1647 1504 1672 versu
1523 1636 1778 1681 absolvuntur,

251 1683 454 1728 comparet,
481 1682 584 1718 velut
608 1683 742 1718 Kaibel
768 1687 788 1718 5
814 1684 934 1732 Λυσίᾳ
962 1681 1105 1720 ἐνθάδε
1133 1684 1231 1729 σῆμα
1257 1681 1380 1729 πατὴρ
1407 1682 1547 1729 Σήμων
1573 1664 1778 1728 ἐπέθηκεν,

251 1730 311 1765 vel
339 1734 383 1765 14
421 1729 535 1779 Αἰνέᾳ
560 1728 647 1766 τόδε
683 1730 782 1776 σῆμα
810 1720 1005 1784 Τιμοκλῆς
1038 1728 1223 1776 ἐπέθηκε,
1256 1730 1321 1766 ubi
1349 1732 1490 1767 temere
1520 1730 1654 1766 Kaibel
1684 1729 1779 1766 dicit

249 1789 309 1812 me
335 1767 526 1812 assensum
553 1789 631 1813 esse
657 1777 719 1821 iis,
756 1777 820 1823 qui
845 1778 938 1813 haec
972 1779 1011 1814 in
1035 1778 1293 1813 hexametrum
1316 1777 1509 1823 redigunt:
1542 1778 1653 1832 plane
1677 1777 1778 1813 enim

251 1825 328 1859 dixi
354 1824 427 1859 duo
455 1825 537 1860 cola
563 1836 640 1860 esse
666 1825 893 1870 logaoedica.
946 1825 1018 1862 Sed
1043 1825 1245 1860 liberorum
1277 1825 1430 1861 nomina
1453 1825 1595 1870 passim
1619 1824 1778 1861 101110ου·

250 1873 327 1914 tur,
364 1871 467 1906 17011111
501 1872 634 1907 Kaibel
667 1876 687 1907 9
720 1873 758 1907 et
790 1872 928 1907 Simon.
962 1885 1018 1918 ep.
1047 1876 1131 1916 123,
1167 1877 1203 1916 1;
1237 1873 1303 1908 sed
1334 1871 1467 1907 Kaibel
1501 1876 1543 1907 12
1579 1872 1790 1918 legendum'

248 1915 430 1961 (Ἐνθαδε
459 1919 556 1964 σῆμα
577 1912 801 1966 κασιγνήτῳ)
827 1918 1115 1965 Ξενόφα(ντος.
1143 1947 1150 1954 .
1215 1917 1418 1967 Ευδό)ξ,ῳ
1445 1918 1669 1964 κατέθηκεν.
1706 1917 1779 1954 Ne-

253 1977 323 2010 que
349 1977 436 2001 vero
463 1966 766 2008 existimandum,
801 1966 977 2010 quoniam
1003 1947 1186 2012 Σπίνθηρ
1208 1967 1340 2002 servile
1366 1956 1442 2002 fere-
1467 1966 1616 2003 videssur
1641 1976 1775 2002 nomen

251 2012 525 2057 1111800,ρ811·13
549 2024 686 2049 nomen
717 1994 885 2048 consulto
918 2025 997 2049 esse
1029 2015 1217 2050 omissum.
1269 2013 1524 2059 Epigramma,
1557 2014 1588 2049 si
1613 2013 1776 2049 disfiicho

249 2059 525 2103 continebatur,
563 2061 662 2095 haud
696 2060 806 2096 dubie
837 2061 1049 2105 antiquum3
1082 2061 1145 2096 sed
1177 2061 1223 2095 de
1257 2060 1444 2096 Simonide
1476 2060 1524 2095 sit
1548 2060 1638 2096 fides
1662 2071 1775 2106 penes

248 2109 449 2143 auctorem.

344 2166 468 2227 Epigr.
505 2170 582 2202 127.
634 2166 721 2202 Cod.
756 2167 832 2202 Pal.
866 2178 926 2212 ap.
953 2166 1093 2202 Iacobs.
1121 2166 1208 2203 Not.
1235 2165 1324 2202 Crit.
1351 2166 1465 2203 Anth
1493 2166 1568 2202 Pal.
1594 2165 1776 2201 V11254:

249 2225 342 2249 corr.
381 2214 457 2249 Επὶ
483 2211 692 2271 Βρόταχον.
743 2215 1018 2272 Σιμωνίδου.
1064 2215 1102 2249 et
1137 2213 1176 2248 in
1213 2214 1285 2249 fine
1321 2213 1433 2249 τοῦτο
1472 2213 1605 2254 δισσῶς
1641 2217 1772 2250 κειται.

248 2261 400 2297 Formas
428 2259 606 2308 βρόταχος
641 2264 679 2297 et
711 2259 895 2316 βράταχος
925 2262 1110 2296 testantur
1143 2259 1202 2296 Et.
1228 2259 1276 2297 M.
1303 2265 1384 2305 214,
1409 2265 1454 2296 43
1487 2262 1525 2296 011
1555 2259 1775 2316 Hesychius,

248 2308 286 2343 in
311 2308 545 2345 Batrachom.
573 2313 642 2344 294
668 2308 905 2344 scribendum
931 2305 973 2349 ὅς
999 2306 1047 2354 §a
1071 2305 1155 2343 τότε
1183 2305 1484 2354 βραταχοισιν
1517 2304 1688 2353 ἀρωγοὺς
1712 2302 1774 2343 εὖ·

251 2353 326 2396 θὺς
354 2354 534 2402 ἔπεμψεν.
562 2377 606 2381 -—
632 2356 675 2392 V.
703 2361 735 2392 2.
764 2353 948 2402 ἐμπορίαν
975 2355 1244 2399 Schneidewin,
1270 2355 1350 2390 cod.
1379 2352 1518 2401 ἕμπορί
1513 2368 1572 2400 ην.

345 2426 482 2484 Epigr.
501 2431 577 2463 128.
628 2425 780 2462 Anthol.
814 2427 893 2462 Pal.
920 2426 989 2461 VII
1014 2430 1101 2462 516:
1135 2437 1227 2462 corr.
1259 2425 1326 2462 τοῦ
1362 2422 1480 2461 αυτοῦ
1513 2425 1774 2471 (Σιμωνίδου)·

249 2472 362 2515 Cels
402 2472 486 2509 τινὰ
519 2471 592 2509 ’ὑπὸ
626 2474 768 2521 λῃστῶν
799 2470 1065 2519 ἀναιρεθέντα.
1115 2473 1273 2518 Legitur
1304 2473 1418 2509 etiam
1449 2474 1487 2508 in
1518 2474 1693 2509 lemmate
1725 2471 1773 2507 ad

248 2555 317 2591 VII
343 2560 387 2591 77
414 2557 500 2600 (vid.
529 2558 616 2603 epig
618 2569 643 2592 r.
668 2558 759 2602 129).
791 2577 831 2582 —
860 2555 902 2592 V.
930 2560 962 2592 2.
990 2557 1072 2603 βίου
1099 2555 1178 2590 cod.
1199 2555 1238 2600 P,
1265 2555 1330 2590 sed
1355 2555 1474 2590 altero
1500 2555 1581 2590 loco
1607 2531 1702 2600 βίον
1725 2575 1768 2580 -

249 2603 402 2639 Dicetur
427 2603 473 2639 de
499 2604 569 2639 hoc
591 2569 788 2649 epitaphio
814 2603 862 2639 ad
888 2614 944 2649 ep.
974 2607 1051 2638 129.

342 2674 469 2720 Epigr.
497 2678 574 2710 129.
625 2674 737 2709 Anth.
758 2674 835 2710 Pal.
858 2674 927 2709 VH
953 2677 1014 2709 77·
1041 2675 1072 2708 Α
1100 2671 1166 2713 Εἰς
1195 2675 1283 2718 Σιμ
1258 2673 1486 2730 μωνίδην
1495 2637 1771 2727 Σιμωνίδου.

249 2721 386 2756 ibidem
422 2722 514 2757 haec
548 2721 588 2755 in
621 2731 737 2765 marg.
773 2731 863 2756 corr.
898 2720 1110 2780 adscripsit.
1149 2721 1361 2765 Σιμωνίδης
1395 2715 1516 2764 ευρών
1556 2716 1693 2776 νεκρὸν
1729 2716 1772 2754 ἐν

248 2766 353 2823 νήσῳ
374 2768 446 2803 τινὶ
478 2765 613 2813 θαψας
645 2765 877 2813 ἐπέγραψεν·
911 2766 956 2803 οῖ
978 2766 1058 2824 μεν
1085 2764 1161 2813 ἐμὲ
1194 2770 1268 2802 κτλ.
1295 2767 1434 2824 (Epigr.
1463 2767 1552 2811 128).
1588 2762 1608 2800 ὁ
1638 2765 1774 2821 ταφεὶς

250 2812 381 2870 νεκρὸς
420 2812 620 2873 ἐπιφανεὶς
646 2816 700 2873 τῷ
733 2816 926 2862 Σιμωνίδῃ
960 2812 1119 2850 ἐκώλυσε
1152 2817 1275 2850 πλεῖν·
1309 2811 1369 2849 διὸ
1401 2813 1476 2848 τῶν
1507 2809 1771 2869 συμπλεόντων

248 2859 296 2905 μὴ
324 2861 576 2919 πεισθέντων,
608 2852 724 2903 αυτὸς
749 2864 881 2908 μείνας
906 2859 1078 2906 σωζεται,
1104 2860 1167 2896 καὶ
1195 2858 1397 2906 ἐπιγράφει
1421 2857 1507 2895 τόδε
1534 2858 1575 2895 τὸ
1603 2857 1770 2905 ἐλεγεῖον

251 2908 299 2952 τῷ
328 2906 454 2955 τάφῳ·
483 2891 615 2950 οὗτος
640 2907 659 2945 ὁ
687 2910 765 2944 τοῦ
793 2911 953 2945 Κείοιο
980 2912 1053 2944 κτλ.
1104 2907 1260 2954 Legitur
1284 2907 1396 2943 etiam
1422 2918 1480 2954 ap.
1508 2906 1592 2942 Sch.
1618 2906 1768 2943 Aristid.
