1864 3126
212 158 297 201 596
772 157 959 194 POETAE
986 158 1163 196 MELICI.

299 264 482 322 Ὑγίεια,
514 268 754 322 πρεσβίστα
786 264 1018 323 μακάρων,
1056 265 1162 323 μετὰ
1197 269 1276 310 σεῦ
1306 269 1475 324 ναίοιμι
1506 265 1556 311 τὸ
1589 266 1732 312 λειπό-

1061 355 1199 394 μενον
1620 366 1622 368 -
1642 349 1733 382 1250

304 409 470 463 βιοτᾶς,
504 405 560 450 σὺ
593 407 645 450 δέ
674 423 748 463 μοι
780 406 999 464 πρόφρων
1031 407 1239 460 σύνοικος
1271 414 1380 465 εἴης·

306 481 346 522 εἰ
375 478 460 535 γάρ
491 495 557 529 τις
588 475 614 534 ἢ
648 477 845 522 πλούτου
876 477 1002 535 χάρις
1032 475 1059 535 ἢ
1091 479 1273 535 τεκέων,

211 631 371 677 Ariphro
396 630 605 667 Philoxeno
632 631 837 677 ceterisque
857 630 1151 678 dithyrambicae
1176 632 1310 678 poesis,
1330 632 1393 687 qui
1410 634 1500 668 tunc
1518 632 1730 678 extiterunt,

210 679 443 725 principibus
462 681 586 715 aetate
611 679 687 714 fere
715 691 865 725 suppar,
890 681 981 715 item
1004 680 1213 725 Licymnio,
1239 680 1410 725 quamvis
1435 680 1496 716 hic
1520 681 1563 716 ut
1586 679 1735 716 videtur

211 726 444 772 aliquantum
476 727 696 772 provectior.
747 726 826 769 Quo
857 727 977 772 magis
1007 727 1327 763 animadversione
1360 727 1493 773 dignus
1526 739 1734 773 consensus,

212 775 275 819 qui
300 774 397 810 inter
431 773 650 829 Α1111111·0010
681 785 865 819 paeanem
896 774 982 819 (hoc
1013 774 1112 810 enim
1142 775 1292 810 nomine
1322 774 1477 820 insignit
1505 776 1735 820 Athenaeus)

211 824 249 857 et
273 821 450 866 reliquias
476 821 665 865 carminis,
699 822 798 867 quod
823 821 1017 875 Licymnio
1047 821 1181 857 tribuit
1212 822 1344 858 Sextus
1369 822 1495 868 Emp„
1525 822 1734 859 intercedit.

213 868 360 905 Conieci
386 869 588 913 aliquando
614 869 659 904 de
686 870 837 904 auctore
868 867 979 904 huius
1012 869 1183 905 carminis
1215 869 1487 906 dubitationem
1518 869 1650 915 fuisse,
1679 869 1736 905 ita

210 919 252 952 ut
278 916 343 951 alii
369 917 417 951 ad
441 916 700 962 Ariphronem,
720 916 786 951 0111
810 917 857 951 ad
877 915 1111 962 Licymnium
1136 918 1359 961 rettulerint,
1385 917 1458 952 vid.
1480 917 1568 963 Licy
1569 929 1618 954 m.
1637 917 1681 952 fr.
1701 921 1734 962 4,

214 975 351 1022 neque
359 963 564 1021 integrum
573 975 722 999 0011000
749 965 937 999 servatum
969 974 1060 1008 esse,
1095 976 1139 1000 ac
1169 964 1327 1000 fortasse
1358 964 1591 1000 Athenaeum
1623 964 1736 1010 scrip·

213 1012 304 1047 sisse
340 1008 518 1057 Ἀρίφρων
549 1007 573 1057 ἢ
604 1009 817 1057 Λικύμνιος.
867 1011 1004 1047 Verum
1037 992 1135 1047 lianc
1159 1011 1408 1057 suspicionem
1433 1012 1572 1047 dudum
1599 1012 1737 1047 abieci:

211 1071 298 1094 nam
335 1058 552 1104 Ariphronis
584 1070 731 1094 carmen
769 1059 956 1104 integrum
995 1070 1072 1095 esse
1105 1061 1292 1095 servatum
1322 1071 1396 1095 non
1427 1060 1548 1095 solum
1577 1061 1740 1105 arguunt

213 1107 424 1141 Athenaeus
451 1107 489 1141 et
512 1106 608 1152 lapis
633 1107 779 1142 Atticus
813 1106 924 1151 plane
951 1109 1212 1152 congruentes,
1246 1106 1311 1142 sed
1342 1107 1455 1143 etiam
1485 1106 1669 1142 Lucianus
1701 1108 1740 1142 et

211 1153 396 1188 Maximus
422 1154 565 1198 Tyrius,
585 1166 618 1190 v.
642 1158 702 1188 1—
711 1158 731 1188 2
752 1154 1017 1199 adscribentes,
1036 1154 1234 1190 manifesto
1255 1154 1428 1189 carminis
1455 1154 1645 1190 exordium
1670 1154 1735 1189 ad-

211 1201 360 1245 hibent3
393 1200 567 1236 videntur
599 1201 697 1236 enim
728 1201 798 1236 hoc
830 1212 978 1236 carmen
1009 1201 1123 1237 etiam
1155 1213 1248 1237 saec.
1281 1202 1364 1247 IIp
1403 1201 1486 1237 Chr.
1511 1214 1547 1237 n.
1579 1201 1619 1236 in
1650 1212 1736 1237 con-

210 1248 321 1284 viviis
355 1247 589 1284 recitavisse.
627 1260 714 1283 nam
749 1249 871 1294 patrio
905 1260 1007 1284 more
1042 1249 1164 1284 noviss
1166 1249 1282 1284 imum
1316 1214 1491 1294 poculum
1523 1248 1739 1294 Aesculapii

210 1296 321 1331 natae
351 1295 599 1341 propinabant
624 1297 909 1341 (μετανιπτρίδα
937 1296 1002 1340 τῆς
1028 1293 1216 1341 Τγιείας).
1261 1296 1475 1341 Licymnius
1501 1297 1627 1332 autem
1659 1295 1735 1332 alio

212 1343 360 1378 exordio
387 1354 474 1378 usus
501 1345 576 1386 est,
603 1343 702 1388 quod.
727 1354 801 1378 non
826 1343 917 1378 licet
942 1343 1198 1388 conglutinare
1225 1354 1307 1379 cum
1332 1343 1552 1388 Ariphronis
1582 1354 1737 1389 paeane.

211 1391 289 1425 Iam
317 1391 416 1435 quod
441 1390 659 1436 Ariphronis
685 1402 811 1426 versus
837 1392 912 1426 tres
934 1392 979 1435 (3.
1001 1396 1032 1427 4.
1054 1392 1089 1434 8)
1109 1391 1265 1427 totidem
1290 1390 1413 1427 verbis
1438 1391 1614 1445 leguntur
1638 1391 1738 1436 apud

209 1437 456 1492 Licymnium,
470 1439 628 1473 alterum
642 1438 796 1473 alterius
817 1438 978 1474 carmine
998 1450 1104 1473 usum
1124 1449 1202 1474 esse
1222 1440 1387 1484 apparet,
1408 1438 1473 1473 sed
1491 1437 1634 1474 inventi
1652 1437 1734 1474 laus

210 1487 334 1521 utrum
359 1484 552 1531 Licymnio
579 1497 625 1520 an
650 1485 851 1531 Ariphroni
877 1485 926 1521 sit
950 1486 1188 1529 vindicanda,
1218 1497 1293 1521 non
1324 1484 1624 1521 diiudicaverim:
1662 1485 1734 1521 nisi

210 1533 304 1568 forte
325 1535 480 1578 uterque
501 1533 720 1577 antiquioris
741 1532 915 1568 carminis
934 1534 1041 1568 flores
1061 1529 1255 1579 decerpsit.
1282 1531 1439 1568 Athenis
1459 1533 1556 1568 enim
1576 1533 1636 1568 die
1650 1532 1736 1568 VIII

210 1580 344 1615 mensis
370 1580 676 1626 Elaphebolionis
701 1581 869 1626 proxime
894 1582 980 1616 ante
1006 1581 1197 1626 Dionysia,
1222 1581 1286 1625 qui
1306 1580 1385 1616 dies
1403 1579 1629 1625 Aesculapio
1655 1581 1736 1616 erat

211 1629 461 1672 consecratus,
491 1627 531 1663 in
562 1628 640 1663 01110
671 1628 733 1662 dei
762 1628 939 1663 honorem
971 1639 1132 1673 paeanes
1165 1629 1410 1671 canebantur,
1444 1628 1517 1663 vid.
1545 1627 1621 1673 Sop
1621 1627 1659 1664 h.
1691 1628 1734 1663 fr.

211 1687 322 1721 0111110
347 1675 381 1710 II
407 1687 440 1720 p
468 1678 537 1709 245
554 1687 631 1721 sqq.
682 1675 812 1719 Neque
842 1675 1057 1721 Aesculapii
1087 1675 1165 1729 11110
1195 1685 1324 1721 expers
1354 1655 1427 1710 fuit
1455 1640 1735 1711 honorisp.1am

210 1723 240 1757 si
272 1722 470 1766 quotannis
501 1734 599 1758 nova
630 1722 795 1758 carmina
826 1734 900 1758 non
933 1723 1052 1758 solum
1083 1722 1123 1757 in
1159 1723 1426 1768 Aesculapium
1458 1723 1523 1758 sed
1554 1722 1667 1758 etiam
1695 1722 1735 1757 in

208 1770 324 1804 filiam
352 1770 547 1805 condenda
571 1771 685 1814 erant,
706 1782 781 1805 non
807 1772 862 1805 est
887 1770 1018 1805 mirum
1045 1771 1187 1816 poetas,
1207 1782 1290 1806 cum
1317 1770 1442 1805 omnia
1466 1770 1543 1805 fere
1568 1770 1643 1805 iam
1669 1770 1731 1804 de-

209 1817 328 1852 libata
342 1819 476 1862 essent,
496 1817 609 1853 misso
622 1818 786 1852 novandi
806 1817 983 1862 periculo,
1003 1829 1026 1853 a
1044 1817 1230 1863 prioribus
1249 1817 1389 1863 passim
1408 1816 1618 1862 sumpsisse,
1638 1827 1733 1862 quae

210 1876 248 1900 00
274 1876 347 1899 non
373 1865 506 1899 melius
531 1876 708 1900 exornare
734 1876 843 1910 posse
877 1865 1078 1900 crederent.
1130 1865 1299 1900 Meineke
1331 1865 1552 1910 Ariphronis
1583 1875 1733 1900 carmen

210 1924 233 1947 a
259 1912 443 1957 Licymnii
467 1912 606 1956 hymno
629 1923 703 1947 non
730 1912 916 1958 diversum
942 1923 1020 1948 esse
1040 1914 1176 1956 censet,
1197 1912 1412 1948 existimans
1434 1912 1584 1947 Sextum
1611 1923 1735 1947 errore

211 1959 373 2003 quodam
410 1958 594 2003 Licymnii
631 1971 767 1994 nomen
803 1959 842 1994 in
879 1959 1098 2005 Ariphronis
1137 1960 1260 1994 locum
1299 1959 1545 1994 substituisse.
1607 1958 1732 1994 Etiam

209 2007 381 2052 Hartung
407 2007 455 2041 ad
480 2019 593 2042 unum
620 2018 769 2042 carmen
795 2006 919 2042 omnia
943 2007 1073 2052 refert,
1106 2008 1170 2042 sed
1196 2007 1388 2042 contendit
1414 2006 1526 2042 Sexto
1551 2006 1730 2042 maiorem

209 2054 320 2089 fidem
346 2054 555 2089 habendam
582 2065 678 2098 esse,
711 2065 823 2099 quam
848 2054 1060 2099 Athenaeo,
1092 2065 1136 2089 ac
1167 2054 1361 2099 praeterea
1393 2053 1603 2099 suspicatur
1633 2054 1733 2098 apud

212 2101 447 2136 Athenaeum
481 2101 716 2155 scribendum
748 2113 828 2136 0000
862 2083 1060 2146 ἐποίησεν
1068 2098 1253 2146 Ἀρίφρονι
1285 2098 1497 2147 Λικύμνιος.
1525 2121 1568 2126 -
1596 2100 1731 2137 Versus

209 2148 384 2184 carminis
423 2148 562 2194 passim
597 2149 707 2184 aliter
741 2148 992 2184 discribendos
1027 2151 1152 2184 censet
1183 2147 1233 2184 M.
1267 2148 1437 2184 Schmidt
1466 2148 1573 2183 Pind.
1607 2147 1662 2184 01.

209 2192 373 2233 LXXIX.
401 2217 444 2222 —
471 2196 515 2232 V.
543 2200 574 2231 1.
605 2192 668 2241 ’Ty
671 2197 746 2231 ίεια
771 2196 924 2240 Athen,
950 2193 1078 2242 Τγεία
1111 2197 1198 2231 Luc.
1224 2196 1321 2231 Max.
1348 2206 1468 2240 neque
1499 2194 1610 2231 aliter
1638 2160 1734 2241 lapis

209 2243 410 2278 secundum
437 2243 742 2279 consuetudinem
776 2243 886 2279 istius
919 2243 1074 2287 saeculi,
1107 2254 1331 2288 quamquam
1362 2243 1438 2278 iam
1470 2242 1732 2279 Demosthenis

209 2291 332 2326 aetate
359 2291 451 2326 haec
476 2291 596 2326 forma
620 2303 688 2326 usu
720 2290 841 2335 venit,
868 2291 1051 2336 siquidem
1082 2291 1120 2326 in
1144 2290 1271 2326 Attico
1301 2290 1414 2326 titulo
1440 2289 1496 2326 Ol.
1525 2294 1602 2334 105,
1627 2293 1651 2325 4
1673 2290 1736 2326 vel

212 2342 338 2382 106,1
366 2338 471 2374 navis
499 2339 612 2374 semel
634 2337 762 2382 ’.Γγεία
788 2339 989 2383 comparet,
1015 2349 1110 2383 quae
1135 2337 1230 2373 alias
1249 2335 1392 2383 ‘Yytst'oc
1417 2338 1638 2383 appellatur,
1656 2337 1730 2374 vid.

208 2385 371 2421 Boeckh
407 2385 557 2422 Seeurk.
591 2398 624 2431 p
654 2389 732 2420 323.
791 2386 923 2430 Neque
954 2388 1080 2421 tamen
1111 2386 1182 2421 hoc
1212 2385 1295 2421 1000
1327 2385 1476 2420 admitti
1506 2386 1631 2430 potest
1660 2384 1734 2420 ista

207 2433 344 2478 forma,
381 2444 467 2467 nam
505 2433 740 2478 grammatici
776 2435 961 2468 testantur
994 2433 1085 2478 trisy
1088 2433 1227 2468 llabam
1262 2432 1397 2467 ultima
1430 2432 1612 2486 producta
1646 2430 1732 2476 dici,

207 2481 294 2515 hinc
318 2481 357 2515 in
383 2481 650 2533 epigrammate
677 2480 845 2515 Romano
872 2480 979 2517 CIGr.
1005 2480 1055 2515 IV
1063 2445 1173 2515 y(3273
1195 2477 1321 2525 Τγείη
1347 2479 1541 2524 scriptum,
1575 2478 1666 2514 item
1690 2478 1730 2514 in

208 2527 364 2563 noviciis
389 2526 574 2573 poematis
599 2527 737 2573 passim
763 2524 872 2573 ὑγίης
897 2529 935 2562 et
959 2524 1068 2572 ὑγιήν
1093 2527 1241 2573 legitur.
1264 2548 1308 2554 ——
1334 2527 1400 2562 σεῦ
1424 2527 1526 2572 Luc„
1551 2527 1618 2562 σοῦ
1642 2525 1730 2561 Ath.

208 2575 304 2610 Max.
333 2596 376 2600 —
411 2575 572 2620 ναίοιμι,
605 2575 692 2610 Luc.
718 2575 831 2620 vulgo
865 2577 952 2620 (non
978 2575 1099 2619 codd.)
1131 2577 1169 2609 et
1199 2574 1352 2610 Maximi
1385 2574 1463 2610 cod.
1490 2574 1571 2608 Par.
1597 2571 1732 2618 νέοιμι,

208 2622 341 2658 Nauck
366 2623 491 2658 ναίοιν
518 2623 602 2667 βίον
622 2634 666 2676 ex
690 2622 803 2658 titulo
829 2634 901 2658 non
927 2623 1044 2657 recte:
1070 2622 1229 2657 fortasse
1254 2622 1292 2657 10
1319 2622 1488 2666 exemplo
1514 2620 1585 2655 fuit
1609 2622 1732 2655 ναίειν

209 2682 265 2714 με,
291 2670 603 2726 quemadmodum
624 2669 660 2704 in
680 2669 776 2705 votis
797 2669 1040 2715 suspiciendis
1059 2669 1197 2715 passim
1215 2669 1418 2705 infinitivus
1436 2667 1605 2703 adhiberi
1625 2668 1730 2704 solet.

208 2737 253 2741 —
279 2717 323 2752 V.
351 2721 383 2754 2.
410 2714 583 2758 σύνοικος
607 2718 702 2762 εἴης,
734 2718 905 2762 Hartung
936 2716 1047 2752 titulo
1073 2717 1200 2752 Attico
1226 2717 1422 2752 obsecutus
1458 2716 1622 2759 συνιείης,
1647 2725 1730 2760 per-

207 2775 346 2816 pei-,am
372 2775 459 2799 nam
484 2775 531 2799 ne
556 2764 595 2799 id
615 2764 765 2809 quidem
785 2765 942 2808 constat,
962 2765 1084 2799 utrum
1112 2765 1260 2821 ξυνείης
1283 2775 1331 2799 an
1355 2763 1502 2808 ζυγείης
1525 2761 1728 2817 lapidarius

208 2811 245 2845 10
272 2823 336 2846 suo
350 2812 531 2871 exemplo
566 2812 755 2857 repererit.
797 2812 980 2846 Maximus
1005 2813 1132 2870 tuetur
1156 2809 1329 2854 ξύνοικος
1353 2810 1514 2846 0011110οε
1550 2806 1725 2852 ξύνοικον

208 2855 309 2902 αὐτῷ
343 2855 471 2894 ἐλθειν
501 2862 722 2918 παρακαλεῖ.
750 2879 792 2884 —-
819 2859 862 2894 V.
890 2863 921 2894 3.
954 2858 991 2894 εἰ
1020 2856 1056 2904 (ἦ
1083 2860 1128 2903 A)
1159 2872 1231 2904 ’γαρ
1262 2871 1317 2899 τις
1346 2853 1370 2903 ἢ
1396 2853 1432 2902 (ἠ
1458 2856 1525 2901 A),
1556 2857 1729 2903 Hartung

208 2915 251 2939 ex
278 2895 469 2951 Licymnio
496 2908 550 2948 τίς
573 2920 646 2953 γαρ
673 2904 708 2953 ἤ.
758 2907 834 2942 Aut
857 2906 929 2943 hoc
949 2906 1167 2952 Ariphronis
1186 2907 1252 2942 aut
1269 2905 1449 2951 Licymnii
1470 2915 1618 2940 carmen
1638 2904 1726 2951 (vid.

1852 2591 1864 2800 umsffl-—s-..a-
1860 2575 1864 2580 ,
1858 2556 1864 2562 ι
1859 2509 1864 2517 x
