1864 3126
210 150 298 196 352
552 146 553 150 ’
778 152 968 190 POETAE
991 151 1173 190 MEDICI.

294 262 494 317 ἕνενήχετο
524 265 752 318 προπαίζων
862 274 952 305 1088
1073 261 1151 305 ἀπὸ
1184 260 1221 304 δ’
1256 260 1442 317 ὀμμάτων
1471 261 1628 317 βολάων

289 327 380 382 μετὰ
412 324 581 382 Νηΐδών·
610 331 779 383 χορείης·
1074 325 1271 383 φλογερὴν
1301 329 1471 382 ἔπεμπεν
1501 330 1656 384 αἴγλην·

261 404 280 434 5
323 391 506 447 Ποταμὸς
538 393 582 434 δὲ
612 395 847 448 χρυσοδίνης
1099 387 1272 449 Ἐρατὴν
1298 393 1417 446 φέρεν
1448 393 1646 447 φαρέτρην

292 457 401 513 ἐβόα,
431 460 469 499 τί
495 463 708 512 πυρπολεῖς
739 474 797 511 με,
1016 468 1060 500 30
1073 458 1366 512 πεπυρωμένων
1396 458 1607 512 βελέμνων,

293 526 331 564 τί
359 539 417 576 με,
448 525 622 575 παιδίον,
653 525 865 578 φλογίζειςς
1075 524 1284 578 ἐπίχρυσον
1315 521 1390 578 εἶχε
1420 522 1534 574 τόξον

294 586 362 629 ἀπ’
399 589 504 642 ἐμῶν
534 587 681 629 ἄπελθε
713 590 894 642 ῥείθρων.
1073 588 1370 643 κεχαλασμένων
1399 586 1482 630 κατ’
1517 587 1646 642 ὤμων.

335 651 575 707 Πλοκάμους
634 651 897 707 χρυσοχύτους
1104 651 1268 707 Μικρὸν
1292 654 1367 707 ἔχει
1397 652 1440 695 τὸ
1473 653 1603 707 βέλος,
1635 671 1704 707 μα-

612 722 751 771 θαῦμα
769 718 926 759 ἰδέσθαι
1404 716 1480 772 κρὰ
1500 718 1544 760 δὲ
1562 716 1708 773 βάλλει,

237 781 315 825 1οὁ
341 782 459 838 γόνος
483 788 552 838 τῆς
571 786 736 838 Παφίης
756 781 831 838 εἶχε
855 800 924 824 κα-
1074 782 1122 826 ὃν
1153 783 1196 826 δὲ
1227 782 1340 840 βάλῃ,
1371 782 1533 838 πυρόεις
1557 781 1707 836 οἶστρος

416 871 422 877 ,
615 846 734 905 ρήνῳ.
1405 847 1571 892 ἐλαύνει.

311 911 386 954 Ὃν
417 911 515 955 ἰδὼν
546 911 621 968 ἐγὼ
652 910 729 955 τότ’
764 913 878 966 ἔσχον
1015 925 1059 956 35
1103 913 1308 970 Γλυκερὴν
1339 913 1417 957 ὅπα
1446 918 1619 968 προῆκεν

293 978 525 1032 ἐπιθυμίαν
539 982 738 1033 κρατῆσαι,
1075 978 1141 1022 διὰ
1171 978 1240 1022 τὸν
1270 978 1404 1022 πόθον
1433 983 1562 1021 λαλῶν
1592 995 1670 1032 μοι,

289 1048 490 1098 κρατεραῖς
520 1044 658 1093 πέδαις
687 1059 726 1084 τε
758 1044 887 1096 δῆσαι,
1074 1043 1236 1100 λιγυρὸν
1266 1045 1382 1099 μέλος
1412 1046 1580 1099 λυρίζων

289 1113 474 1162 θαλεροῖς
504 1109 608 1159 νέοις
638 1125 675 1150 τε
708 1110 845 1158 δεῖξαι·
1075 1108 1255 1165 καθάπερ
1287 1108 1450 1164 Πρόκνη
1481 1107 1564 1150 κατ’
1598 1107 1737 1158 ἄλσος·
1801 1156 1806 1167 Ι

233 1182 276 1213 15
314 1170 357 1215 Ὁ
389 1174 431 1215 δὲ
461 1173 582 1227 νόσφι
612 1178 690 1216 τῶν
721 1175 895 1230 ῥεέθρων
1098 1174 1297 1232 Παλάμην
1325 1173 1427 1230 ἄγαν
1457 1177 1643 1229 βραχεῖαν

290 1236 489 1294 ὑπέφευγε
519 1244 745 1295 προσγελῶν
777 1257 855 1293 μοι,
1011 1250 1056 1282 40
1070 1238 1275 1294 ’ὑπεμειδία
1306 1242 1547 1294 κραδαίνων·

289 1303 381 1345 ποτὲ
413 1304 484 1358 μὲν
514 1306 607 1347 ποσὶ
637 1306 880 1359 προβαίνων,
1024 1347 1026 1349 ,
1072 1305 1322 1348 ἐπεδείκνυεν
1339 1304 1396 1347 ’δὲ
1426 1304 1584 1359 ταύτην,

289 1369 382 1410 ποτὲ
413 1369 457 1411 δὲ
487 1376 639 1424 πτεροῖς
671 1369 863 1412 ἀλύσκων.
1073 1376 1290 1425 προφανῶς
1313 1370 1355 1413 τὸ
1381 1375 1461 1425 πῦρ
1492 1369 1704 1424 ἀφάσσων·

319 1433 479 1488 Μικρὸς
509 1430 573 1488 ἦν,
598 1431 819 1490 ὑπόπτερός
841 1450 894 1487 τε,
1098 1434 1377 1491 Ἀναγαλλίδας
1407 1440 1624 1491 παρῆλθεν,

231 1508 275 1540 20
289 1499 567 1550 πολυποίκιλός
596 1517 635 1542 τε
666 1499 798 1557 μύθῳ,
1073 1503 1115 1542 ἴα
1144 1503 1210 1543 καὶ
1240 1500 1409 1556 κρόκους
1438 1502 1631 1556 παρέπτη·

288 1567 578 1615 πολυδαίδαλος
607 1564 649 1608 τὸ
681 1563 798 1618 εἶδος,
1014 1575 1059 1607 45
1073 1566 1260 1622 Ζεφύρου
1278 1564 1405 1616 πνοὰς
1423 1565 1498 1622 γὰρ
1518 1564 1618 1622 εἶχεν
1645 1575 1736 1608 1089

290 1628 537 1684 πολυήρατος
567 1628 610 1672 τὸ
635 1629 785 1681 κάλλος.
1073 1634 1357 1681 κατοπισθίους
1381 1634 1535 1687 λνγείας.

318 1697 455 1737 Παῖδα
486 1694 713 1751 ὀϊστοβόλον
738 1695 923 1751 Ἀφρογε-
1108 1696 1160 1740 Τὸ
1179 1698 1328 1753 βρέφος
1344 1701 1412 1752 τῆς
1432 1700 1596 1751 Παφίης
1616 1693 1709 1750 φεύ-

631 1764 753 1816 νείης,
1393 1779 1488 1819 γετε,
1518 1766 1670 1817 κοῦροι.

290 1823 482 1882 εὐγενέων
511 1825 712 1882 λογάδων,
749 1826 924 1882 φεύγετε,
1074 1826 1240 1881 ἀφανῶς
1269 1826 1362 1879 τόξα
1391 1826 1534 1870 πόθων
1558 1825 1708 1883 ἀγκύλα

633 1897 782 1947 κοῦροι.
1394 1895 1517 1935 τείνει.

231 1968 276 1999 25
319 1955 478 2011 Γυμνὸς
510 1950 561 2011 ἦν
592 1956 814 2013 ἆνάρβυλός
844 1974 895 2010 τε,
1105 1954 1303 2012 Καθάπερ
1333 1954 1436 2007 ταώς
1465 1974 1522 2007 τις
1552 1955 1661 2011 ὅρνις

289 2022 386 2077 πυρὶ
417 2021 453 2063 δ’
490 2024 634 2074 εἴκελος
663 2021 710 2064 τὰ
740 2021 886 2065 πάντα·
1018 2019 1098 2065 5οὁ
1129 2021 1359 2078 κατάστερος
1389 2027 1600 2076 πτεροῖσιν,

209 2188 379 2236 μελῳδοῦ
412 2187 461 2223 Μ.
511 2186 554 2223 In
586 2186 718 2234 pinaoe
751 2185 839 2224 cod.
872 2185 1021 2224 Bssrber.
1055 2186 1289 2223 inscribiturt
1320 2185 1388 2222 τοῦ
1419 2182 1538 2222 αὐτοῦ
1572 2181 1738 2234 ῷδάριον

210 2233 390 2281 ἐρωτικὸν
416 2233 688 2282 ἆνακρεόντιον
713 2236 812 2281 (cod.
845 2236 884 2271 δι
907 2233 1059 2281 ἀναπρ,
1093 2246 1161 2271 scr.
1194 2231 1260 2270 διὰ
1286 2230 1608 2279 ἆνακρεοντείου),
1638 2229 1736 2278 ὅπερ

209 2278 299 2331 ᾖσεν
326 2281 367 2319 ἐν
393 2280 541 2328 νεότητι
565 2284 708 2326 παίζων
729 2279 812 2318 οὔτι
831 2280 1070 2326 σπουδάζων·
1093 2281 1201 2329 ἔλαβε
1228 2279 1271 2317 δὲ
1291 2278 1359 2327 τὴν
1378 2278 1568 2317 ὑπόθεσιν
1589 2278 1631 2316 ἐκ
1650 2283 1735 2327 μελ-

209 2333 325 2372 ωδίας
364 2328 466 2371 τινὸς
497 2327 686 2380 ᾀδομένης
725 2326 767 2367 ἐν
806 2328 923 2378 γάμῳ.
955 2350 1002 2357 -
1032 2330 1076 2365 V.
1103 2334 1136 2366 2.
1172 2326 1370 2375 Κυθήρης,
1400 2328 1441 2363 Μ
1467 2329 1657 2374 κυθείρης.
1691 2347 1733 2355 -—

207 2367 251 2415 V.
280 2383 312 2415 3.
339 2379 567 2424 προπαίζων,
592 2378 632 2412 Μ
655 2379 884 2426 προβαίνων.
914 2400 955 2404 -—
982 2378 1027 2413 V.
1047 2381 1080 2414 4.
1107 2376 1266 2422 Νηΐδων
1291 2377 1341 2422 Μ,
1366 2378 1410 2412 ut
1427 2377 1615 2412 Hermann
1634 2375 1732 2421 Epit.

209 2427 334 2462 Doctr.
362 2427 469 2462 Mebr.
504 2430 572 2462 174
597 2425 654 2461 ed.
686 2437 757 2461 sec.
791 2425 967 2471 coniecit,
998 2424 1204 2470 Νηρηΐδων
1237 2424 1275 2460 O.
1310 2444 1352 2450 -
1386 2423 1429 2460 V.
1459 2428 1511 2459 10.
1544 2419 1656 2468 γόνος
1685 2422 1737 2467 Μ,

202 2471 320 2519 ’Ἐρως
346 2473 383 2510 C.
419 2494 458 2498 —
494 2470 664 2522 καρήνῳ,
691 2473 729 2507 Μ
755 2469 940 2519 καρήνων.
976 2493 1018 2499 --
1050 2472 1094 2508 V.
1124 2476 1178 2507 11.
1204 2468 1298 2515 τότ’,
1332 2471 1371 2506 Μ
1395 2468 1494 2507 ποτ’.
1531 2491 1575 2497 -
1608 2469 1653 2506 V.
1681 2473 1735 2505 19.

210 2520 350 2567 μικρὸς,
377 2521 566 2556 Hermann
584 2517 727 2566 πικρός.
750 2541 792 2546 —-
818 2520 862 2557 V.
883 2524 938 2556 23.
965 2520 1155 2556 Hermann
1179 2521 1299 2555 παῖδα
1324 2515 1541 2567 ὀϊστοβόλον
1561 2514 1734 2562 φεύγετε,

209 2569 341 2614 κοῦροι
368 2564 569 2612 Εὐγενέων
594 2565 777 2613 λογάδων,
800 2564 1070 2613 Ἀφρογενείης.
1097 2588 1141 2593 -
1167 2565 1210 2603 V.
1230 2570 1287 2603 25.
1313 2563 1537 2612 ἄνάρβυλος,
1564 2564 1590 2600 C
1615 2561 1734 2608 οἰνάρ-

210 2617 319 2660 βιλος.
347 2637 391 2642 —-
422 2616 467 2651 V.
493 2619 550 2651 29.
584 2613 722 2661 ἐρατὴν
754 2613 872 2660 φέρεν
897 2614 953 2660 Μ,
988 2612 1127 2661 ἐρατὰν
1160 2613 1288 2660 φέρων
1314 2613 1353 2650 C.
1389 2635 1428 2639 —
1463 2610 1672 2658 φαρέτρην,
1698 2611 1737 2646 Μ

211 2662 423 2709 φαρέτραν.’
443 2683 485 2688 -—
511 2662 555 2699 V.
580 2667 639 2699 32.
666 2660 789 2709 ὤμων,
814 2662 852 2697 Μ
878 2659 1010 2719 ὤμους.
1046 2683 1088 2687 -
1122 2661 1166 2696 V.
1193 2666 1248 2698 33.
1277 2659 1366 2707 ἔχει,
1391 2661 1430 2696 Μ
1454 2658 1542 2705 εἶχε.
1570 2679 1614 2684 -
1647 2656 1735 2707 βάλ-

210 2713 276 2754 λει,
302 2709 341 2749 Μ
366 2709 525 2756 πέμπεν.
554 2731 595 2737 -
622 2711 666 2746 V.
687 2715 743 2746 36.
770 2706 836 2746 τὸν
861 2712 1001 2755 ποθον,
1026 2709 1065 2743 Μ
1089 2709 1165 2744 τῶν
1190 2706 1337 2744 πόθων.
1365 2728 1405 2734 -
1434 2707 1478 2742 V.
1498 2709 1555 2742 40.
1582 2703 1737 2752 ὑπεμει-

211 2758 275 2792 δία
301 2758 350 2803 Μ,
377 2755 443 2793 ἐπε
475 2758 575 2793 ειδία
594 2757 632 2794 C.
659 2779 703 2784 —
723 2758 949 2803 κραδαίνων,
975 2757 1015 2792 M
1034 2757 1255 2802 κερδαίνων.
1276 2776 1319 2782 -
1346 2755 1390 2791 V.
1405 2757 1462 2791 41.
1489 2751 1736 2789 ἐπεδείκνυεν

211 2805 359 2849 scripsi,
386 2805 412 2840 O
440 2771 652 2849 ἴπιδείκνυ,
685 2806 722 2840 Μ
749 2803 986 2843 ὑπεδείκνυε.
1015 2825 1058 2829 —
1091 2803 1136 2839 V.
1162 2808 1218 2839 42.
1245 2800 1443 2848 ἀφάσσων,
1475 2800 1515 2835 Μ
1539 2798 1732 2846 ἀφύσσων.

211 2872 253 2876 -
282 2852 324 2887 V.
352 2857 406 2889 43.
433 2848 702 2898 άναγαλλίδας,
729 2852 756 2887 C
781 2849 1048 2898 ἄναγγαλίδας.
1077 2871 1118 2877 ——
1152 2850 1366 2897 παρῆλθεν,
1402 2848 1429 2885 C
1454 2850 1660 2894 παρίπτων.
1689 2869 1732 2874 -

210 2897 255 2932 V.
281 2901 338 2933 44.
364 2899 549 2946 παρέπτη,
573 2899 601 2936 C
626 2900 834 2946 παρῆλθεν.
862 2920 906 2926 -—
938 2899 980 2936 V.
1009 2902 1063 2935 50.
1089 2895 1326 2944 κατάπτερος,
1352 2895 1391 2932 Μ
1416 2894 1661 2943 κατάπτερος.
1690 2915 1734 2922 -
