1864 3126
794 162 1070 200 SIMONIDES.
1609 161 1694 204 391

835 274 875 315 9.
909 272 1015 326 [23.]

782 355 1066 390 ΕΤΑΛΚῙΔΗι.

278 429 470 472 Herodot.
503 430 538 469 V
574 433 674 472 102:
720 429 800 471 Καὶ
831 426 1001 478 πολλοὺς
1039 425 1190 470 αὐτέων
1221 431 1263 471 οἱ
1290 429 1440 483 Πέρσαι
1478 427 1698 483 φονεύουσι

156 491 300 556 ἅλλρνς
324 510 363 536 τε
389 491 649 549 ὀνομαστούς,
675 494 719 537 ἐν
744 493 787 536 δὲ
813 491 863 548 δὴ
883 493 951 535 καὶ
969 491 1197 536 Εὖαλκίδεα
1217 491 1442 549 (εὖελκίδην
1462 497 1696 547 ΜΡΑΒΚΕ,

157 556 377 614 εὗαλκήδεα
408 558 486 615 F?)
518 559 798 616 στρατηγέοντα
824 556 1070 613 Ἐρετριέων,
1110 558 1439 615 στεφανηφόρους
1469 577 1508 603 τε
1539 558 1697 615 ἆγῶνας

158 621 448 679 ἇναραιρηκότα
486 625 553 667 καὶ
582 623 660 668 ὑπὸ
692 626 927 679 Σιμωνίδεω
958 628 1028 667 τοῦ
1060 628 1192 680 Κηΐου
1224 623 1347 669 πολλὰ
1379 626 1600 669 αἰνεθέντα.
1662 628 1696 668 si

1727 504 1816 535 1120

157 692 317 744 quidem
344 693 556 743 epinicium
583 693 678 745 fuit,
705 692 811 744 quod
836 693 1028 744 respexit:
1055 694 1227 734 fortasse
1247 694 1432 745 pluribus
1453 695 1695 735 carminibus
1739 701 1743 706 '

159 757 380 798 Simonides
401 758 674 798 Eretriensem
693 758 807 797 illum
827 748 1063 800 celebravit:
1097 761 1204 800 certe
1230 773 1308 800 non
1336 762 1398 799 cst
1423 761 1473 801 de
1498 761 1694 812 epigram-

157 826 266 863 mate
298 824 571 875 cogitandum,
604 837 681 875 quo
713 825 860 864 mortui
892 826 1124 866 memoriam
1156 826 1432 866 illustraverit.

825 978 1030 1031 10.[28.]

631 1059 847 1094 ΑΣΤΤΛΩι
878 1060 1216 1105 ΚΡΟΤΟΝΙΑΤΗι.

252 1145 260 1154 .
289 1135 466 1154 .....
490 1135 706 1152 -υ-υυ

249 1190 1087 1214 .-,.’.---ὐυ-υυ..υυ-υυ--

250 1251 655 1273 υυ-ὐυ-υυ-

255 1301 331 1352 Τίς
362 1297 418 1355 δὴ
450 1299 541 1342 τῶν
573 1315 621 1354 γε
653 1299 741 1342 νῦν
773 1296 965 1342 τοσάσδε
996 1299 1178 1342 πέταλσι
1210 1297 1392 1356 μύρτων

251 1366 278 1427 ἢ
312 1367 574 1427 στεφάνοισι
606 1368 758 1426 ῥόδων
790 1367 1039 1430 ἀνεδήσατο
1071 1373 1199 1422 νίκας

253 1441 301 1486 ἐν
333 1438 475 1498 ἀγῶνι
507 1440 825 1499 περικτιόνων;

893 1551 959 1592 11.

816 1633 1026 1667 ΟΡΙΛΛΑι.

278 1696 509 1748 Diogenian.
547 1670 681 1736 Praef·
711 1671 893 1735 Paroem.
929 1697 1031 1736 175:
1082 1690 1256 1748 Καρικὸς
1294 1689 1406 1742 αἶνος
1443 1691 1609 1747 λέγεται,
1646 1691 1695 1735 ὂν

157 1782 279 1834 αὐτῷ
319 1782 538 1827 ἐναντίας
574 1783 654 1828 τὰς
689 1791 849 1843 χεῖρας
885 1782 1005 1822 οὐδὲ
1032 1798 1062 1823 σ.
1093 1783 1135 1821 ’A.
1167 1799 1197 1821 τ.
1220 1782 1353 1846 Ὁρᾷς,
1391 1781 1539 1825 ὁποίοις
1575 1781 1694 1820 αὐτὸν

158 1836 268 1874 θεοῖς
293 1835 444 1890 εικασες
471 1834 611 1891 μᾶλλρν
637 1832 679 1870 δὲ
706 1834 772 1870 καὶ
798 1829 924 1870 αὐτῶν
953 1830 1109 1869 ἐκείνων
1134 1829 1278 1890 αμείνω
1299 1829 1492 1878 ἀπέφηνε·
1519 1832 1584 1868 καὶ
1604 1829 1691 1869 οὔτε

158 1877 274 1922 αὐτὸς
299 1877 319 1917 ὁ
348 1881 519 1923 Γλαῦκος
549 1877 802 1966 Ἐγανάκτησε
821 1885 900 1922 τοῖς
931 1877 1085 1937 ἐφόροις
1117 1881 1192 1916 τῶν
1217 1877 1396 1936 ἀθλητῶν
1421 1883 1531 1921 θεοῖς
1556 1876 1693 1937 ᾇντεπ-

159 1926 402 1986 αινούμενος,
435 1926 521 1965 οὔτε
576 1942 695 1965 κεινοι
727 1942 922 1986 ημυναντο
948 1926 971 1970 ἢ
998 1925 1064 1964 τὸν
1094 1929 1268 1964 Γλαῦκον
1293 1925 1317 1974 ἢ
1343 1924 1410 1963 τὸν
1434 1925 1612 1973 ποιητήν,
1645 1925 1694 1968 ὡς

157 1972 371 2034 ασεβοῦντα
396 1977 495 2034 περὶ
508 1974 574 2012 τὸν
601 1975 770 2020 ἔπαινον,
803 1973 897 2012 αλλὰ
911 1974 1154 2031 εὐδοκίμουν
1169 1972 1295 2033 ἄμφω
1321 1974 1387 2011 καὶ
1412 1972 1467 2011 ἔτι
1496 1975 1593 2011 ὦντο
1619 1972 1693 2010 ὑπὸ

158 2037 232 2059 των
254 2020 453 2070 Ἑλλήνων,
480 2021 499 2060 ὁ
527 2022 597 2082 μὲν
624 2022 686 2061 ἐπὶ
712 2025 755 2072 τῇ
783 2021 877 2071 ἀλκῇ
905 2022 925 2060 ὁ
955 2025 1136 2067 Γλαῦκος,
1162 2020 1182 2059 ὁ
1211 2023 1253 2059 δὲ
1279 2020 1439 2069 ποιητὴς
1484 2024 1531 2058 πί
1552 2035 1591 2058 τε
1618 2028 1695 2063 τοῖς

156 2067 282 2112 ἄλλοις
305 2071 370 2107 καὶ
406 2052 469 2108 ἐπ’
498 2069 600 2108 αὐτῶ
632 2085 752 2126 τουτῳ
786 2047 943 2118 μάλιστα
974 2073 1025 2118 τῷ
1057 2069 1206 2126 ᾄσματι.
1258 2070 1471 2117 Epinioium
1497 2070 1568 2106 hoc
1593 2070 1695 2106 haud

157 2118 270 2155 dubie
294 2118 474 2165 scriptum
498 2119 538 2155 in
559 2109 773 2165 Olympiam
799 2119 996 2155 victoriam
1022 2118 1184 2155 maxime
1209 2118 1450 2155 nobilitatam
1475 2118 1564 2164 (vid.
1585 2117 1693 2153 Paus.

158 2165 208 2201 VI
225 2168 296 2213 10),
322 2178 437 2221 quam
463 2167 678 2203 adolescens
703 2166 862 2210 rettulit,
891 2178 962 2203 sec.
985 2166 1101 2204 Bekk.
1115 2166 1254 2202 Anecd.
1270 2165 1370 2202 1232
1397 2168 1436 2201 et
1461 2165 1614 2201 Suidam
1636 2165 1692 2202 Ol.

160 2213 275 2260 XXV,
315 2213 506 2260 corrigunt
543 2214 688 2259 LXXV,
733 2226 807 2251 non
843 2216 961 2258 recte,
1005 2224 1091 2250 nam
1130 2225 1175 2250 ea
1211 2212 1434 2270 Olympiade
1473 2212 1694 2268 'lheagenes

158 2259 261 2306 vicit,
287 2261 360 2302 vid.
387 2262 495 2297 Paus.
521 2262 572 2297 VI
599 2267 632 2306 6,
658 2243 698 2297 2’:
725 2262 962 2298 scribendum
988 2261 1104 2308 igitur
1135 2258 1307 2307 πεμπτὴν
1339 2260 1404 2297 καὶ
1437 2257 1694 2305 ἑξηκοστὴν

157 2288 389 2354 Ὀλυμπιάδα
414 2309 452 2344 id
478 2310 578 2354 quod
603 2309 718 2346 etiam
739 2310 864 2345 Brnnn
882 2309 978 2346 Hist.
999 2309 1081 2346 Art.
1101 2310 1115 2345 I
1136 2313 1182 2345 83
1208 2309 1314 2354 vidit,
1341 2308 1426 2344 aliis
1451 2308 1516 2344 ille
1541 2307 1693 2352 quidem

159 2355 390 2402 argumentis
415 2356 681 2393 correctionem
707 2357 867 2394 finffmans

253 2403 311 2439 11r.
347 2407 400 2439 10.
451 2402 608 2440 Photius
645 2408 732 2449 413,
767 2408 831 2440 220
876 2401 1232 2462 Περιαγειρόμενοι·
1273 2400 1316 2440 ἐκ
1353 2400 1488 2438 τούτου
1526 2399 1695 2459 σύνηθες

160 2448 312 2506 ἐγένετο
337 2448 461 2498 κύκλῳ
492 2449 858 2508 περιπορευομὲνους
887 2450 976 2493 τούς
1007 2449 1177 2509 ἀθλητὰς
1211 2448 1426 2507 ἐπαγείρειν
1461 2449 1526 2486 καὶ
1531 2447 1692 2506 λαμβά-

159 2510 240 2534 νειν
265 2495 310 2534 τὰ
335 2487 547 2553 διδόμενα·
586 2494 682 2534 ὅθεν
714 2500 947 2545 Σιμωνίδη
957 2512 975 2540 9
1012 2498 1116 2545 περὶ
1150 2495 1355 2534 Ἀστύλου
1395 2497 1491 2542 (cod.
1518 2493 1694 2542 ἆετυλου)

160 2545 276 2591 φησὶν
307 2556 442 2586 ουτως·
484 2546 561 2586 Τίς
597 2542 650 2591 δὴ
683 2548 757 2581 κτλ.
813 2513 954 2582 Eadem
994 2547 1094 2582 Suid.
1127 2559 1161 2582 v.
1193 2543 1534 2591 περιαγειρόμενοι.
1592 2546 1692 2590 Apo-

161 2593 246 2629 stol.
272 2592 359 2629 XIV
387 2597 442 2628 18.
492 2593 674 2647 Didymus
705 2593 770 2637 qni
800 2593 956 2639 dicitnr,
986 2593 1111 2630 Miller
1141 2592 1246 2629 Misc.
1278 2597 1366 2637 403,
1397 2592 1462 2628 ubi
1493 2591 1695 2628 novissima.

162 2641 372 2686 intercepta
389 2641 492 2684 sunt,
523 2652 611 2676 nam
636 2639 737 2675 nihil
756 2640 828 2676 nisi
853 2638 1056 2686 στεφάνοις
1079 2638 1335 2687 περικτιώνων
1357 2620 1509 2685 iegitur.
1554 2639 1692 2675 Nume-

162 2698 288 2724 rorum
307 2688 509 2742 discriptio
534 2688 687 2724 incerta.
710 2708 753 2713 —
775 2687 818 2722 V.
842 2692 871 2725 1.
898 2701 940 2733 γε
967 2688 1069 2734 quod
1092 2690 1132 2725 et
1155 2688 1363 2724 sententiae
1389 2691 1428 2723 et
1445 2687 1591 2723 numeri
1617 2687 1693 2743 legi

161 2734 353 2780 convenit,
396 2735 545 2771 inserui.
590 2755 636 2762 —
678 2732 837 2771 τοσάσδε
879 2735 1012 2771 Portus
1049 2737 1089 2772 et
1116 2735 1274 2780 Porson,
1311 2734 1508 2791 legebatur
1543 2731 1692 2780 τοσάδε,

161 2782 227 2819 sed
253 2781 334 2820 cod.
354 2782 453 2818 Flor.
480 2780 592 2824 τόσας
623 2779 682 2827 δή.
709 2802 754 2809 -
783 2780 936 2818 πέταλσι
962 2781 1104 2840 scripsi,
1130 2782 1326 2827 legebatur
1349 2779 1559 2827 πετάλοισι,
1585 2793 1616 2818 ο.
1636 2782 1691 2819 m.

161 2828 346 2871 πετάλοις.
391 2829 445 2866 Cf.
466 2831 586 2866 Cram.
608 2831 677 2867 Αιι.
698 2831 764 2866 Ox.
784 2831 886 2865 1121
911 2826 994 2865 ἐν’
971 2834 1116 2887 ηρινοις
1134 2829 1300 2867 πέταλσι.
1331 2829 1454 2866 Antea
1471 2829 1692 2882 scripseram

162 2877 218 2918 τίς
254 2875 302 2913 δὲ
335 2877 408 2913 τῶν
439 2877 510 2913 νῦν
542 2874 733 2914 τοσσάδε
769 2879 775 2923 Ι
807 2874 1000 2913 πετάλοισι
1031 2875 1189 2923 μύρτων.
1222 2897 1266 2903 -
1298 2877 1342 2912 V.
1372 2881 1395 2913 2
1426 2876 1690 2913 detrimentum

165 2923 307 2970 cepisse
331 2924 491 2971 videtur,
516 2925 618 2962 fort:
644 2920 667 2971 ἢ
695 2922 915 2971 στεφάνοισι
940 2923 1063 2972 ρόδων
1089 2926 1250 2972 χαίταν
1275 2921 1488 2971 ἀνεδήσατο
1512 2925 1633 2966 νίκας.
