1864 3126
804 142 1037 180 ALCAEUS.
1602 144 1682 186 181

814 251 1024 306 95.[66]

214 329 295 376 Ἕκ
325 330 373 389 μ’
408 334 567 385 ἔλασας
596 330 781 389 ἀλγέων.

812 465 1020 519 96.[77J

723 561 896 611 Οἴτινες
927 561 1049 603 ἔσλοι

221 626 403 686 ὕμμεων
435 645 479 673 τε
511 628 584 673 καὶ
617 627 813 686 ἅμμεων.

807 761 1018 815 97.[44]

216 852 393 912 Ἐλοὶφω
425 853 475 900 δὲ
506 854 675 913 βρόμος
706 855 755 900 ἐν
787 854 973 912 στήθεσι
1005 854 1111 912 φύει
1142 854 1347 913 φόβερος.

790 987 859 1030 98.
894 986 1034 1040 [94d.]
1610 1000 1677 1032 957

215 1078 310 1125 Ἐπὶ
340 1079 428 1139 γὰρ
459 1083 600 1138 πᾶρος
632 1079 820 1137 ὀνίαρον
853 1085 1038 1137 ἴκνηται.

145 1234 328 1281 quitatem
352 1236 478 1272 tuetur
504 1234 683 1281 Hesychii
699 1235 833 1282 *glossa
858 1246 901 1270 σε
912 1231 1122 1270 σύανται·
1149 1232 1367 1282 ὡρμήκασιν
1392 1236 1417 1272 i.
1444 1246 1474 1271 e.
1502 1233 1677 1271 ἔσσονται

145 1282 223 1319 sive
255 1279 455 1328 ἐσσύαται,
487 1284 587 1328 quod
618 1293 742 1319 meam
769 1282 1068 1318 emendationem
1094 1281 1314 1329 planissime
1340 1284 1552 1327 confirmat;
1590 1295 1677 1320 nam

145 1330 266 1366 minus
286 1331 431 1367 confido
452 1330 707 1376 Hesychianae
727 1330 876 1377 glossae
895 1326 979 1366 ἀπε
993 1327 1244 1367 σπάδαντο·
1270 1327 1499 1377 ἀπέστησαν,
1518 1330 1677 1367 fortasse

144 1377 235 1413 olim
266 1378 446 1424 scriptum
475 1378 550 1414 fuit
583 1374 667 1414 ἀπε
681 1375 904 1422 σπάδατο,
936 1376 1036 1422 quod
1069 1378 1226 1414 solemni
1256 1389 1360 1414 more
1392 1389 1414 1413 a
1443 1379 1559 1414 verbo
1584 1374 1676 1414 ἀπο-

145 1425 244 1461 σπᾶν
269 1425 473 1470 descendit,
498 1427 541 1461 ut
567 1425 738 1462 librarius
756 1428 781 1460 3
799 1424 1008 1468 inseruerit,
1034 1425 1348 1471 quemadmodum
1368 1426 1483 1462 etiam
1502 1425 1541 1461 in
1561 1426 1677 1462 Hero-

145 1472 226 1508 doti
249 1471 356 1509 libris
381 1473 519 1520 passim
545 1469 731 1508 ἇῖνείκαντο
758 1474 797 1508 et
822 1469 1058 1507 ἆνακέανται
1082 1473 1278 1518 reperitur,
1310 1473 1508 1509 manifesto
1535 1472 1675 1509 scriba-

145 1530 228 1555 rum
247 1530 380 1557 errore.
424 1520 474 1556 Μ.
496 1519 667 1556 Schmidt
691 1520 730 1556 in
750 1519 879 1555 Alcaei
898 1530 1008 1555 versu
1027 1521 1188 1556 coniecit
1204 1517 1345 1565 λάμπρ’
1370 1517 1550 1564 ἆκέαστα,
1575 1521 1677 1566 quod

143 1564 313 1603 ἅκλαστα
343 1567 621 1614 interpretatur.
660 1588 704 1594 —
741 1564 782 1603 ἐν
809 1564 1013 1615 Μυρσιλήῳ
1041 1566 1200 1612 Seidler‚
1233 1565 1275 1604 ἐν
1301 1569 1504 1614 μυρσίνωνι
1528 1567 1675 1604 Ahrens

143 1625 189 1651 ex
213 1613 418 1651 Hermanni
443 1615 672 1660 coniectura,
698 1625 810 1660 quam
835 1615 901 1650 ille
926 1614 1015 1651 olim
1035 1617 1292 1660 proposuerat,
1316 1626 1404 1650 nam
1422 1618 1557 1670 postea
1573 1619 1675 1661 Λαμ-

142 1660 292 1712 πρακέᾳ
324 1675 363 1699 τε
396 1661 604 1708 Μυρσινήω
636 1661 924 1699 commendavit.
974 1661 1143 1708 Denique
1174 1662 1348 1709 Hartung
1379 1663 1500 1699 ed1dit
1524 1657 1587 1709 ἦρ’
1621 1662 1676 1699 ἔτι

143 1708 370 1756 Διννομένει
394 1708 440 1746 τὰ
466 1699 671 1757 Ἐυρρᾶδηα
695 1706 890 1756 Μάρμαρα
915 1708 1066 1756 λαμπροὶ
1091 1722 1130 1745 τε
1157 1709 1223 1746 καὶ
1247 1707 1294 1746 τὰ
1320 1711 1531 1755 Μυρσίληα.

237 1780 297 1816 Fr.
323 1785 379 1818 95.
429 1781 633 1827 Hephaesta.
662 1785 724 1818 15:
741 1759 825 1817 ξαν
851 1779 980 1827 μέντοι
1007 1778 1048 1817 ἐν
1073 1782 1116 1828 τῇ
1148 1780 1313 1831 προτέρᾳ
1339 1781 1501 1829 συλλαβῇ
1526 1781 1674 1817 τελικὸν

141 1821 166 1875 ᾖ
190 1826 233 1864 τὸ
260 1825 430 1886 ἄφωνον,
455 1821 521 1875 ’ἶῆς
545 1829 588 1865 δὲ
615 1827 795 1875 δευτέρας
819 1824 976 1874 ἀρχικὸν
1002 1826 1043 1864 τὸ
1071 1825 1200 1874 ὑγρόν,
1230 1826 1359 1864 οὐκέτι
1386 1829 1535 1913 {ivnon
1560 1826 1670 1874 κοινὴ

142 1877 324 1922 συλλαβη,
356 1872 438 1912 ἀλλ’
466 1874 645 1923 ἀντικρὺς
668 1873 814 1923 μακροὶ,
845 1873 895 1917 ὥς
918 1873 1020 1921 παρὰ
1038 1872 1204 1924 Ἀλκαίῳ·
1239 1875 1281 1912 ἔκ
1312 1872 1351 1922 μ’
1405 1873 1523 1917 λάσας
1548 1875 1616 1922 (sic
1641 1875 1675 1911 A

143 1923 182 1958 et
210 1922 299 1960 libri
328 1924 509 1970 plerique,
539 1924 569 1959 P
603 1921 874 1970 ἑ’κμελ’.ἅσας,
907 1923 1065 1970 Bentley
1096 1936 1141 1970 με
1167 1920 1300 1969 λάσας,
1340 1923 1600 1960 Schneidewin
1626 1936 1671 1969 με

140 1970 272 2016 λᾶσας)
297 1966 453 2016 ἀλγέων.
493 1971 631 2018 Scripsi
656 1967 696 2018 μ’
720 1970 863 2012 ἔλασας.
904 1971 1042 2007 Versus
1068 1974 1124 2007 est
1142 1971 1302 2008 dimeter
1319 1971 1544 2015 trochaicus,
1569 1971 1674 2017 puris

143 2019 318 2054 constans
332 2018 488 2064 choreis,
502 2019 608 2056 velut
618 2018 860 2056 Horatianus:
879 2019 969 2055 Non
981 2020 1070 2055 ebur
1083 2029 1196 2065 neque
1215 2030 1378 2063 awrewm,
1397 2018 1498 2064 quod
1512 2021 1673 2054 metrum

140 2064 337 2102 Horatium
362 2066 411 2102 ab
436 2067 573 2103 Alcaeo
599 2066 775 2103 ascivisse
800 2066 975 2113 perhibet
999 2066 1088 2103 Atil.
1115 2066 1306 2103 Fortunat.
1335 2070 1414 2103 330.

235 2137 295 2174 Fr.
322 2141 379 2173 96.
429 2137 688 2194 Aponon-de·
713 2148 819 2184 pron.
851 2141 920 2173 382
937 2137 983 2173 B:
1029 2135 1173 2178 Αἰολεῖς
1209 2134 1408 2196 ὖμμέων.
1456 2133 1672 2177 Ἀλκαῖος-
1700 2135 1703 2137 ’

144 2184 328 2242 ρΐτινες
353 2187 428 2239 κτλ.
461 2185 556 2239 (qod.
582 2186 640 2222 b1s
663 2186 817 2269 υμεωνέ.
851 2205 896 2212 -
929 2185 974 2221 V.
1003 2190 1033 2221 1.
1062 2186 1233 2232 Οἴτινες,
1259 2198 1406 2226 οττινες
1439 2185 1594 2220 Ahrens.
1628 2205 1671 2210 —

144 2233 244 2267 εσλοι
269 2230 541 2278 Schneidewin,
566 2233 762 2279 legebatur
808 2233 929 2269 σθλοί.

237 2302 295 2338 Fr.
322 2306 379 2338 97.
424 2302 545 2339 Schol.
577 2302 690 2349 Soph.
724 2303 814 2340 Oed.
846 2303 900 2339 Re
930 2331 938 2339 .
974 2307 1057 2339 156:
1091 2300 1263 2351 Φοβερὰν
1296 2302 1438 2347 φρένα·
1474 2299 1543 2361 ‘33¹‘
1568 2303 1671 2347 περί-

144 2349 277 2397 φοβον.
313 2348 378 2384 καὶ
400 2346 576 2390 Ἀλκαῖος
610 2347 739 2398 ἐλάφῳ
772 2350 867 2395 (cod.
919 2347 1044 2395 λάφω,
1077 2351 1176 2396 quod
1201 2349 1363 2395 restitui)
1389 2353 1463 2385 κτλ.
1496 2349 1581 2384 αντὶ
1606 2350 1673 2385 τοῦ

141 2397 361 2444 περίφοβος.
381 2417 424 2422 -
447 2394 594 2445 βρόμος,
619 2396 817 2434 Blomfield
843 2397 1003 2435 coniecit
1020 2395 1167 2444 τρόμος,
1194 2408 1263 2443 ego
1285 2394 1413 2442 ἐλάφω
1439 2395 1671 2442 τέτρομος,

141 2444 300 2480 formam
324 2444 421 2480 hanc
445 2444 742 2490 reduplicatione
767 2447 918 2481 auctam
942 2447 1102 2481 testatur
1134 2445 1255 2491 Apoll.
1289 2444 1334 2480 de
1359 2456 1462 2490 pron.
1489 2448 1576 2487 334,
1613 2444 1670 2479 Et.

141 2491 191 2526 Μ.
218 2495 299 2536 660,
324 2496 388 2535 31,
420 2503 465 2527 ac
495 2491 669 2527 videntur
693 2492 864 2528 nonnulli
895 2505 954 2539 ap.
980 2492 1087 2528 Hom.
1115 2493 1156 2528 Il.
1183 2492 1235 2527 111
1261 2496 1307 2527 34
1339 2489 1415 2527 ὑπὸ
1449 2489 1671 2537 τέτρομος

142 2537 272 2586 ἔλλαβε
299 2543 389 2584 γυῖα
414 2538 570 2585 legisse:
598 2538 699 2584 quod
724 2539 839 2575 habet
862 2539 1068 2585 Hesychius
1094 2537 1233 2587 βρόμος
1260 2568 1267 2576 .
1289 2568 1296 2576 .
1319 2567 1327 2576 .
1354 2538 1419 2574 καὶ
1444 2536 1464 2574 ὁ
1486 2536 1598 2580 τόπος
1617 2537 1672 2579 εἰς

141 2580 187 2621 ὃν
213 2585 350 2632 ἔλαφοι
375 2583 531 2632 οὐροῦσι
557 2585 622 2622 καὶ
647 2582 883 2631 ἄφοδεύουσι
908 2587 986 2633 (ubi
1012 2587 1157 2634 βρῶμος
1182 2586 1398 2632 corrigunt),
1432 2586 1594 2621 alienum
1621 2586 1669 2621 ab

140 2633 212 2670 hoc
237 2633 331 2670 loco.
358 2654 401 2659 —-
429 2631 532 2679 φύει,
557 2633 702 2669 Ahrens
729 2635 844 2679 φυίει.

235 2704 294 2742 Fr.
321 2708 376 2740 98.
427 2702 626 2740 Herodian.
653 2703 739 2749 περὶ
765 2717 846 2750 μον.
871 2702 945 2748 ue.
971 2708 1030 2748 35,
1050 2708 1114 2741 32:
1144 2702 1200 2740 Τὰ
1229 2703 1283 2745 εἰς
1308 2708 1348 2745 ὦ
1372 2700 1535 2750 λήγοντα
1561 2701 1669 2741 οὐδὲ·

142 2748 232 2796 ἔερα
256 2748 480 2799 δισύλλαβα,
515 2750 553 2788 εἰ
577 2750 657 2797 ἔχοι
681 2748 753 2796 πρὸ
779 2750 908 2792 τέλους
932 2749 974 2787 τὸ
1006 2756 1045 2796 ἃ,
1077 2750 1375 2797 συνεσταλμένον
1399 2748 1550 2793 πάντως
1573 2748 1668 2788 αὐτὸ

140 2795 233 2844 ὄχει,
259 2798 296 2834 εἰ
317 2795 367 2856 μὴ
398 2796 496 2834 κατὰ
519 2796 718 2849 ῥἰοὶλεκτον
738 2799 809 2844 εἴη,
835 2795 958 2843 ὥσπερ
983 2796 1025 2834 τὸ
1051 2796 1186 2843 πάρος·
1223 2796 1297 2834 ἐπὶ
1330 2796 1412 2843 γὰρ
1444 2796 1491 2834 τὸ
1523 2798 1670 2844 πάρος

141 2858 362 2890 τνειαρον
399 2844 618 2891 ἱκνεῖται,
655 2843 851 2887 Ἀλκαῖος
888 2847 1007 2891 φησί.
1066 2846 1288 2882 Emendavit
1326 2846 1486 2890 Seidler3
1524 2847 1668 2883 Ahrens

140 2894 335 2938 praeterea
358 2894 508 2940 ῗκνηται
532 2893 691 2940 scripsit.
