1864 3126
101 1016 103 1018 -
181 987 355 1039 τιλογίας
382 982 408 1038 η’
437 982 761 1040 γνωριμωτάτους
787 982 982 1038 μάρτυρας
1007 982 1190 1038 ἑπόμενοι
1215 988 1293 1029 τῶν
1318 985 1594 1039 γεγραμμένων
1622 986 1710 1040 περὶ

181 156 267 198 528
496 151 497 155 ’
747 153 939 190 ΡΟΕΤΑΕ
965 153 1141 191 MELICI.

181 263 312 306 ἐλθὼν
344 263 386 305 δὲ
417 263 513 305 κατὰ
543 262 612 306 τὸν
651 261 870 318 Λυκόρμαν
909 261 1084 317 ποταμὸν
1115 267 1188 316 τῆς
1219 265 1413 313 Αἰτωλίας
1448 263 1589 306 ἕαυτον
1624 263 1706 306 ἐκεῖ

181 333 374 382 καθῆκεν·
407 327 506 370 ’ὅθεν
537 326 558 370 ὃ
590 326 806 382 Λυκόρμας
838 326 999 381 Εὖηνὸς
1031 326 1266 381 ὠνομάσθη·
1297 326 1393 369 κατὰ
1425 327 1468 369 δὲ
1496 325 1570 382 τὴν
1587 325 1701 382 ’Λρή-

182 411 259 446 νην
290 391 516 446 ἀπαντήσας
547 391 567 435 ὁ
595 391 796 435 Ἀπόλλων
825 396 877 450 τῷ
895 389 987 449 ’Ίδᾳ
1017 390 1252 446 λαμβάνεται
1282 397 1350 446 τῆς
1380 390 1648 447 Μαρπήσσης·
1679 389 1702 435 ὅ

182 458 226 498 δὲ
263 458 379 499 ἔτεινε
416 456 458 499 τὸ
495 456 609 508 τόξον
648 458 715 499 καὶ
753 457 950 511 διεφέρετο
987 459 1076 511 περὶ
1115 462 1187 500 τοῦ
1226 455 1372 512 γάμου·
1413 455 1472 507 οἷς
1510 455 1642 512 κριτὴς
1680 454 1702 499 ὅ

182 520 283 572 Ζεὺς
323 521 532 577 γενόμενος
571 524 719 576 αἵρεσιν
753 526 823 564 τοῦ
862 520 991 576 γάμου
1029 523 1092 564 ἐπὶ
1127 527 1173 578 τῇ
1210 520 1441 578 Μαρπήσσῃ
1477 524 1641 565 τίθεται·
1676 518 1704 576 ἡ

183 587 226 628 δὲ
258 590 432 640 δείσασα,
464 586 516 641 μὴ
549 586 674 642 αὐτὴν
705 588 768 629 ε’πὶ
798 586 899 645 γήρᾳ
929 590 1120 643 καταλίπῃ
1151 585 1172 629 ὃ
1199 585 1412 640 Ἀπόλλων,
1443 589 1606 641 αἱρεῖται
1633 585 1704 630 τὸν
1718 592 1845 630 ,11983

171 651 303 693 Ἴδαν·
335 651 459 702 οὕτως
490 651 541 707 δὴ
575 655 802 707 Σιμωνίδης
831 651 904 706 τὴν
933 655 1105 706 ἱστορίαν
1135 655 1427 714 περιείργασται.
1822 668 1826 670 ·

829 771 1066 824 217.[98]

256 860 271 875 ’
302 857 405 895 Plut.
438 857 506 896 vit.
547 857 719 907 Lycurg.
760 869 791 895 c.
827 859 867 894 1:
916 852 976 895 Οὐ
1015 852 1094 908 μὴν
1136 851 1253 906 ἄλλά,
1294 856 1432 907 καίπερ
1478 852 1602 905 οὕτως
1645 870 1710 897 πε-

187 919 439 998 πλανημένης
470 923 538 972 τῆς
569 921 752 996 ἱστορίας,
782 917 1050 972 πειρασόμεθα
1079 925 1159 969 τοῖς
1189 918 1429 974 βραχυτάτας
1454 921 1610 974 ε’χουσιν
1638 929 1710 962 αν-

182 1053 251 1090 τοῦ
287 1046 433 1103 ἀνδρὸς
465 1047 688 1090 ἀποδοῦναι
718 1047 790 1102 τὴν
822 1047 1013 1104 διήγησιν.
1046 1049 1128 1090 ἐπεὶ
1158 1049 1223 1090 καὶ
1249 1047 1518 1103 Σιμωνίδης(
1500 1067 1521 1091 ο
1546 1048 1711 1104 ποιητὴς

184 1109 259 1155 οὐκ
291 1111 484 1167 Εὐνόμου
517 1113 614 1168 λέγει
652 1111 720 1155 τὸν
751 1114 993 1168 Λυκοῦργον
1028 1112 1190 1167 πατρός,
1231 1112 1327 1155 ἀλλὰ
1359 1112 1608 1168 Πρυτάνιδος
1643 1115 1711 1156 καὶ

182 1176 251 1220 τὸν
282 1183 522 1233 Λυκοῦργον
552 1179 619 1219 καὶ
658 1176 726 1220 τὸν
757 1178 965 1233 Ευνομον·
1003 1181 1043 1221 οἱ
1076 1184 1246 1221 πλεῖστοι
1283 1177 1355 1233 οὐχ
1394 1196 1494 1221 ουτω
1530 1184 1709 1235 γενεαλο-

186 1233 338 1297 γοῧσιν,
371 1241 467 1284 ἀλλὰ
498 1248 575 1285 κτλ.
637 1246 701 1284 Ita
731 1247 829 1284 haec
860 1247 1042 1286 distinxit
1067 1246 1224 1296 Sauppe
1256 1247 1369 1296 epist.
1395 1247 1481 1286 crit.
1509 1248 1575 1297 69,
1605 1247 1707 1297 lege-

189 1311 326 1349 batur:
358 1305 455 1349 ἆλλᾶ
487 1306 754 1361 Πρυτάνιδος·
787 1308 853 1349 καὶ
889 1306 957 1349 τὸν
987 1311 1226 1362 Λυκοῦργον
1255 1307 1322 1348 καὶ
1352 1305 1421 1349 τὸν
1452 1307 1644 1362 Εὔνομον
1673 1310 1716 1350 οἱ

185 1377 355 1414 πλεῖστοι
387 1369 461 1426 οὐχ
492 1371 593 1414 οὕτω
625 1377 917 1428 γενεαλογοῦσι,
957 1376 1024 1414 sed
1057 1375 1161 1425 quod
1193 1373 1274 1414 ἐπεὶ
1305 1389 1376 1425 pro
1408 1373 1491 1414 ἐπεὶ
1520 1373 1587 1414 καὶ
1617 1377 1712 1415 scri-

185 1440 358 1478 bendum
391 1440 565 1488 censuit,
597 1435 919 1491 improbandum:
957 1440 1098 1479 vocula
1137 1437 1219 1478 ἕπεὶ
1250 1441 1407 1479 omnino
1439 1441 1489 1479 ab
1520 1441 1594 1479 hoc
1625 1441 1711 1480 loco

185 1505 333 1554 aliena3
379 1504 620 1543 Plutarchus
662 1505 893 1554 scripserat:
935 1503 1122 1555 ἐπιεικῆ
1163 1500 1205 1556 (i.
1245 1518 1277 1545 e.
1315 1500 1572 1558 probabilem)
1616 1501 1710 1546 ἄπο-

186 1569 327 1608 δοῦναι
367 1564 439 1619 τὴν
479 1565 673 1622 διήγησιν.
722 1569 950 1620 Σιμωνίδης
982 1565 1003 1609 ὁ
1029 1565 1194 1620 ποιητὴς
1228 1591 1277 1597 -
1313 1570 1354 1610 οἱ
1379 1572 1558 1610 πλεῖστοι.
1607 1570 1711 1608 Nam

186 1634 360 1672 Bekkeri
392 1635 635 1673 correctione
668 1635 714 1674 οἱ
742 1632 791 1674 δὲ
821 1636 937 1675 facile
963 1647 1159 1674 caremus:
1190 1636 1260 1674 ubi
1285 1635 1466 1675 diversae
1492 1636 1712 1675 sententiae

188 1700 458 1748 recensentur,
489 1700 710 1749 asyndeton
743 1701 840 1739 satis
873 1703 1022 1751 aptum.
1084 1700 1198 1739 Adde
1230 1700 1357 1740 Schol.
1381 1701 1537 1740 Platon.
1561 1715 1598 1751 p.
1625 1702 1710 1740 419

185 1764 244 1802 ed.
277 1764 422 1802 Bekka
453 1766 723 1817 Λυκοῦργος.
775 1758 860 1817 .ἧν
891 1763 934 1804 δὲ
964 1761 1060 1804 κατὰ
1092 1765 1324 1816 Σιμωνίδην
1363 1762 1611 1845 Πρυτάνιδος
1641 1763 1714 1818 μὲν

186 1824 285 1878 υἱός,
317 1824 511 1893 Εὐνόμου
544 1826 588 1867 δὲ
619 1824 805 1880 ἀδελφός,
836 1829 902 1869 καὶ
931 1833 1044 1878 θεῖος
1066 1832 1137 1870 τοῦ
1163 1827 1355 1882 Ευνόμου
1379 1831 1484 1881 υἱοῦ.
1510 1826 1712 1882 Χαριλάου

186 1895 255 1932 τοῦ
297 1878 599 1944 βασιλεύσαντος
637 1896 706 1945 τῆς
745 1891 952 1947 Σπάρτης,
991 1894 1040 1946 ἧς
1079 1890 1171 1948 ἦρξε
1211 1894 1277 1935 καὶ
1320 1897 1556 1948 Λυκοῦργος
1595 1891 1714 1943 αὐτὸς

187 1955 253 2008 ἔτη
286 1953 356 2008 ιη’·
390 1971 451 1997 οτε
476 1973 542 1997 και
573 1972 663 2005 τους
688 1955 837 2010 νόμους
862 1958 1049 2012 ε’γραψεν,
1075 1957 1340 2012 ἕπιτροπευων
1365 1957 1433 2000 τὸν
1458 1957 1712 2011 ἀδελφιδοῦν.

188 2021 430 2061 Simonidem
461 2023 642 2073 sequitur
671 2023 787 2063 Dion.
818 2024 908 2064 Hal.
940 2025 1034 2063 Ant.
1066 2025 1105 2063 II
1139 2027 1192 2064 49
1226 2022 1492 2078 ἐπιτροπεύων
1522 2022 1713 2076 Ευνομον

185 2082 255 2126 τὸν
287 2083 530 2138 ἀδελφιδοῦν
555 2090 794 2141 Λυκοῦργος
825 2087 936 2128 ἔθετο
965 2091 1011 2143 τῇ
1042 2086 1206 2144 Σπάρτῃ
1236 2085 1328 2137 τοὺς
1352 2086 1500 2142 νόμους
1530 2090 1599 2128 ubi
1630 2102 1711 2129 cor-

185 2152 396 2202 rigendum
428 2147 692 2206 (Χαρίλαον
727 2149 829 2206 τὸν)
867 2149 1109 2206 Εὐνόμου.
1170 2154 1354 2194 Alteram
1389 2155 1556 2204 famam,
1594 2167 1713 2205 quam

187 2219 451 2268 pervagatam
504 2218 599 2257 dicit
648 2214 908 2268 Plutarchus,
953 2219 1143 2259 tuebatur
1191 2220 1393 2270 Ephorus,
1446 2219 1526 2260 vid.
1569 2219 1712 2259 Strabo

191 2282 226 2320 X
257 2296 295 2332 p.
327 2285 411 2322 481
435 2296 491 2333 sq.
1716 2310 1718 2312 v

834 2400 1072 2455 218.[99]

306 2483 411 2526 Plut.
442 2484 512 2526 vit.
543 2486 695 2538 Agesil.
727 2500 758 2528 c.
794 2491 835 2526 1:
879 2483 954 2527 Διὸ
990 2487 1061 2526 καί
1094 2498 1217 2537 φασιν
1257 2481 1335 2526 ὑπὸ
1375 2488 1446 2526 τοῦ
1482 2484 1710 2537 Σιμωνίδου

187 2544 260 2602 τὴν
297 2547 485 2603 Σπάρτην
522 2554 865 2605 προσηγορεῦσθαι
909 2552 1318 2605 δαμασίμβροτον,
1355 2546 1408 2600 ὡς
1445 2547 1607 2603 μάλιστα
1644 2541 1711 2589 διὰ

188 2616 266 2654 τῶν
297 2613 405 2654 ἐθῶν
434 2611 526 2664 τοὺς
556 2616 714 2664 πολίτας
743 2620 824 2664 τοῖς
855 2613 990 2669 νόμοις
1014 2617 1250 2668 πειθηνίους
1281 2615 1348 2656 καὶ
1377 2611 1597 2668 χειροήθεις
1627 2629 1712 2655 ποι-

190 2681 327 2729 οῦσαν,
359 2675 489 2732 ὥσπερ
522 2680 668 2729 ἵππους
699 2677 825 2729 ευθυς
855 2680 895 2729 ἐξ
925 2677 1047 2734 ἀρχῆς
1079 2679 1383 2733 δαμαζομένους.

789 2796 875 2839 219
897 2796 947 2840 Α.
982 2797 1116 2850 [100.]
1392 2843 1395 2845 ,

309 2878 952 2932 Sch01.E11rip.Rhes.v.5-‘'ou
977 2882 1019 2922 οἱ
1039 2878 1195 2934 ἀρχαῖοι
1219 2880 1275 2929 είς
1304 2883 1404 2932 τρεῖς
1441 2877 1622 2932 φυλακὰς
1649 2879 1713 2922 νέ-

1802 2641 1812 2690 ξ
