1864 3126
165 279 188 314 ὅ

146 638 189 669 10

146 995 187 1026 15

723 147 1098 196 ANACREONTEA.

211 266 358 326 γράφε
388 266 471 325 τὴν
502 266 613 326 ἐμὴν
638 268 830 326 ἑταίρην.

213 338 358 398 γράφε
372 356 447 397 μοι
461 342 612 397 τρίχας
624 337 674 384 τὸ
688 341 867 397 πρῶτον

213 408 386 463 ἁπαλάς
415 428 461 455 τε
492 410 565 455 καὶ
596 414 823 468 μελαίνας·

215 478 239 526 ὁ
273 480 322 526 δὲ
346 481 484 539 κηρὸς
513 478 570 527 ἂν
603 480 807 539 δύνηται,

212 553 357 611 γράφε
387 553 461 597 καὶ
487 553 634 611 μύρου
658 552 891 605 πνεούσας.

214 623 360 682 γράφε
393 623 436 668 δ’
471 626 516 678 ἐξ
547 622 654 682 ὅλης
678 626 862 682 παρειῆς
928 635 973 667 25

214 693 300 741 ὑπὸ
332 705 610 753 πορφυραῑσι
642 699 812 754 χαίταις

192 770 195 773 ’
214 766 507 824 ἐλεφάντινον
538 767 754 825 μέτωπον.

213 837 264 883 τὸ
296 838 558 896 μεσόφρυον
589 838 639 884 δὲ
663 838 724 896 μή
757 855 833 895 μοι

215 909 440 966 διάκοπτε,
471 909 580 967 μήτε
610 914 755 967 μίσγε·

214 982 345 1039 ἐχέτω
379 980 439 1038 δ’,
471 980 591 1034 ὅπως
622 982 780 1038 ἐκείνη,

216 1051 268 1098 τὸ
299 1051 556 1110 λεληθότως
586 1051 809 1111 σύνοφρυ,

213 1123 453 1182 βλεφάρων
479 1129 578 1168 ἴτυν
609 1123 833 1181 κελαινήν.

171 1243 174 1245 ,
214 1194 264 1240 τὸ
293 1195 343 1240 δὲ
367 1196 540 1252 βλέμμα
564 1197 654 1240 νῦν
678 1193 864 1252 ἀληθῶς

170 1852 192 1883 ιἿ

215 1265 302 1312 ἀπὸ
317 1269 398 1311 τοῦ
413 1266 554 1325 πυρὸς
567 1270 773 1324 ποίησον,
802 1279 892 1314 1055

1588 157 1675 201 307

929 279 974 312 20
1000 266 1090 324 ἅμα
1115 265 1328 324 γλαυκόν,
1354 265 1415 320 ὡς
1439 265 1646 324 Ἀθήνης,

998 337 1089 396 ἅμα
1104 337 1144 383 δ’
1167 336 1327 396 ὑγρόν,
1341 336 1402 392 ὥς
1415 338 1647 396 Κυθήρης.

998 409 1144 467 γράφε
1176 411 1280 466 ῥῖνα
1311 410 1385 454 καὶ
1418 410 1617 468 παρειάς,

999 480 1112 537 ῥόδα
1144 483 1205 542 τῷ
1238 481 1423 538 γάλακτι
1456 484 1593 540 μίξας.

999 551 1143 610 γράφε
1162 557 1321 610 χεῖλος,
1341 549 1415 598 οἷα
1429 556 1647 609 Πειθοῦς,

999 622 1367 682 προκαλούμενον
1399 628 1583 683 φίλημα.

998 698 1226 753 τρυφεροῦ
1259 694 1300 740 δ’
1336 699 1423 755 ἔσω
1454 700 1632 754 γενείου

1000 766 1099 823 περὶ
1132 770 1329 828 λυγδίνῳ
1361 766 1565 828 τραχήλῲ

1002 837 1190 895 Χάριτες
1219 839 1423 883 πέτοιντο
1455 842 1606 883 πᾶσαι.

1002 909 1212 955 στόλισον
1242 910 1293 955 τὸ
1320 908 1482 955 λοιπὸν
1498 908 1650 967 ἀὐτήν

930 1015 938 1025 .
1001 979 1364 1039 ὑποπορφύροισι
1397 982 1594 1034 πέπλοις·

1003 1053 1276 1110 διαφαινέτω
1308 1052 1357 1098 δὲ
1389 1056 1569 1111 σαρκῶν

1003 1122 1175 1181 ὀλίγον,
1205 1123 1255 1169 τὸ
1289 1123 1402 1183 σῶμ’
1438 1125 1632 1183 ἐλέγχον.
1657 1140 1661 1143 ·

1002 1194 1170 1254 ἀπέχει·
1201 1197 1349 1253 βλέπω
1381 1195 1469 1254 γὰρ
1495 1195 1650 1254 αὐτήν.

1001 1267 1113 1326 τάχα
1143 1267 1251 1326 κηρὲ
1281 1268 1355 1312 καὶ
1387 1267 1606 1325 λαλήσεις.

810 1401 875 1448 16.
921 1401 996 1443 29.

556 1484 649 1517 ΕΙΣ
672 1403 960 1518 ΝΕΩΤΕΡὲΝ
984 1403 1265 1519 ΒΣΙΑΘΤΛΛΟΝ.

218 1552 373 1612 Γράφε
393 1570 468 1611 μοι
484 1552 728 1598 Βάθυλλον
749 1551 866 1598 οὕτω
937 1567 979 1598 10
1006 1555 1201 1612 στεφέτω
1234 1555 1438 1612 μέτωπον
1470 1552 1616 1612 ὀφρύς

214 1624 296 1669 τὸν
328 1625 523 1683 ἑταῖρον,
555 1622 615 1677 ὥς
646 1624 857 1669 διδάσκω.

215 1694 406 1754 λιπαρὰς
435 1695 576 1753 κόμας
605 1699 812 1754 ποίησον,

215 1766 269 1812 τὰ
302 1767 384 1824 μὲν
415 1770 608 1812 ἔνδοθεν
640 1772 866 1825 μελαίνας,

217 1837 270 1883 τὰ
303 1837 345 1882 δ’
381 1839 426 1891 ἐς
457 1837 598 1896 ἄκρον
629 1837 840 1897 ἡλιαὶσας·

219 1910 365 1963 ἕλικας
397 1908 439 1954 δ’
476 1911 744 1968 ἐλευθέρους
773 1929 849 1968 μοι

219 1980 462 2039 πλοκάμων
489 1980 653 2026 ἄτακτα
682 1986 868 2035 συνθείς

219 2051 345 2110 ἄφες,
377 2051 437 2106 ὡς
466 2054 650 2109 θέλωσι,
675 2060 866 2099 κεῖσθαι.

219 2122 397 2169 ἁπαλὸν
429 2124 479 2170 δὲ
509 2125 584 2169 καὶ
611 2127 837 2183 δροσῶδες

1005 1627 1262 1684 κυανωτέρη
1296 1625 1571 1684 δρακόντων.

1003 1697 1142 1755 μέλαν
1175 1696 1294 1755 ὄμμα
1325 1696 1494 1757 γοργὸν
1526 1700 1653 1754 ἔστω,

1003 1769 1330 1828 κεκερασμένου
1361 1767 1550 1827 γαλήνῃ,

1003 1838 1053 1885 τὸ
1086 1840 1168 1898 μὲν
1201 1841 1245 1894 ἐξ
1264 1838 1428 1898 ’Ἄρηος
1459 1841 1607 1897 ἕλκον,

937 1924 980 1955 15
1005 1910 1055 1956 τὸ
1084 1911 1134 1956 δὲ
1159 1914 1237 1969 τῆς
1260 1915 1398 1969 καλῆς
1423 1911 1656 1970 Κυθήρης,

1006 1985 1082 2027 ἵνα
1113 2001 1179 2036 τις
1210 1982 1259 2028 τὸ
1293 1983 1375 2040 μὲν
1407 1986 1617 2041 φοβῆται,

1005 2053 1056 2099 τὸ
1072 2053 1115 2099 δ’
1139 2053 1214 2099 ἀπ’
1233 2056 1411 2107 ἐλπίδος
1423 2058 1654 2113 κρεμᾶται·

1005 2129 1166 2184 χνοΐην
1198 2125 1240 2171 δ’
1277 2125 1412 2172 ὁποῖα
1443 2128 1587 2183 μῆλον

149 2286 194 2292 —-
219 2266 264 2302 V.
286 2269 318 2301 7.
344 2263 506 2311 ἁπαλάς,
531 2266 615 2303 fort.
641 2265 839 2313 λιπαράς
863 2266 1149 2312 restituendum,
1176 2270 1220 2304 cf.
1245 2273 1299 2314 16,
1319 2273 1352 2304 3.
1381 2290 1423 2294 -
1445 2269 1488 2303 V.
1513 2272 1568 2305 11.
1594 2281 1684 2313 πορ-

149 2317 319 2359 φυραῖσι,
347 2314 427 2350 cod.
453 2312 697 2361 πορφύραισι.
725 2335 769 2340 -
795 2314 839 2350 V.
870 2319 923 2351 16.
949 2313 1012 2361 τὸ,
1039 2315 1154 2352 Pauw
1179 2316 1225 2352 τὶ.
1260 2337 1305 2343 —
1339 2313 1570 2362 λεληθότως,
1603 2316 1684 2351 cod.

151 2374 173 2396 a.
193 2373 253 2404 ‚m.
286 2373 341 2407 pr,
373 2359 588 2407 λεληθότος.
621 2382 666 2388 -
704 2359 894 2408 σῦνοφρυ,
928 2361 1129 2410 βλεφάρων
1162 2361 1199 2398 δ’
1233 2365 1316 2399 ἴτυν
1347 2378 1381 2399 κ.
1415 2363 1555 2398 Bal-nes
1586 2363 1686 2408 quod

149 2408 263 2444 etiam
298 2408 513 2454 Stephanus
551 2409 615 2444 sed
649 2409 864 2445 dubitanter
895 2411 1109 2456 proposuit,
1140 2411 1337 2455 legebatur
1378 2408 1571 2456 σύνοφρυν
1605 2411 1685 2458 βλε-

150 2454 284 2502 φάρων
309 2457 357 2492 ft.
390 2459 465 2492 κελ.
488 2477 530 2482 -—
558 2456 601 2492 V.
621 2460 678 2493 22.
706 2454 793 2502 §tva
819 2458 1040 2503 Stephanus,
1067 2458 1146 2494 cod.
1167 2458 1285 2505 ῤ’ἴνας.
1315 2480 1356 2485 -
1384 2459 1427 2494 V.
1449 2462 1505 2495 23.
1532 2459 1582 2517 τῷ
1604 2458 1685 2493 Ste-

148 2539 310 2585 phanus,
336 2540 417 2575 cod.
444 2536 498 2575 τό.
526 2560 570 2565 -
598 2539 642 2575 V.
668 2542 725 2575 28.
750 2538 925 2576 πέτοιντο
951 2542 1031 2577 cod.
1059 2542 1097 2577 in
1123 2552 1260 2587 marg,
1293 2541 1331 2576 in
1355 2542 1462 2577 textu
1487 2542 1685 2578 πετῶνται.

151 2607 194 2644 -,—
216 2586 266 2645 ,V·
293 2591 337 2623 32
364 2588 445 2624 cod.
474 2586 636 2633 ἔλεγχον.
676 2608 713 2612 -
750 2587 792 2623 V.
820 2591 876 2624 33.
903 2584 1055 2634 ἀπέχει,
1081 2588 1293 2635 Stephanus
1319 2586 1456 2635 ἄπεχε,
1489 2589 1686 2625 Mehlhorn

150 2647 223 2670 απε
250 2647 306 2672 ου.

227 2648 302 2718 κ16.
352 2681 537 2726 νεώτερον
576 2681 703 2718 omisit
741 2681 964 2728 Stephanus,
995 2703 1041 2710 —
1074 2683 1118 2719 V.
1150 2688 1183 2720 4.
1216 2689 1249 2719 ὃ.
1282 2680 1326 2719 τὰ
1366 2682 1437 2728 μὲν
1475 2704 1519 2710 -—
1557 2680 1603 2719 τὰ
1642 2681 1686 2719 δὲ

151 2729 376 2775 Stephanus,
414 2730 495 2766 cod.
534 2727 601 2771 τὰς
638 2728 707 2775 μὲν
746 2750 790 2756 -
825 2727 893 2771 τὰς
929 2728 980 2766 δ’.
1014 2751 1055 2756 -
1100 2730 1141 2766 V.
1176 2735 1197 2766 6
1235 2731 1266 2766 si
1305 2730 1395 2776 quid
1434 2731 1560 2776 viden,
1606 2735 1711 2768 cor—'

151 2777 221 2822 rigi
265 2779 416 2823 oportet
454 2776 580 2818 ἕλικας
617 2775 655 2812 δ’
703 2773 948 2823 ἐλευθέρους,
1025 2775 1047 2823 ὴ
1086 2777 1290 2824 πλοκάμων
1334 2776 1481 2814 ἄτακτα
1518 2779 1688 2824 συνθείς,

151 2821 260 2869 ἄφες.
289 2845 329 2850 -
359 2824 404 2861 V.
424 2829 457 2860 8.
484 2822 534 2866 ὡς
557 2823 717 2869 θέλωσι,
744 2824 954 2871 Stephanus
980 2839 1030 2866 ως
1054 2824 1222 2862 θέλουσι.
1250 2847 1288 2852 —-
1317 2826 1359 2863 V.
1384 2830 1427 2861 10
1452 2826 1534 2862 cod.
1554 2822 1686 2872 ὀφρῦς.

154 2892 194 2897 --
225 2872 268 2908 V.
298 2876 352 2908 14.
371 2870 510 2918 Ἄρηος,
537 2872 619 2909 cod.
639 2884 662 2907 a.
681 2884 730 2908 m.
751 2885 806 2918 pr.
827 2869 949 2917 ἄρεος.
977 2893 1020 2898 -
1049 2871 1158 2909 ἕλκον
1184 2872 1408 2920 Stephanus,
1439 2874 1521 2909 cod.
1557 2872 1688 2910 ἕλκων.

153 2938 199 2944 —
224 2919 268 2955 V.
297 2923 353 2956 16.
379 2920 546 2968 φοβῆται
574 2919 795 2965 Stephanum
823 2920 903 2956 cod.
930 2922 1118 2967 φοβεῖται.
1150 2942 1189 2947 —
1218 2922 1260 2958 V.
1291 2925 1345 2958 17.
1372 2919 1413 2957 τὸ
1440 2918 1479 2957 δ’
1507 2917 1578 2957 ἄπ’
1607 2922 1690 2957 Ste-

1329 2982 1403 3016 20*
