1864 3126
235 150 322 192 464
537 130 539 134 ’
798 149 990 185 POETAE
1015 149 1192 185 MELICI.

330 255 444 310 [ἀλλ’
481 258 521 298 εἰ
550 253 609 311 μὴ
639 254 791 312 θυμόν
822 272 871 311 γε
904 256 1032 300 Λέων
1064 255 1172 313 ἐμὸν
1205 254 1376 314 οὔνομά
1407 255 1446 300 τ’
1482 255 1619 315 εἶχεν,

388 324 470 370 οὐκ
501 322 557 369 ἂν
590 324 674 382 ἐγὼ
706 327 856 386 τύμβῳ
888 325 993 386 τῷδ’
1029 328 1223 384 ἐπέθηκα
1254 327 1424 382 πόδας]

237 481 438 514 iunxerunt
461 478 618 514 Huetius
638 479 676 513 et
695 478 825 514 Iacobs
847 479 1007 515 alterum
1027 480 1224 523 distichon,
1251 481 1351 526 quod
1377 480 1516 526 legitur
1541 493 1633 517 οοιτ.
1651 493 1763 518 manu

238 526 419 572 scriptum
458 526 496 560 in
534 525 663 561 eadem
697 525 835 561 codicis
869 526 1010 583 pagina
1041 528 1126 573 post
1156 508 1226 563 V11'
1251 532 1320 563 350
1351 539 1434 563 cum
1466 529 1537 564 hoc
1568 529 1760 565 lemmate:

235 571 557 619 Καλλιμάχου·
585 572 639 613 εἰς
663 570 795 608 λέοντά
821 586 917 617 τινα,
944 569 989 608 ὃν
1015 575 1109 610 λέων
1135 572 1198 610 ἐπὶ
1222 576 1288 610 τοῦ
1307 572 1493 619 λάρνακος
1513 574 1645 612 ἔσκεπε
1665 577 1764 612 λίθι-

238 634 312 661 νος.
373 620 556 656 Continuo
589 631 626 655 se
661 621 852 665 excipiunt
881 621 974 657 haec
1000 621 1161 657 disticha
1192 633 1251 667 ap.
1283 621 1386 658 Plan.
1413 624 1452 658 et
1475 622 1593 659 Iriart.
1619 627 1664 658 94
1690 625 1765 669 (ap.

235 669 338 704 Plan
366 668 525 703 secundo
552 667 712 703 disticho
739 668 985 712 praemissum
1010 666 1187 714 ἄδηλον);
1215 670 1444 714 eundemque
1470 669 1639 705 ordinem
1663 673 1764 706 vete—

234 716 284 750 ris
310 715 531 772 Anthologii
556 714 670 750 fuisse
696 717 862 772 apparet.
891 736 935 742 —
972 715 1015 750 V.
1043 720 1076 751 3
1101 729 1156 761 γε,
1181 717 1353 762 Hartung
1376 729 1416 752 τε
1444 717 1603 762 scripsit.
1633 737 1675 743 —-
1701 714 1764 753 οὔ·

234 759 409 845 Ξῗιζῖηζζ
420 759 653 854 «ιῗέἓὲιὲξ
640 759 1400 856 222⁶&’qfia‘m‘zssffsssstfflzt3333&ss
1426 763 1763 848 535‘23132353?

235 857 320 892 dem
352 858 409 892 est
438 858 583 902 poetae.
633 857 667 890 A
697 856 876 901 Iacobsio,
915 857 974 892 cui
1007 857 1223 892 continuum
1255 869 1405 894 carmen
1436 859 1648 903 videbatur,
1684 859 1764 894 iure

236 903 495 940 Schneidewin
520 904 702 948 discessit,
728 915 839 949 quem
865 903 931 939 alii
954 905 1071 939 secuti
1097 906 1191 941 sunt.
1231 905 1336 940 Prius
1362 905 1548 942 distichon
1567 906 1764 950 Simonidi,

237 952 456 987 Callimacho
477 951 636 986 alterum
654 951 825 986 Meineke
852 953 889 986 et
915 951 955 986 Ο.
971 952 1172 987 Schneider
1197 953 1425 996 attribuunt;
1451 953 1553 999 prius
1577 952 1763 989 distichon

238 998 495 1035 Schneidewin
521 998 570 1057 afl
602 998 788 1034 Leonidae
819 999 1003 1033 tumulum
1036 999 1184 1034 rettulit
1210 1000 1294 1035 coll.
1323 1000 1456 1036 Herod.
1483 1000 1551 1035 VII
1577 1003 1647 1036 225
1672 997 1692 1036 ὃ
1720 999 1763 1036 δὲ

236 1043 398 1086 κολωνός
425 1043 501 1081 ἐστι
534 1042 575 1080 ἐν
601 1046 643 1092 τῇ
673 1043 790 1093 ἐσόδῳ
817 1042 908 1081 ὅκου
942 1046 1012 1081 νῦν
1038 1043 1058 1080 ὁ
1087 1047 1233 1087 λίθινος
1265 1045 1358 1082 λέων
1392 1046 1547 1093 ἕστηκεν
1574 1044 1637 1083 ἐπὶ
1665 1051 1764 1083 Λεω-

234 1094 339 1140 νίὸῃι
366 1093 432 1128 sed
456 1092 543 1127 huic
568 1095 820 1137 monumento,
846 1092 946 1137 quod
972 1093 1123 1129 videtur
1147 1094 1329 1129 Herodoti
1354 1095 1502 1130 demum
1529 1095 1679 1130 saeculo
1704 1106 1765 1130 ex-

236 1141 394 1176 citatum
427 1151 519 1184 esse,
550 1140 702 1175 titulum
734 1139 984 1185 subscriptum
1017 1140 1136 1176 fuisse
1161 1152 1234 1176 non
1261 1143 1316 1176 est
1341 1141 1559 1177 verisimile·
1570 1141 1603 1186 *)
1636 1142 1764 1186 itaque

235 1198 383 1223 carmen
410 1168 591 1222 Simonidi
617 1188 876 1232 abrogandum
903 1190 941 1222 et
966 1188 1270 1223 demonstrativis
1296 1189 1480 1245 poematis
1504 1188 1603 1224 foret
1626 1189 1765 1224 adscri-

236 1235 410 1280 bendum,
436 1234 750 1291 quemadmodum
774 1233 888 1269 Lollii
914 1234 1022 1269 Bassi
1046 1236 1158 1270 Anth
1186 1235 1253 1270 VII
1280 1239 1349 1270 243
1381 1231 1441 1280 (ἢν
1468 1232 1505 1270 δ’
1542 1233 1674 1282 ἐσορῇς
1699 1232 1762 1271 ἐπ’

239 1279 328 1328 ἐμεῦ
352 1263 605 1335 ἰοβόστρυχον
639 1279 770 1317 εἰκόνα
800 1279 937 1327 θηρός,
972 1280 1105 1317 ἔννεπε
1138 1282 1204 1317 τοῦ
1230 1282 1347 1327 ταγοῦ
1373 1283 1500 1328 μνῆμα
1532 1283 1764 1328 Amadum:

237 1330 301 1364 sed
328 1329 405 1364 eius
430 1339 576 1374 genens
603 1329 764 1374 speciem
789 1329 1078 1373 haudquaquam
1105 1341 1194 1374 prae
1221 1340 1260 1364 se
1285 1330 1368 1365 fert.
1417 1329 1548 1374 Neque
1574 1329 1764 1366 debebant

235 1376 407 1412 Meineke
439 1379 477 1411 et
509 1375 710 1411 Schneider
741 1376 901 1411 alterum
935 1374 1162 1411 Callimacho
1194 1376 1404 1421 vindicare,
1438 1377 1540 1421 quod
1570 1378 1672 1412 recte
1703 1388 1762 1422 ap.

235 1424 339 1459 Plan.
373 1420 516 1468 ἄδηλον
549 1423 781 1467 inscribitur,
820 1425 1016 1468 utrumque
1050 1435 1197 1459 carmen
1228 1423 1276 1458 ad
1314 1423 1485 1460 Leontem
1517 1424 1679 1469 aliquem
1710 1435 1765 1460 re-

234 1437 448 1506 ferendumn
454 1472 522 1514 est,
547 1472 590 1506 ut
614 1470 792 1506 lemmata
818 1471 1002 1506 indicant.
1039 1470 1192 1506 Leontis
1223 1471 1367 1506 tumulo
1393 1471 1511 1507 leonis
1536 1471 1683 1516 signum
1709 1471 1763 1506 in-

235 1518 397 1563 positum
431 1516 543 1553 simul
581 1529 717 1553 nomen
754 1518 825 1553 viri
864 1519 901 1553 et
931 1517 1189 1553 fortitudinem
1219 1518 1404 1563 insignem
1437 1518 1612 1562 notabat3
1650 1519 1766 1564 poeta

237 1577 412 1610 quorsum
439 1566 625 1610 spectaret
655 1567 939 1600 monumentum
966 1564 1194 1610 significasse
1219 1566 1309 1600 satis
1335 1565 1478 1609 habuit,
1502 1567 1605 1601 ratus
1631 1577 1766 1610 aequa-

235 1613 290 1648 les
323 1623 397 1648 non
428 1612 682 1658 ignoraturos,
716 1612 775 1648 cui
810 1612 1049 1647 simulacrum
1080 1611 1175 1647 illud
1207 1612 1420 1648 dedicatum
1450 1612 1574 1649 fuerit.
1629 1611 1766 1648 Postea

235 1671 322 1695 vero
355 1660 449 1695 alius
482 1659 564 1704 quis
590 1659 811 1704 subscripsit
841 1660 998 1695 alterum
1032 1659 1236 1703 distichon,
1269 1661 1312 1695 ut
1343 1660 1517 1705 aenigma
1541 1660 1640 1705 quod
1663 1659 1766 1695 vide·

235 1707 346 1742 batur
382 1706 607 1752 postgenitis
651 1706 860 1752 expediret,
899 1707 1211 1752 quemadmodum
1252 1706 1344 1742 alias
1382 1718 1528 1752 quoque
1561 1707 1609 1742 ab
1641 1707 1765 1743 aliena

235 1765 347 1789 manu
373 1753 652 1800 epigrammatis
678 1754 797 1789 additi
823 1756 909 1789 sunt
933 1753 1182 1799 versiculi**)‚
1217 1766 1309 1798 quos
1341 1765 1364 1789 a
1396 1753 1628 1790 Callimacho
1652 1754 1763 1800 plane

236 1801 378 1837 alienos
399 1812 477 1836 esse
498 1803 663 1847 apparet.
702 1800 840 1837 Prioris
861 1800 1142 1847 epigrammatis
1162 1801 1355 1846 paradosis
1376 1801 1530 1844 incerta,
1557 1811 1644 1836 nam
1663 1801 1764 1837 vide-

235 1849 297 1883 tur
321 1847 361 1883 in
393 1849 518 1884 vetere
543 1848 773 1894 Anthologio
805 1850 882 1884 tam
916 1848 1116 1884 Simonidis
1142 1859 1255 1893 quam
1288 1847 1513 1883 Callimachi
1540 1859 1675 1884 nomen
1699 1847 1764 1883 ad-

237 1895 416 1949 scriptum
441 1894 566 1939 fuisse,
594 1896 658 1931 sed
678 1894 878 1931 Simonidis
902 1906 1038 1931 nomen
1057 1896 1184 1940 aliqua
1204 1907 1248 1930 ex
1257 1897 1380 1940 'parte
1401 1896 1599 1931 confirmat
1623 1896 1763 1931 lemma

237 1942 395 1987 proximi
426 1953 482 1987 ep.
510 1943 622 1979 Anth
650 1943 720 1977 VII
745 1946 814 1977 345
846 1939 1073 1978 ἀδέσποτον
1106 1940 1145 1977 οἷ
1173 1941 1215 1977 δὲ
1248 1944 1477 1988 Σιμωνίδου,
1509 1942 1612 1978 cuius
1637 1944 1765 1978 aucto-

216 1991 315 2025 'rem
349 1989 612 2025 Aeschrionem
646 1989 812 2024 Samium
845 2000 925 2025 esse
957 1989 1180 2024 testificatur
1209 1988 1441 2033 Athenaeus,
1474 1989 1659 2024 Simonidi
1690 2001 1764 2026 ιιοιι

239 2036 365 2082 potuit
389 2036 545 2072 attribui
570 2047 719 2072 carmen
743 2036 783 2071 in
801 2036 1058 2072 Philaenidem
1077 2036 1150 2071 nisi
1169 2047 1304 2079 errore,
1330 2037 1388 2071 cui
1406 2047 1664 2081 praegressum
1685 2047 1763 2072 car-

239 2094 325 2120 men
361 2095 489 2119 ansam
522 2083 636 2119 dedit.
694 2083 849 2119 Carmen
880 2083 979 2119 haud
1012 2083 1121 2118 dubie
1153 2083 1364 2128 antiquum;
1396 2082 1427 2118 si
1464 2083 1663 2118 Simonidis
1694 2083 1764 2127 est,

238 2130 360 2176 possis
386 2130 434 2166 ad
459 2130 639 2166 Leontem
666 2131 907 2166 Tmezenium
932 2130 1081 2173 referre,
1115 2141 1226 2175 quem
1251 2130 1300 2165 ad
1327 2130 1519 2165 Sciathum
1544 2130 1761 2166 Troezenio-

237 2190 316 2214 rum
343 2178 430 2214 navi
456 2180 566 2236 capta
591 2177 786 2214 Persarum
810 2179 949 2213 nautae
973 2179 1241 2234 mactaverunt,
1268 2179 1310 2213 ut
1328 2177 1538 2213 Herodotus
1558 2178 1688 2213 auctor
1706 2179 1764 2213 est

237 2225 305 2261 Vll
332 2229 416 2261 180:
443 2224 506 2260 καὶ
533 2223 663 2261 ἔπειτα
693 2225 767 2261 τῶν
785 2222 1008 2285 ἐπιβατέων
1040 2222 1157 2283 αὐτῆς
1188 2221 1253 2259 τὸν
1284 2221 1574 2260 καλλιστεύοντα
1599 2221 1757 2280 ᾇγαγόν-

237 2285 297 2314 τες
318 2270 379 2308 ἐπὶ
398 2273 462 2317 τῆς
480 2269 629 2319 πρώρης
646 2273 710 2318 τῆς
729 2269 820 2318 νηὸς
841 2271 1011 2317 ἔσφαξαν
1031 2270 1222 2314 διαδέξιον
1231 2271 1312 2316 ***)
1337 2268 1557 2329 ποιεύμενοι
1577 2270 1642 2307 τὸν
1662 2270 1762 2308 εἷλον

238 2321 312 2355 τῶν
334 2317 520 2366 Ἐλλήνων
545 2321 693 2366 πρῶτον
720 2320 783 2355 καὶ
803 2318 1014 2356 κάλλιστον·
1041 2319 1091 2366 τῷ
1112 2317 1154 2355 δὲ
1176 2317 1458 2364 σφαγιασθέντι
1477 2331 1597 2367 τουτῳ
1619 2315 1763 2365 οὔνομα

361 2463 395 2507 *)
421 2462 624 2498 Pausanias
656 2463 754 2498 certe
786 2463 838 2497 III
864 2466 902 2505 8,
929 2466 949 2496 2
987 2461 1182 2507 (adscripsi
1206 2461 1327 2496 locum
1354 2460 1403 2496 ad
1428 2471 1484 2506 ep.
1513 2461 1595 2506 138)
1619 2460 1762 2496 nullum

243 2509 473 2556 epigramma
497 2519 616 2554 neque
643 2509 843 2545 Simonidis
868 2520 987 2554 neque
1014 2509 1109 2544 alius
1134 2512 1269 2554 poetae
1293 2507 1443 2554 publico
1462 2507 1702 2543 monumento
1725 2507 1764 2542 in

241 2557 429 2593 Leonidae
453 2557 633 2592 honorem
656 2557 879 2602 inscriptum
903 2556 1018 2592 novit.

354 2604 410 2649 **)
439 2603 542 2639 Conf.
569 2603 706 2639 Simon.
734 2615 790 2649 ep.
813 2607 880 2639 128
901 2605 940 2639 et
959 2607 1037 2638 129.
1083 2603 1234 2638 Etiam
1224 2615 1262 2637 in
1282 2602 1470 2648 lapidibus
1496 2600 1659 2646 antiquis
1678 2612 1760 2646 pas-

241 2652 309 2687 sim
336 2651 517 2687 eiusmodi
549 2651 809 2686 additamenta
841 2650 1161 2704 deprehendimus,
1194 2649 1352 2694 denique
1384 2648 1527 2684 librarii
1556 2648 1655 2683 idem
1681 2648 1763 2683 ausi

243 2700 340 2743 sunt,
366 2699 470 2734 velut
494 2698 533 2733 in
558 2698 636 2734 vita
661 2698 871 2734 Aristotelis
904 2696 1106 2733 novissima
1137 2697 1210 2733 duo
1242 2696 1402 2732 trimetri
1427 2694 1685 2732 contumeliosi
1710 2696 1763 2730 le—

240 2727 389 2797 gunt’ur,
415 2757 507 2790 quos
533 2745 745 2781 describens
771 2745 943 2781 librarius
970 2745 1107 2780 adiecit
1130 2741 1399 2792 αναλφάβητος
1423 2741 1551 2778 οὑτοσὶ
1571 2740 1762 2788 στιχογρά-

241 2806 311 2836 φος
336 2796 411 2828 κτλ.

335 2839 412 2884 ***)
437 2840 546 2875 Haud
580 2838 655 2875 scio
686 2851 735 2875 an
766 2839 1026 2886 corrigendum
1057 2839 1107 2874 sit
1139 2837 1308 2883 ἔσφαξαν
1333 2837 1389 2885 τῷ
1423 2836 1500 2872 Λιι·
1524 2834 1649 2879 δεξιὸν
1675 2849 1760 2871 ποι-

243 2898 405 2930 δυμένοι.
