1864 3126
99 0 142 34 ιζ’,

26 41 31 44 «
73 42 75 46 1
98 36 131 56 eg
178 38 183 47 r

0 0 102 89 ἕν’,
199 62 202 66 ·

4 84 60 113 ud'

730 135 1108 174 ANACREONTEA.
1600 134 1685 178 321

177 259 199 292 5
225 251 549 305 στεφανίσκους
567 245 611 292 δ’
635 244 870 291 ὑακίνθων
1009 243 1347 303 φιλολοιδόροιο
1379 242 1577 303 γλώττης

222 318 520 378 κροτάφοισιν
551 316 826 377 ἄμφιπλέξας
1010 316 1164 375 φεύγω
1196 316 1389 375 βέλεμνα
1418 315 1568 374 κωφοὶ·

223 390 331 450 μετὰ
363 390 607 449 παρθένων
638 388 830 448 ἀθύρειν
1011 388 1180 446 στυγὲω
1213 387 1355 447 μάχας
1385 391 1640 446 παροίνους.

225 462 365 520 φιλέω
397 462 587 520 μάλιστα
618 461 813 507 πάντων.
1010 459 1303 518 πολυκώμους
1333 458 1444 505 κατὰ
1476 462 1631 512 δαῖτας

226 533 428 592 [φθόνον
484 531 566 579 οὐκ
618 530 706 578 οἷδ’
766 531 874 590 ἐμὸν
944 545 986 577 15
1011 531 1280 590 νεοθηλὲσιν
1313 530 1403 589 ἅμα
1433 530 1619 589 κούραις

651 599 793 663 ἦτορ,]
1011 601 1098 649 ὑπὸ
1132 607 1328 664 βαρβίτφ
1360 602 1564 662 χορεύων

156 690 200 723 10
225 676 408 735 φθόνον
440 674 522 721 οὐκ
548 674 650 722 οἴδα
677 675 873 722 δαῐκτόν.
1012 678 1114 732 βίον
1145 674 1318 733 ἥσυχον
1349 679 1582 732 φεροίμην.

834 810 902 852 41.
937 810 1014 863 [6.]

571 893 703 927 ΑΛΛΟ
729 892 999 927 ΕΡΩΤῙΚΟΝ
1021 892 1277 926 ΩιΔΑΡΙΟΝ.

226 963 492 1022 Στεφάνους
522 962 604 1021 μὲν
635 961 871 1021 κροτάφοι-
964 975 984 1006 5
1010 965 1317 1007 κατακίσσοισι
1331 960 1578 1018 βρέμοντας
1599 974 1690 1006 1066

639 1047 729 1079 ,σιν
1009 1033 1255 1091 πλοκάμοις
1302 1032 1505 1090 φέρουσα
1539 1031 1662 1089 ,θύρ-

224 1109 436 1165 ροδίνους
467 1105 830 1165 συναρμόσαντες
1441 1117 1549 1157 σους

225 1178 467 1237 μεθύωμεν
499 1175 615 1236 ἁβρὰ
646 1180 872 1238 γελῶντες.
1010 1175 1373 1235 χλιδανόσφυρος
1404 1174 1591 1234 χορεύει.

224 1248 314 1296 ὑπὸ
346 1252 543 1310 βαρβίτῳ
576 1249 626 1294 δὲ
656 1248 798 1307 κούρα
1012 1246 1283 1306 ἆβροχαίτας
1308 1245 1351 1292 δ’
1381 1245 1472 1306 ἅμα
1497 1250 1662 1306 κοῦρος

154 1380 347 1417 Hermann
380 1376 538 1422 ὁπόταν,
569 1380 688 1416 multo
720 1379 885 1426 deterius
916 1379 1108 1425 Valperga
1139 1375 1231 1414 ὅταν
1263 1376 1317 1424 γ’,
1347 1379 1469 1425 possis
1502 1377 1621 1423 φιλέω
1648 1375 1688 1414 δ’

154 1424 277 1464 ώὸἀν
312 1455 320 1464 .
342 1455 349 1463 .
372 1455 380 1463 .
413 1429 617 1476 λυρίζειν
649 1427 915 1474 suspicari.--
939 1426 983 1463 V.
1011 1430 1042 1462 9.
1072 1426 1411 1472 cancellisrsaepsi,
1436 1436 1523 1462 nam
1549 1437 1691 1472 suppe-

155 1465 253 1512 ditat
277 1477 425 1512 tantum
452 1475 658 1521 scripturae
683 1474 938 1511 diversitatem
965 1473 1127 1521 proximi
1152 1485 1291 1518 versus,
1324 1485 1421 1519 quae
1447 1486 1492 1510 ex
1518 1473 1687 1519 margine

154 1524 193 1559 in
219 1522 388 1559 ordinem
413 1524 566 1570 recepta
591 1524 659 1566 est,
684 1522 723 1559 id
750 1523 850 1568 quod
875 1521 959 1559 aliis
984 1533 1132 1567 quoque
1157 1521 1250 1558 locis
1270 1521 1567 1558 animadvertere
1587 1521 1688 1557 licet.

155 1570 295 1607 Contra
318 1570 555 1607 Mehlhornio
581 1583 615 1606 v.
643 1574 686 1606 10
711 1569 933 1606 subditicius
958 1569 1057 1606 visus
1084 1569 1151 1605 est.
1178 1590 1223 1596 —-
1249 1569 1293 1606 V.
1322 1573 1376 1605 10.
1405 1566 1563 1605 ὃαϊκτόν
1588 1580 1690 1604 men-

154 1619 302 1663 dosum,
333 1629 454 1663 neque
485 1617 670 1655 satisfacit
700 1618 843 1654 Pauwii
880 1618 1075 1654 inventum
1113 1614 1284 1662 ὃαϊκτήν.
1334 1617 1470 1662 Poeta,
1508 1617 1574 1662 qui
1607 1627 1691 1662 per-

154 1666 333 1711 vagatum
368 1662 516 1707 δίκαιός
549 1662 648 1702 ἐστιν
681 1663 701 1702 ὃ
734 1663 900 1711 φθόνος,
931 1663 997 1701 τὸν
1029 1662 1103 1711 γὰρ
1142 1665 1369 1710 φθονοῦντα
1401 1662 1536 1700 δάκνει
1566 1665 1690 1700 mente

154 1713 322 1756 tenebat,
347 1713 497 1750 videtur
529 1709 604 1750 οἷδ’
638 1709 860 1759 ἄναὸήκτην
890 1713 951 1750 vel
977 1710 1208 1758 αἰνοὸήκτην
1235 1712 1438 1758 scripsisse.
1490 1713 1690 1749 Praeterea

154 1761 293 1798 iustum
321 1772 495 1797 versuum
528 1761 696 1798 ordinem
722 1762 914 1797 turbatum
945 1771 1026 1797 esse
1058 1760 1248 1806 existimo,
1281 1771 1393 1806 quem
1425 1760 1620 1796 commode
1652 1759 1692 1795 in

155 1809 254 1845 hunc
273 1809 427 1845 modum
445 1808 671 1846 restitueris:
692 1806 845 1854 φθόνον
866 1805 937 1845 οὐκ
950 1806 1037 1844 οἶδα
1056 1805 1232 1854 δαϊκτήν·
1253 1806 1396 1854 στυγὲω
1417 1805 1540 1854 μάχας
1559 1808 1691 1852 παροί-

155 1867 262 1898 νους·
288 1854 567 1915 φιξιρλοιδόροιο
593 1859 667 1892 κτλ.
712 1855 869 1893 Constat
893 1857 964 1893 hoc
989 1867 1139 1892 carmen
1165 1866 1212 1892 ex
1237 1858 1398 1902 quatuor
1423 1857 1689 1902 quaternorum

155 1927 329 1952 versuum
355 1915 530 1962 strophis,
557 1915 871 1962 quemadmodum
896 1915 1013 1952 etiam
1037 1915 1237 1951 Mehlhorn
1262 1915 1463 1961 discripsit.
1492 1935 1533 1940 —
1560 1913 1605 1950 V.
1634 1918 1689 1951 11.

157 1961 435 2009 φιλολοιδόροιο
461 1963 683 2010 Stephanus,
710 1963 792 1999 cod.
819 1960 1125 2009 φιλόλοιδόροισι.
1154 1983 1198 1989 —-
1224 1962 1346 1999 V.·12.
1374 1959 1505 2008 φεύγω
1533 1962 1690 2008 Stepha-

156 2023 235 2061 nus,
263 2010 406 2058 ἔφυγον
435 2011 544 2055 Rose,
571 2010 652 2047 cod.
680 2009 830 2057 ἔφευγε.
882 2011 992 2047 Haud
1018 2010 1095 2047 scio
1122 2022 1171 2047 an
1189 2011 1304 2046 verba
1329 2008 1459 2056 φεύγω
1485 2011 1525 2046 et
1550 2007 1690 2055 στυγέω

157 2059 282 2095 alieno
300 2059 383 2095 loco
403 2059 589 2105 legantur,
608 2060 652 2095 ut
669 2061 784 2105 poeta
796 2058 988 2105 scripserit
1007 2057 1180 2104 στυγέω
1203 2057 1366 2106 βέλεμνα
1381 2054 1510 2103 κωφοὶ·
1532 2055 1688 2103 φεύγω

155 2106 230 2152 (vel
263 2104 421 2153 ἔφυγον)
448 2104 595 2153 μάχας
624 2107 841 2153 παροίνους.
874 2127 918 2133 -
951 2104 1064 2154 κωφοὶ
1091 2105 1338 2152 Valckenaer,
1369 2106 1450 2142 cod.
1476 2106 1618 2150 κοῦφα.
1646 2125 1690 2131 -

157 2189 201 2224 V.
230 2193 284 2225 13.
312 2188 466 2236 στυγέω,
491 2189 572 2226 cod.
598 2167 751 2235 otvyedi.
780 2211 822 2216 —
849 2189 892 2227 V.
922 2193 976 2227 15.
1002 2189 1228 2235 νεοθηλέσιν
1259 2189 1469 2234 Mehlhorn,
1502 2189 1582 2224 cod.
1609 2201 1690 2224 νεο-

155 2238 346 2283 θηλαῖσιν,
372 2237 511 2273 Barnes
535 2234 752 2283 νεοθηλέσῖ
803 2237 956 2274 Solutae
982 2237 1118 2283 longae
1145 2237 1313 2282 syllabae
1345 2237 1516 2282 exempla
1542 2248 1626 2272 cum
1651 2235 1691 2270 in

158 2283 216 2320 his
241 2284 438 2320 cantilenis
462 2285 604 2331 passim
629 2285 876 2332 reperiuntur,
901 2286 981 2321 tum
1008 2296 1067 2331 ap.
1093 2284 1300 2320 Lucianum
1326 2284 1487 2330 Tragod.
1514 2287 1557 2319 31
1593 2285 1690 2327 Φρυ-

156 2343 221 2378 γες
246 2330 386 2367 ἔνθεον
410 2328 607 2390 ὀλυλυγήν]
632 2336 680 2368 34
707 2334 871 2379 Φρυγίου
896 2329 982 2368 κατ’
1010 2330 1102 2378 ὄρεα
1137 2329 1312 2378 Τμώλου,
1346 2335 1385 2368 et
1415 2333 1613 2378 praeterea
1644 2333 1689 2366 43

157 2377 324 2423 πρώταις
356 2377 467 2423 ἔαρος
498 2376 541 2415 ἐν
573 2392 705 2425 ωραις,
735 2381 799 2416 ubi
830 2380 916 2416 fort.
951 2377 1061 2425 ἔαρος
1092 2378 1259 2425 πρώταις
1291 2377 1332 2416 ἐν
1365 2375 1480 2423 ὥραις
1516 2377 1691 2414 traiicere

158 2428 345 2472 praestat:
378 2427 443 2462 sed
475 2426 514 2462 in
544 2427 812 2463 Anacreonteis
837 2427 1022 2464 eiusmodi
1046 2427 1216 2472 licentia,
1250 2427 1354 2463 velut
1379 2431 1443 2470 42,
1470 2430 1491 2461 5
1523 2427 1690 2471 πίνωμεν

158 2471 258 2523 ἁβρὰ
283 2474 477 2520 γελῶντες,
502 2485 576 2510 non
596 2476 655 2510 est
673 2473 884 2511 offensioni.
910 2495 956 2502 -
982 2475 1026 2511 V.
1055 2479 1110 2512 17.
1137 2475 1325 2521 φεροίμην
1351 2474 1491 2519 scripsi,
1517 2474 1598 2509 cod.
1625 2471 1691 2518 φέ-

159 2534 295 2568 ρωμεν,
319 2523 434 2558 Pauw
461 2520 626 2568 φέροιμι.

255 2573 312 2606 41.
363 2570 406 2606 V.
433 2575 464 2606 3.
492 2566 697 2615 μεθύωμεν
723 2569 920 2614 Amaldus,
939 2570 1020 2606 cod.
1041 2567 1248 2616 μεθύομεν.
1288 2570 1380 2605 Post
1399 2569 1497 2604 hunc
1518 2581 1552 2604 v.
1572 2568 1691 2604 Mehl-

158 2616 265 2662 horn,
291 2617 356 2663 qui
380 2617 453 2653 hoc
478 2628 629 2653 carmen
653 2617 690 2652 in
717 2619 793 2653 tres
820 2618 991 2663 strophas
1010 2620 1275 2663 quaternorum
1295 2628 1469 2652 versuum
1489 2615 1690 2661 discripsit,

159 2675 307 2701 versum
331 2664 512 2702 excidisse
539 2665 759 2710 suspicatur.
788 2685 830 2691 -
858 2664 901 2702 V.
922 2669 944 2700 4
970 2664 1050 2701 cod.
1076 2666 1208 2710 κοῦρα.
1236 2684 1280 2690 -
1308 2664 1351 2701 V.
1373 2667 1405 2700 ὃ.
1433 2665 1691 2699 κατακίσσοισι

159 2711 383 2758 Stephanus,
408 2712 488 2749 cod.
515 2710 613 2749 κατὰ
645 2716 814 2748 κισσοῖσι.
838 2733 879 2738 -
909 2710 1126 2761 βρέμοντας,
1151 2712 1236 2748 fort.
1265 2709 1498 2760 βρύοντας.
1526 2731 1570 2737 -
1596 2710 1641 2748 V.
1658 2715 1691 2748 7.

159 2757 427 2806 χορεύει,“οοᾶ.
455 2772 568 2807 supra
594 2758 751 2806 χορεύη,
783 2759 882 2805 quod
912 2770 988 2795 non
1019 2759 1182 2795 debebat
1212 2759 1310 2795 Rose
1342 2758 1518 2805 recipere,
1551 2758 1617 2804 qui
1641 2759 1690 2795 ad

160 2807 318 2843 eundem
344 2807 495 2844 modum
520 2808 636 2844 etiam
661 2804 790 2854 ἄθύρῃ
817 2806 977 2853 scripsit,
997 2806 1175 2852 deceptus
1195 2819 1229 2843 v.
1250 2810 1271 2842 3
1291 2803 1507 2852 μεθύσωμεν,
1532 2806 1571 2842 id
1590 2806 1692 2852 quod

160 2854 275 2891 etiam
300 2857 546 2892 correctorem
567 2856 731 2900 induxit,
757 2866 867 2900 quem
894 2858 969 2891 vsa
995 2853 1274 2891 coniunctivum
1299 2853 1507 2900 repperisse
1534 2854 1689 2891 certum.

163 2921 206 2927 -—
232 2902 276 2938 V.
303 2906 336 2939 8.
362 2900 591 2952 ἆβροχαίτας
617 2900 655 2938 δ’
682 2898 762 2949 ἅμα
787 2903 925 2948 κοῦρος
950 2902 1173 2947 Stephanus,
1199 2901 1280 2938 cod.
1306 2897 1533 2948 ἀβροχαῖται
1551 2897 1589 2937 δ’
1610 2897 1691 2948 ἅμα

232 2968 362 2995 Pon-u
380 2968 458 2996 111⁸.
492 2969 552 2996 111.
1360 2963 1404 2996 21
