1864 3126
178 148 264 190 526
507 150 509 155 “
743 147 933 183 POETAE
959 146 1134 183 MELICI.

819 257 918 299 209.
952 257 1058 310 [90]

293 343 461 393 Longin.
493 342 542 381 de
574 341 738 383 Sublim.
770 355 799 382 c.
829 345 895 393 15,
923 345 966 381 7:
986 339 1140 394 ’Ἁκρως
1171 339 1214 381 δὲ
1243 340 1307 381 καὶ
1340 337 1361 381 ὁ
1391 342 1604 393 Σοφοκλῆς
1633 338 1697 381 ἐπὶ

174 409 243 446 τοῦ
273 403 518 458 θνήσκοντος
551 406 721 446 Οἰδίπου
752 405 816 446 καὶ
848 403 988 446 ἑαυτὸν
1019 403 1111 458 μετὰ
1142 407 1366 458 διοσημείας
1395 402 1501 454 τινὸς
1523 402 1696 461 θάπτον-

174 487 239 519 τος
275 469 565 523 πεφοὶντασται,
603 470 670 517 καὶ
707 468 802 511 κατὰ
841 468 908 511 τὸν
944 467 1149 512 ἀπόπλουν
1184 474 1261 511 τῶν
1290 467 1490 522 Ἑλλήνων
1526 468 1590 510 ἐπὶ
1627 471 1699 510 τοῦ

168 533 389 588 Ἀχιλλέως,
429 535 753 588 προφαινομένου
796 540 876 584 τοῖς
915 532 1172 588 ἀναγομένοις
1211 533 1309 586 ὑπὲρ
1350 538 1419 575 τοῦ
1459 531 1606 586 τάφου
1644 530 1698 586 ὃν

176 597 250 641 οὐκ
281 597 357 641 οἶδ’
393 601 434 640 εί
455 616 513 649 τις
543 598 641 652 όψιν
671 599 944 654 ἐναργέστερον
975 601 1252 653 εἷδωλοποίησε
1267 601 1530 663 Σιμωνίδου
1567 613 1698 639 παντα

177 659 215 704 δ’
250 661 457 718 ἀμήχανον
487 666 788 718 παρατίθεσθαι.

861 782 948 824 210
966 780 1019 825 A.

296 869 447 907 Himer.
480 867 547 907 Or.
577 868 641 907 III
681 870 725 907 1:
753 863 844 906 Ἵνα
884 882 920 906 τι
961 862 1058 906 κατὰ
1101 869 1173 907 σοῦ
1217 863 1519 918 νεανιεύσωμαι,
1560 862 1700 907 ὁποῖον

178 933 406 984 Σιμωνίδης
429 928 455 983 ἢ
481 932 684 984 Πίνδαρος
707 928 805 972 κατὰ
830 927 1032 972 Διονύσου
1057 930 1123 971 καὶ
1144 928 1394 980 Ἀπόλλωνος.
1445 944 1547 982 quae
1570 931 1714 971 oratio-

178 997 317 1035 habita
347 997 453 1036 veris
484 997 611 1037 initio.
672 997 883 1036 Simonidis
922 998 996 1036 hoc
1027 1010 1186 1037 carmen
1216 1011 1356 1037 rursus
1387 997 1547 1037 videtur
1577 996 1698 1047 respi-

179 1073 267 1099 cere
298 1061 397 1099 XIII
432 1063 473 1100 7:
510 1064 723 1112 postquam
760 1062 861 1100 dixit
897 1062 945 1100 de
982 1062 1167 1112 Apolline
1205 1064 1416 1113 Musageta.
1453 1057 1542 1102 οἷον
1577 1055 1701 1102 αὐτὸν

175 1141 241 1164 και
272 1122 430 1177 Σαπφὼ
461 1125 527 1165 καὶ
557 1127 760 1178 Πίνδαρος
793 1156 830 1166 ..
850 1157 859 1165 .
891 1126 946 1173 εἰς
970 1122 1165 1166 Ἑλικῶνα
1196 1126 1430 1179 πέμπουσιν,
1461 1121 1487 1179 ἢ
1514 1121 1601 1166 οἷον
1629 1122 1700 1166 τὸν

175 1187 423 1242 Βακχειώτην
455 1187 575 1244 (ούτω
606 1187 680 1245 γὰρ
712 1187 832 1231 αὐτὸν
862 1186 887 1243 ἡ
920 1187 1037 1242 λύρα
1066 1194 1181 1231 καλεῖ
1197 1188 1266 1232 τὸν
1290 1188 1491 1232 Διόνυσον
1513 1187 1700 1245 λέγουσα)

174 1255 271 1308 ἠρος
302 1252 388 1307 ἄρτι
418 1251 460 1295 τὸ
491 1258 648 1308 πρῶτον
678 1253 967 1308 ἐκλαμψαντος,
1005 1253 1149 1296 ἄνθεσί
1185 1252 1218 1295 τ’
1259 1252 1430 1308 ηρινοῖσι
1467 1255 1534 1296 καὶ
1563 1258 1699 1296 κισσοῦ

175 1317 389 1372 κορύμβοις
419 1317 608 1369 Μούσαις
637 1336 795 1374 κατοχοι
825 1319 983 1373 ποιηταὶ
1013 1319 1242 1372 στέψαντες,
1275 1323 1349 1360 νῦν
1381 1319 1452 1372 μὲν
1482 1317 1544 1360 ἐπ’
1579 1335 1701 1373 ακρας

177 1381 358 1437 κορυφὰς
383 1382 602 1426 Καυκάσου
632 1385 698 1426 καὶ
730 1387 888 1434 Λυδίας
918 1384 1055 1437 τὲμπη,
1086 1387 1163 1425 νῦν
1194 1384 1237 1425 δὲ
1268 1384 1331 1425 ἐπὶ
1362 1387 1578 1437 Παρνασοῦ
1609 1397 1700 1426 σκο-

177 1448 320 1498 πέλους
355 1448 423 1489 καὶ
452 1451 632 1502 Δελφίδα
667 1450 812 1503 πέτραν
851 1448 1008 1504 ἄγουσι,
1048 1447 1235 1502 πηδῶντα
1275 1465 1313 1490 τε
1353 1446 1474 1491 αὐτὸν
1512 1449 1579 1490 καὶ
1617 1454 1701 1499 ταῖς

176 1512 348 1567 Βάκχαις
379 1513 583 1557 ἐνδιδόντα
613 1513 681 1558 τὸν
712 1514 837 1556 εῧϊον·
869 1513 929 1556 ’ὅτε
960 1514 1026 1555 καὶ
1055 1511 1128 1567 τὴν
1157 1518 1233 1568 γῆν
1264 1512 1399 1569 λόγος,
1437 1511 1524 1556 οἷον
1563 1515 1700 1555 αἰσθα-

178 1579 351 1632 νομένην
380 1583 449 1633 τῆς
479 1580 686 1634 ἐπιδημίας
717 1578 856 1631 αὐτοῦ,
894 1581 978 1634 ρ”εῖν
1013 1578 1084 1632 μὲν
1115 1579 1198 1632 με’λι
1227 1579 1292 1619 καὶ
1329 1576 1446 1633 γάλα,
1483 1579 1556 1619 καὶ
1587 1594 1701 1621 ποτα-
1732 1598 1739 1605 ·

178 1641 277 1696 μούς
307 1660 414 1694 τινας
446 1642 567 1686 αὐτοῦ
598 1649 667 1686 τοῦ
698 1644 881 1698 νέκταρος
905 1643 1099 1698 Σατύροις
1129 1660 1167 1685 τε
1198 1644 1264 1685 καὶ
1288 1641 1460 1697 Βάκχαις
1490 1641 1701 1697 ἀρύεσθαι,

176 1708 242 1749 καὶ
273 1710 427 1762 μειδιᾶν
459 1709 529 1763 μὲν
566 1707 665 1764 ὁμοῦ
701 1708 782 1763 ἡδύ
818 1726 854 1751 τι
888 1709 955 1750 καὶ
991 1709 1225 1764 χρυσαυγές,
1264 1707 1485 1764 πορφύρειν
1524 1708 1567 1750 δὲ
1604 1706 1702 1762 ὅλην

175 1778 256 1822 τοῖς
288 1772 466 1827 ἄνθεσιν,
499 1772 607 1824 ὅπως
637 1772 689 1816 ἕὶν
719 1775 800 1829 ἔχοι
837 1778 996 1829 σκιρτᾶν
1031 1790 1070 1816 τε
1106 1775 1172 1816 καὶ
1207 1772 1377 1829 ἀθύρειν
1414 1770 1476 1814 ἐπ’
1519 1771 1650 1815 αὐτῶν
1680 1771 1702 1816 ὃ

179 1836 291 1888 θεός·
325 1838 409 1892 ἐμοὶ
439 1838 513 1894 γὰρ
544 1840 610 1881 καὶ
639 1844 756 1903 zoin-2
781 1843 834 1896 τῷ
870 1843 953 1896 θεῷ
991 1841 1105 1882 δοκεῖ
1135 1837 1292 1888 εἰκότως
1329 1836 1569 1893 ἐργάζεσθαι.
1630 1840 1702 1879 Vi-

176 1905 321 1943 dentur
361 1918 456 1945 sane
498 1907 595 1946 haec
635 1920 683 1946 ex
721 1906 944 1945 Simonideo
982 1907 1115 1956 aliquo
1159 1906 1412 1956 dithyrambo
1450 1905 1596 1956 petita,
1633 1918 1699 1945 res

174 1972 310 2009 tamen
339 1970 382 2009 in
411 1971 590 2011 Himerio
621 1983 814 2022 perquam
843 1971 1006 2022 ineerta,
1037 1971 1085 2011 of.
1117 1970 1168 2009 ad
1197 1970 1311 2010 Pind.
1341 1970 1389 2010 fr.
1423 1971 1492 2011 34.

799 2098 885 2142 210
897 2097 946 2141 Β.
980 2097 1086 2152 [47.]

294 2196 512 2236 Menander
543 2196 592 2236 de
624 2209 770 2236 enoom.
802 2196 920 2234 Rhet.
951 2194 1007 2232 IX
1023 2213 1025 2216 ·
1043 2195 1125 2233 133
1164 2193 1223 2233 ed.
1254 2192 1385 2232 Walz:
1425 2191 1702 2246 Πεπλασμένοι

177 2259 221 2300 δὲ
251 2258 382 2313 ὕμνοι,
414 2258 509 2301 ὅταν
540 2256 652 2302 αὐτοὶ
682 2261 1012 2313 σωματοποιῶμεν
1048 2256 1114 2297 καὶ
1150 2254 1250 2298 θεὸν
1279 2257 1346 2298 καὶ
1385 2254 1506 2312 γονὰς
1535 2260 1646 2299 θεῶν
1675 2254 1717 2311 ἢ-

178 2322 399 2378 δαιμόνων,
432 2320 561 2379 ὥσπερ
592 2326 821 2379 Σιμωνίδης
850 2321 923 2377 τὴν
958 2319 1144 2374 Αὔριον
1181 2323 1386 2376 δαίμονα
1422 2321 1607 2375 κέκληκεν
1636 2322 1703 2363 καὶ

179 2389 299 2442 ἕτεροι
319 2387 465 2431 Ὄκνον
495 2389 561 2430 καὶ
591 2389 711 2443 ἕτεροι
742 2387 872 2444 ἕτερόν
901 2404 998 2429 τινα.
1047 2390 1108 2428 Ex
1137 2389 1212 2429 hoc
1242 2390 1327 2429 loco
1355 2402 1434 2429 non
1463 2390 1570 2428 recsse
1603 2384 1700 2428 olim

180 2458 343 2506 conieci,
386 2456 627 2495 Simonidem
666 2457 867 2506 peculiare
908 2467 1066 2495 carmen
1107 2454 1149 2492 in
1191 2455 1354 2494 crastini
1391 2455 1469 2494 diei
1510 2454 1701 2494 honorem

177 2522 418 2572 condidisse3
449 2521 588 2560 rhetor
617 2521 717 2560 nihil
748 2521 858 2559 aliud
893 2520 1150 2568 testificatur,
1188 2532 1308 2569 quam
1347 2519 1589 2558 Simonidem
1626 2518 1700 2557 hac

176 2586 464 2636 prosopopoeia
495 2599 612 2624 usum
644 2598 748 2636 esse,
779 2598 900 2636 quam
930 2585 1053 2624 etiam
1085 2583 1350 2624 Callimachus
1382 2584 1505 2634 epigr.
1541 2584 1594 2621 14
1627 2583 1698 2622 ad-

178 2652 326 2691 hibuit:
358 2651 539 2703 Δαίμονα
569 2650 625 2698 τίς
655 2646 692 2689 δ’
728 2665 772 2690 ευ
804 2645 886 2691 οἶδε
915 2645 984 2689 τὸν
1015 2645 1166 2701 αὔριον.

893 2789 992 2831 211.

303 2876 431 2918 (fram.
464 2876 540 2916 An.
570 2876 699 2918 Paris.
730 2875 750 2914 I
791 2877 892 2927 166,
934 2877 1006 2914 11:
1051 2873 1112 2913 Εἴ
1143 2887 1187 2926 γε
1229 2868 1420 2925 βούλεσθε
1458 2867 1511 2925 μὴ
1554 2863 1700 2924 ληρεῖν,

1725 2807 1818 2841 1195
