1864 3126
299 201 386 242 660
791 201 980 238 OARMIN
982 202 1013 237 A
1038 201 1327 239 POPULARIA.

1030 309 1096 353 15.
1729 323 1821 357 1302

394 380 583 434 Βαλβῖδι
614 380 768 423 ποδῶν
1715 399 1717 401 ·

391 449 545 502 θέντες
575 448 693 493 πόδα
724 465 811 508 παρ
843 449 961 494 πόδα
992 450 1166 509 (θεῖτε).

1029 572 1094 614 16.

391 651 530 708 Λήγει
561 650 642 709 μὲν
674 649 797 708 ἀγών
827 654 918 696 τῶν
948 655 1196 697 καλλίστων

357 726 359 728 ’
390 720 547 766 ἄθλων
577 726 754 780 ταμίας,
785 721 938 781 καιρὸς
970 722 1019 767 δὲ
1049 729 1175 768 καλεῖ

390 794 540 851 μηκέτι
571 794 759 850 μέλλειν.

297 982 382 1017 amp
384 972 422 1007 la
460 972 666 1016 cantilena,
705 982 799 1016 quae
830 972 1014 1017 sequitur,
1053 973 1165 1008 etiam
1198 972 1273 1008 alia
1304 984 1347 1008 ex
1385 973 1582 1032 praeconis
1608 973 1820 1032 anapaestis

294 1019 442 1055 videtur
472 1018 704 1062 adhibuisse,
743 1018 846 1055 velut
871 1020 971 1064 quod
997 1020 1172 1056 continuo
1199 1021 1451 1079 subsequitur.
1489 1018 1582 1056 αλλ’
1622 1018 1818 1058 ἀκούον-

291 1079 364 1149 ἕιξίἷ
388 1066 536 1160 ἓξῗξὲξ
552 1062 644 1102 ἄλλα
679 1063 854 1107 κλύοντες
880 1067 1054 1113 coniecit)
1088 1065 1169 1112 τὴν
1207 1066 1437 1114 ἡμετέραν
1474 1066 1650 1115 κήρυκα
1687 1067 1819 1117 βοάν,

717 1172 850 1232 μηκέτι
873 1173 1037 1232 μέλλειν·
1063 1171 1146 1210 ἀλλ’
1173 1171 1323 1215 ἀΐοντες

718 1219 787 1266 τὴν
812 1218 998 1268 ἡμετέραν
1023 1220 1170 1267 κήρυκα
1196 1220 1302 1270 βοαν.

292 1293 385 1329 item
409 1292 630 1328 novissima:
663 1293 810 1337 Νίκης
841 1291 888 1328 δὲ
922 1291 1047 1334 τέλος
1078 1293 1186 1338 Ζηνὶ
1218 1291 1419 1338 μελήσει·
1446 1294 1565 1329 ταῦτα
1589 1293 1657 1330 τοῦ
1675 1291 1816 1342 Ερμοῦ

291 1339 539 1386 κηρύττοντος
565 1337 802 1386 ἐκληροῦντο.
850 1351 937 1375 nam
962 1341 1023 1376 hic
1047 1351 1190 1376 versus:

718 1411 840 1456 Νίκης
866 1409 908 1446 δὲ
935 1410 1039 1452 τέλος
1065 1411 1154 1457 Ζηνὶ
1180 1409 1341 1458 μελήσει.

289 1483 480 1529 praeconis
504 1482 588 1518 voci
614 1481 704 1518 satis
730 1483 788 1517 est
812 1482 1046 1518 conveniens.
1074 1502 1118 1509 -
1144 1480 1277 1529 καιρὸς
1301 1486 1375 1520 κτλ.
1401 1483 1560 1519 iteratur
1582 1483 1681 1519 infra
1707 1488 1763 1531 16,
1782 1488 1814 1520 2.

290 1531 341 1566 Cf.
371 1530 482 1576 Soph.
509 1530 668 1565 Philoct.
695 1533 775 1566 466.

383 1578 442 1613 Fr
471 1581 526 1616 15
564 1576 701 1612 Moeris
706 1589 755 1636 p.
779 1581 857 1622 193,
877 1581 916 1613 4:
943 1579 1124 1638 Βαλβιδες
1149 1576 1192 1613 αι
1215 1575 1277 1614 ἐπὶ
1301 1578 1375 1613 τῶν
1401 1575 1578 1623 ἄφέσεων
1605 1575 1732 1628 βάσεις
1756 1576 1798 1625 ἐγ
1802 1600 1816 1606 -

287 1624 586 1672 κεχαραγμέναι,
612 1623 673 1665 αἷς
699 1606 900 1686 ἐπέβαινον
928 1623 971 1660 αἱ
992 1626 1159 1684 δρομεῖς,
1191 1622 1243 1661 ιν’
1273 1623 1311 1669 ἐξ,
1337 1626 1420 1661 ἴσου
1445 1626 1609 1662 ισταιντο
1635 1626 1695 1672 (cf.
1721 1626 1815 1662 Har-

286 1673 456 1731 pooratio
481 1686 514 1709 v.
543 1673 695 1729 βαλβίς).
747 1671 807 1708 διὸ
833 1672 898 1708 καὶ
922 1671 962 1708 οἷ
983 1671 1143 1719 κήρυκες
1169 1670 1231 1708 ἐπὶ
1255 1673 1330 1708 τῶν
1361 1670 1584 1730 τρεχόντων·
1618 1674 1699 1720 βαλ
1737 1675 1813 1710 ἴδα

288 1718 432 1762 ποδὸς
455 1719 564 1755 θέτε
590 1717 710 1755 πόδα
742 1718 862 1764 παρὰ
894 1718 1030 1765 πόδα,
1062 1720 1127 1756 καὶ
1151 1721 1221 1756 νῦν
1249 1719 1303 1756 ἔτι
1326 1720 1511 1766 λέγουσιν.
1557 1717 1723 1766 Ἄττικο,
1748 1717 1813 1757 36-

287 1769 381 1813 πληξ
408 1766 450 1803 δε
477 1765 618 1804 κοινόν.
652 1766 708 1802 ita
732 1767 922 1803 Bekkerus
949 1780 992 1803 ex
1013 1769 1091 1804 cod.
1108 1767 1258 1804 Coislin.
1285 1768 1406 1803 edidit
1424 1779 1542 1813 neque
1562 1768 1710 1804 variant
1727 1768 1814 1804 libri

285 1815 632 1907 ῗὲἒῖἓιιῗξὶἶῖἓὲἲῗ
642 1813 1100 1898 ’Gssssffaffssfiffltlssgffifiz'fg
1119 1813 1259 1907 ,Ξῗὲαἱ
1263 1814 1815 1906 ³5ssissssxi⁰ss{}0‚f1'23¹s⁰?ffist{f

287 1911 470 1958 βαλβῖσι
500 1909 652 1945 ποδῶν
683 1909 810 1953 malis,
842 1909 962 1945 lenius
996 1909 1092 1945 foret
1122 1912 1270 1958 βαλβῖδι
1302 1909 1436 1954 ποδὸς,
1467 1921 1535 1945 nec
1568 1911 1694 1946 tamen
1721 1910 1812 1946 satis

287 1957 534 1993 commodum.
584 1956 738 1992 Pierson
770 1937 889 1992 edidit
921 1957 1102 1993 Salmasio
1135 1960 1286 1993 auctore
1319 1939 1485 2005 βαλβῖδ’·
1522 1953 1683 2003 ἀπόδος,
1719 1956 1810 1993 θέτε

284 2003 388 2040 πόδα
412 2017 516 2051 παρα
542 2001 661 2049 πόδα,
686 2004 873 2049 Hauptius
898 2003 1099 2040 dimetrum
1125 2005 1407 2051 anapaestieum
1432 2003 1615 2040 restituit:

639 2076 807 2123 Βαλβιδα
832 2072 949 2116 ποδὸς
973 2074 1064 2111 θέτε
1091 2072 1192 2111 πόδα
1217 2073 1319 2122 παρὰ
1345 2073 1458 2111 πόδα.

283 2159 411 2183 verum
436 2157 556 2191 neque
579 2146 724 2182 numeri
749 2145 841 2191 apti,
865 2157 951 2181 nam
978 2147 1188 2192 anapaestis
1209 2146 1450 2182 solutioribus
1469 2144 1592 2182 nulIus
1612 2146 1674 2182 hie
1691 2146 1808 2191 locus,

283 2206 405 2239 neque
431 2194 521 2229 satis
545 2193 737 2240 intellige,
767 2193 864 2229 unde
891 2194 1171 2240 accusativusfi
1149 2195 1308 2242 βαλβῖδα
1333 2193 1384 2229 sit
1408 2205 1618 2239 suspensus.
1669 2193 1809 2231 Tenen-

284 2242 373 2277 dum
400 2243 526 2278 autem
551 2243 609 2277 est
631 2241 671 2276 in
697 2241 852 2287 singulis
872 2241 1134 2277 certaminibus
1159 2242 1230 2277 hoo
1254 2241 1493 2287 praeconium
1516 2252 1584 2286 pro
1602 2240 1657 2276 rei
1675 2243 1810 2277 natura

283 2290 469 2325 variatum
494 2300 587 2333 esse3
613 2288 672 2324 his
699 2288 850 2334 quidem
876 2289 1040 2324 versibus
1065 2290 1241 2324 utebatur
1265 2299 1420 2342 praeco,
1445 2300 1529 2325 oum
1555 2299 1721 2324 cursores
1747 2288 1809 2325 ad-

284 2337 513 2381 hortaretur,
552 2347 710 2382 quorum
746 2338 932 2372 certamen
968 2348 1043 2372 non
1073 2336 1192 2372 solum
1226 2317 1438 2382 Olympiae,
1473 2335 1538 2371 sed
1570 2336 1684 2372 etiam
1715 2335 1808 2372 alibi

282 2385 445 2430 primum
476 2383 672 2420 obtinebat
701 2384 841 2426 locum3
875 2383 920 2418 cf.
951 2383 1059 2419 Plato
1091 2384 1181 2429 Leg.
1207 2383 1294 2419 VIII
1324 2387 1410 2419 833:
1449 2380 1721 2429 σταδιοδρόμον
1759 2381 1806 2429 δὴ

282 2444 437 2514 '‘⁰⁰’'ssss
456 2427 1376 2538 ‘335013510323‘5332’3⁰5³'ss’325‘032’31{zaffzg‘wssssz
1397 2433 1642 2535 ’ἓέρῖῖῖξὶῗν
1667 2473 1805 2513 „aar

283 2524 363 2567 οἷός
398 2539 437 2562 τε
477 2539 529 2561 ων
566 2523 678 2583 αὑτῷ
707 2523 941 2581 ἐπικουρεῖν,
985 2523 1102 2561 εἰπὼν
1145 2522 1237 2572 πρὸς
1282 2522 1370 2566 τοὺς
1417 2522 1608 2570 παρόντας
1642 2521 1710 2560 τὸν
1748 2521 1806 2560 ἐν·

283 2571 449 2631 αγώνιον
480 2574 554 2608 τῶν
584 2563 758 2618 κηρύκων
795 2570 913 2608 πόδα·
963 2571 1104 2629 Λήγει
1141 2601 1149 2609 .
1190 2602 1197 2609 .
1239 2600 1246 2608 .
1289 2571 1478 2618 μέλλειν.
1546 2572 1612 2607 καὶ
1653 2568 1805 2607 πάντων

283 2618 542 2667 αποσχόμενος
567 2619 716 2666 ἀπῆλθε
742 2620 810 2655 τοῦ
838 2621 920 2667 βίον
947 2622 1066 2665 φαιδρ
1070 2618 1120 2660 ός.
1169 2620 1320 2655 Initium
1345 2620 1491 2655 tantum
1512 2619 1721 2654 cantilenae
1739 2619 1805 2654 ad—

283 2668 432 2714 scripsit
456 2668 658 2712 Lucianus,
689 2678 823 2713 praeco
851 2667 926 2703 alia
950 2667 1131 2711 addebat,
1165 2669 1206 2702 ut
1235 2667 1377 2703 indicat
1399 2666 1575 2702 Philostr.
1608 2666 1654 2701 de
1662 2677 1803 2723 gymn.

283 2727 313 2750 c.
335 2720 354 2750 7
381 2714 529 2760 (Cobeti
553 2715 754 2751 editionem
781 2726 854 2750 non
873 2714 980 2750 licuit
1001 2715 1213 2771 inspicerek
1239 2713 1277 2750 εἰ
1299 2714 1341 2749 δὲ
1368 2712 1417 2760 μὴ
1443 2710 1625 2770 ραθύμως
1648 2709 1804 2753 ακούεις

282 2764 350 2798 τοῦ
375 2761 554 2820 κήρυκος,
579 2759 672 2820 ὁρᾷς
696 2760 745 2803 ὡς
770 2759 833 2797 ἐπὶ
858 2774 1010 2797 παντων
1035 2759 1210 2819 κηρύττει
1222 2758 1362 2819 λήγειν
1387 2759 1456 2807 μὲν
1480 2757 1547 2796 τὸν
1571 2760 1646 2795 τῶν
1670 2757 1802 2795 αθλων

282 2810 419 2855 ταμίαν
445 2807 593 2855 ἀγῶνα,
625 2807 705 2867 τὴν
737 2807 965 2867 σάλπιγγα
994 2807 1042 2845 δὲ
1074 2807 1125 2845 τὰ
1160 2822 1240 2845 του
1283 2809 1514 2844 Ενυαλίου
1545 2808 1802 2865 σημαίνειν,

282 2856 592 2915 προκαλουμένην
616 2855 705 2897 τοὺς
729 2855 839 2897 νέους
864 2856 919 2897 εἰς
943 2853 1056 2892 ὅπλα·
1091 2853 1238 2892 κελεύει
1269 2854 1311 2892 δὲ
1342 2855 1446 2891 τουτὶ
1475 2851 1517 2890 τὸ
1531 2867 1714 2912 κηρυγμα
1739 2855 1804 2890 καὶ

283 2901 500 2940 τοῦλαιον
536 2902 796 2963 αραμένους
834 2901 1041 2939 ἐκποδών
1077 2916 1154 2939 ποι
1185 2902 1364 2949 φέρειν,
1408 2898 1479 2948 σύχ
1517 2897 1567 2942 ὥς
1602 2897 1803 2956 ἀλειφομέ-

283 2962 388 2994 νους,
419 2948 500 2986 ἀλλ’
536 2949 585 2993 ὥς
614 2950 881 2997 πεπαυμένους
912 2952 978 2987 τοῦ
1004 2947 1241 2996 ἀλείφεσθαι.
1293 2950 1525 2986 Cantilenam
1549 2949 1646 2985 hanc
1670 2948 1802 2986 Lucia-
