1864 3126
203 168 292 210 412
775 168 969 205 ΡΟΕΤΑΕ
996 169 1173 205 MELlcl.

867 278 936 321 50.
968 278 1073 331 [94]

303 366 896 393 wlu---Juu-&u'au-

304 456 574 510 Κορινθίοις
606 451 647 496 δ’
684 450 739 497 οὐ
770 457 929 510 μανίει,
961 451 1067 498 οὐδὲ
1100 458 1288 497 Δαναοί.
1316 448 1318 451 ’

884 585 954 630 51.
987 586 1063 639 [7.]
1642 596 1732 630 113⁷

305 683 660 699 --UU-UU—

300 737 894 759 υυ-ὐυ-υυ-υυ-εέ

293 817 430 876 Ἴσχει
462 820 515 863 δέ
542 837 595 876 με
627 821 884 877 πορφυρέας

303 887 411 941 ἁλὸς
442 888 891 947 ἀμφιταρασσομένας
924 890 1189 948 ὀρυμαγδός.

868 1024 935 1066 52.
970 1025 1074 1076 [26]

388 1351 395 1358 .
429 1314 723 1375 (Εὐρυόίκας)

302 1469 360 1504 Fr.
387 1473 442 1506 50.
494 1470 615 1505 Schol.
652 1470 757 1505 Pind.
784 1470 840 1506 Ol.
867 1469 952 1504 XIII
980 1473 1042 1505 78·
1075 1468 1126 1506 Οι
1150 1470 1365 1525 Κορίνθιοι,
1391 1470 1524 1515 φησίν,
1564 1466 1626 1505 ἐπ’
1664 1465 1734 1514 οἷμ-

209 1513 355 1562 φότερα
380 1514 426 1552 τά
453 1517 547 1563 μέρη
573 1514 798 1563 ἠρίστευσαν
825 1515 866 1553 ἐν
888 1514 998 1565 Ἰλίῳ·
1025 1518 1087 1552 καὶ
1116 1514 1188 1563 γὰρ
1212 1521 1290 1557 τοῖς
1323 1517 1445 1561 Τρωσὶ
1470 1514 1735 1562 συνεμάχησαν

207 1564 273 1599 καὶ
298 1568 376 1605 τοῖς
392 1560 553 1622 ’Έλλησμ
576 1593 583 1600 .
605 1595 612 1602 .
635 1594 642 1601 .
669 1565 780 1600 τοῦτο
813 1564 855 1601 δὲ
882 1554 966 1600 καὶ
979 1566 1241 1622 Σιμωνίδης
1272 1562 1372 1600 εἷπε·
1404 1564 1735 1609 Κορινθίοισιν

207 1608 260 1647 οὗ
286 1616 451 1658 μανιεῑ
472 1608 582 1648 ουδε
617 1617 839 1653 Δαναοις·
871 1609 1110 1673 αμφοτέροις
1130 1610 1202 1657 γὰρ
1236 1623 1422 1668 συμμαχοι
1448 1578 1633 1656 ἐγένοντο.
1678 1612 1736 1646 Ita

207 1659 286 1694 cod.
311 1658 406 1695 Add.
433 1658 531 1695 Plut.
558 1659 622 1696 vit.
652 1660 758 1695 Dion.
780 1672 810 1695 c
834 1664 869 1695 1:
890 1656 974 1704 Apo?
999 1672 1055 1705 γε,
1080 1671 1205 1715 ωσπερ
1232 1656 1251 1694 ὃ
1279 1660 1494 1716 Σιμωνίδης
1519 1658 1633 1703 φησὶν
1659 1663 1737 1699 τοῖς

207 1708 427 1762 Κορινθίοις
459 1703 504 1742 οὐ
536 1709 684 1753 μηνίειν
716 1704 757 1742 τὸ
783 1705 895 1743 Ἴλιον
909 1704 1230 1765 ἐπιστρατεύσασι
1261 1704 1354 1752 μετὰ
1386 1706 1459 1741 τῶν
1482 1702 1651 1762 Ἀχαιῶν,
1677 1701 1737 1740 ὅτι

207 1750 399 1794 κάκείνοις
430 1752 468 1789 οἷ
498 1754 584 1799 περὶ
618 1755 791 1790 Γλαῦκον
825 1752 864 1798 ἐξ,
896 1751 1012 1811 ἀρχῆς
1045 1757 1245 1798 Κορίνθιοι
1275 1751 1474 1811 γεγονότες
1498 1749 1735 1799 συνεμάχουν

211 1799 429 1857 προθυμως.
466 1800 800 1838 Aristot.Rhet.1
827 1806 865 1837 6:
898 1807 968 1837 Διο
999 1802 1289 1859 λελοιδορῆσθαι
1319 1798 1509 1859 υπέλαβον
1535 1801 1736 1846 Κορίνθιοι

207 1845 282 1883 ὑπὸ
311 1849 528 1894 Σιμωνίδου
549 1847 796 1906 ποιήσαντος·
822 1850 1045 1893 Κορινθιοις
1063 1846 1101 1884 δ’
1124 1862 1168 1885 ov
1190 1847 1379 1894 μέμφεται
1398 1845 1439 1883 τὸ
1452 1845 1575 1883 Ἴλιον.
1614 1846 1734 1884 Cram.

206 1895 289 1931 Par.
322 1895 339 1929 I
371 1898 458 1936 285,
484 1899 522 1931 8:
549 1893 591 1932 Ο
621 1896 715 1941 γοῦν
747 1897 977 1953 Σιμωνίδης
991 1895 1108 1941 λέγει,
1141 1909 1197 1931 οτι
1230 1897 1452 1952 Κορινθίοις
1476 1893 1521 1930 οὗ
1547 1893 1736 1952 μέμφεται

206 1939 246 1977 τὸ
271 1939 402 1985 ”,Ιλιον
434 1940 486 1983 ὥς
499 1941 613 2001 τᾴχα
643 1941 896 2000 πολεμήσασιν
929 1939 1059 1984 αὐτοῖς
1090 1941 1154 1978 διὰ
1187 1956 1253 1978 του
1286 1939 1519 2000 Ευχήνορος,
1553 1939 1602 1983 ὡς
1634 1938 1734 1987 εἰρή-

205 2000 342 2046 καμεν·
374 1986 456 2025 αλλ’
492 1986 683 2045 ἑτέρωθεν
715 1990 780 2026 καὶ
811 1987 1032 2049 εὐχαριστεῖ
1057 1988 1185 2030 αυτοῖς
1217 1990 1373 2036 μᾶλλον,
1400 1986 1449 2030 ὡς
1474 1971 1736 2035 συμμαχήσασι

206 2036 248 2083 τῇ
271 2033 364 2085 Ἰλίῳ
391 2034 455 2072 διὰ
490 2034 681 2073 Γλαύκου·
715 2065 723 2073 .
751 2064 758 2072 .
786 2065 792 2072 .
821 2051 917 2073 ουτω
950 2035 992 2072 δε
1024 2037 1088 2072 καὶ
1119 2037 1334 2095 Σιμωνίδης
1364 2017 1537 2081 ἐποίησε·
1569 2039 1734 2092 Κοριν-

205 2072 350 2125 θίοις
367 2081 405 2119 δ’
441 2097 490 2120 ου
523 2086 695 2130 μανίει,
730 2081 838 2120 ουδε
873 2088 1086 2125 Δαναοῖς.
1135 2083 1182 2120 τὸ
1207 2081 1318 2119 Ἴλιον
1343 2084 1435 2127 (cod.
1463 2085 1560 2119 ἴλιον
1586 2081 1643 2126 τὸ)
1670 2084 1734 2127 δη-

209 2130 315 2177 λαδή.
359 2132 459 2167 unde
485 2133 756 2176 Κορινθίοις
781 2130 820 2167 δ’
846 2132 982 2177 recepi,
1009 2132 1158 2167 Δαναοὶ
1183 2133 1308 2167 autem
1334 2130 1483 2166 Boeckh
1508 2130 1733 2187 emendavit,

210 2178 274 2223 qui
300 2179 450 2224 scripsit
474 2181 735 2223 Κορινθίοισιν
762 2192 806 2215 ου
834 2180 960 2225 μανίει
985 2177 1026 2214 τὸ
1045 2176 1157 2214 Ἴλιον
1182 2175 1274 2214 οὐδὲ
1295 2179 1453 2222 Δαναοί,
1479 2178 1543 2213 sed
1561 2175 1603 2212 τὸ
1621 2158 1734 2213 Ἴλιον

209 2227 252 2261 ut
277 2227 447 2272 addatur,
473 2238 546 2262 non
572 2229 630 2262 est
653 2238 812 2263 necesse.
839 2247 883 2253 —-
903 2226 1019 2262 Vater
1043 2226 1176 2271 (Praef.
1197 2226 1245 2261 ad
1264 2224 1390 2271 Eurip.
1411 2225 1492 2278 Iph.
1510 2225 1636 2260 Aulid.
1649 2223 1733 2269 XX)

207 2273 300 2308 dicit
332 2274 430 2309 hunc
466 2274 588 2309 locum
624 2274 737 2310 etiam
763 2274 960 2310 memorari
998 2285 1057 2319 ap.
1091 2273 1214 2310 Schol.
1245 2238 1497 2319 Anthologiae
1528 2271 1732 2316 Palatinae,

205 2321 270 2356 sed
295 2321 419 2356 locum
445 2332 519 2357 non
543 2321 676 2368 reperi.

301 2404 360 2439 Fr.
387 2407 443 2440 51.
492 2403 589 2439 Plue.
616 2404 661 2440 de
693 2403 787 2440 Exil.
820 2414 850 2439 c.
876 2407 914 2439 8.
949 2402 1032 2440 Ουκ
1065 2399 1226 2449 αθυμῶν
1260 2399 1349 2439 οὐδε
1383 2399 1613 2448 ὀδυρόμενος
1643 2399 1731 2438 οὐδὲ

206 2449 325 2496 λέγων
360 2449 488 2486 ἐκεῖνα
519 2465 565 2487 τα
596 2451 671 2487 τῶν
701 2465 804 2509 παρα
839 2452 1032 2510 Σιμωνίδη
1058 2451 1267 2508 γυναικῶν,
1292 2451 1412 2506 ἴσχει
1435 2452 1510 2486 κτλ.
1543 2469 1586 2476 -
1617 2445 1732 2506 ἄμφι-

204 2497 501 2591 ἷιῖιὲοιιςιὲσομένας,
533 2498 684 2534 Dubner
716 2495 1104 2545 ἄμφιταρασσομένης.
1134 2519 1177 2524 -
1204 2495 1434 2544 ὀρυμαγδός,
1471 2495 1584 2542 vulgo
1621 2492 1730 2541 ὀρυγ-

299 2629 358 2664 Fr.
385 2633 441 2665 52.
490 2629 624 2665 Athen.
651 2628 703 2663 IX
727 2629 853 2664 396Ε·
884 2627 960 2664 Καὶ
993 2625 1034 2664 ἐν
1059 2625 1184 2669 αλλοις
1214 2629 1455 2685 (Σιμωνίδης)
1480 2622 1544 2662 ἐπ’
1567 2622 1731 2671 Ἀρχεμό-

205 2689 272 2718 ρου
299 2677 467 2732 εἰρηκεν·
494 2674 779 2733 ἰοστεφάνου
805 2678 880 2711 κτλ.
902 2696 945 2702 -
972 2676 1016 2712 V.
1039 2679 1069 2712 1.
1097 2672 1323 2720 ἰοστεφανου
1344 2676 1384 2720 Β,
1410 2671 1636 2718 ὄϊστεφοὶνου
1656 2673 1718 2716 PQ

206 2721 248 2758 ἰώ
275 2721 470 2779 στεφάνου
492 2724 543 2767 D,
570 2720 806 2780 εὐστεφάνου
838 2722 908 2760 VL.
957 2722 1126 2768 Apparet
1150 2722 1292 2780 aliquid
1317 2721 1506 2765 excidisse,
1531 2719 1731 2756 Schneide-

207 2770 280 2805 win
314 2767 541 2816 ἰοστεφανου
560 2768 754 2827 στόματος
785 2770 951 2816 scripsit,
982 2770 1128 2806 Dobree
1161 2771 1224 2805 Nv
1227 2783 1326 2816 μφαι
1352 2768 1410 2805 vel
1433 2768 1588 2803 Μοῦσαι
1612 2765 1731 2803 ἰοστέ-

208 2831 337 2861 φανοι,
363 2818 483 2853 adieci
515 2814 747 2863 Εὖρυδίκας,
780 2819 879 2862 quod
903 2820 1056 2863 propter
1082 2817 1231 2862 εἴρηκεν
1262 2816 1372 2852 facile
1401 2813 1527 2861 potuit
1551 2814 1730 2859 excidere,

211 2866 267 2899 est
292 2865 390 2900 enim
416 2866 461 2901 de
481 2865 705 2901 Archemoro
726 2864 887 2910 Lycurgi
906 2867 946 2900 et
963 2863 1170 2910 Eurydicae
1188 2864 1266 2900 filio
1286 2874 1418 2907 sermo,
1443 2864 1556 2907 atque
1575 2861 1732 2906 nescias,

207 2912 330 2946 utrum
362 2912 409 2947 ad
444 2913 604 2949 Thre‘nos
634 2923 681 2948 an
717 2913 764 2948 ad
793 2912 975 2958 Epinicia
1004 2912 1097 2947 haec
1127 2910 1319 2948 referenda
1355 2891 1440 2946 sin’t.
1479 2930 1523 2936 —
1559 2909 1732 2955 Hartung
