<?xml version="1.0" encoding="UTF-8"?>
<!DOCTYPE html PUBLIC "-//W3C//DTD XHTML 1.0 Transitional//EN"
    "http://www.w3.org/TR/xhtml1/DTD/xhtml1-transitional.dtd">
<html xmlns="http://www.w3.org/1999/xhtml" xml:lang="en" lang="en">
 <head>
  <title>
</title>
<meta http-equiv="Content-Type" content="text/html;charset=utf-8" />
  <meta name='ocr-system' content='tesseract 3.04.00' />
  <meta name='ocr-capabilities' content='ocr_page ocr_carea ocr_par ocr_line ocrx_word'/>
</head>
<body>
  <div class='ocr_page' id='page_1' title='image "./poetaelyricigrae03berguoft_0195.png"; bbox 0 0 1864 3126; ppageno 0'>
   <div class='ocr_carea' id='block_1_1' title="bbox 821 136 1704 178">
    <p class='ocr_par' dir='ltr' id='par_1_1' title="bbox 821 136 1704 178">
     <span class='ocr_line' id='line_1_1' title="bbox 821 136 1704 178; baseline 0.001 -1"><span class='ocrx_word' id='word_1_1' title='bbox 821 140 978 178; x_wconf 79' lang='lat' dir='ltr'>ALCAE</span> <span class='ocrx_word' id='word_1_2' title='bbox 984 139 1053 178; x_wconf 76' lang='grc' dir='ltr'><strong><em>ΠΒ.</em></strong></span> <span class='ocrx_word' id='word_1_3' title='bbox 1619 136 1704 178; x_wconf 76' lang='lat'><strong><em>185</em></strong></span> 
     </span>
    </p>
   </div>
   <div class='ocr_carea' id='block_1_2' title="bbox 172 243 1703 372">
    <p class='ocr_par' dir='ltr' id='par_1_2' title="bbox 172 243 1703 372">
     <span class='ocr_line' id='line_1_2' title="bbox 173 243 1703 308; baseline -0.005 -12"><span class='ocrx_word' id='word_1_4' title='bbox 173 252 341 296; x_wconf 76' lang='grc' dir='ltr'><strong><em>λέοντα</em></strong></span> <span class='ocrx_word' id='word_1_5' title='bbox 378 249 626 308; x_wconf 72' lang='grc' dir='ltr'><strong><em>γράφοντας,</em></strong></span> <span class='ocrx_word' id='word_1_6' title='bbox 660 245 760 293; x_wconf 72' lang='grc' dir='ltr'><strong><em>ἄλλα</em></strong></span> <span class='ocrx_word' id='word_1_7' title='bbox 790 251 1002 306; x_wconf 74' lang='grc' dir='ltr'><strong><em>θρυαλλίδι</em></strong></span> <span class='ocrx_word' id='word_1_8' title='bbox 1037 250 1104 293; x_wconf 69' lang='grc' dir='ltr'><strong><em>καὶ</em></strong></span> <span class='ocrx_word' id='word_1_9' title='bbox 1134 248 1264 307; x_wconf 83' lang='grc' dir='ltr'><strong><em>λύχνῳ</em></strong></span> <span class='ocrx_word' id='word_1_10' title='bbox 1295 246 1365 292; x_wconf 84' lang='grc' dir='ltr'><strong><em>τὸν</em></strong></span> <span class='ocrx_word' id='word_1_11' title='bbox 1396 245 1572 303; x_wconf 77' lang='grc' dir='ltr'><strong><em>οὐρανὸν</em></strong></span> <span class='ocrx_word' id='word_1_12' title='bbox 1602 243 1703 301; x_wconf 86' lang='grc' dir='ltr'><strong><em>ὁμοῦ</em></strong></span> 
     </span>
     <span class='ocr_line' id='line_1_3' title="bbox 172 314 850 372; baseline -0.004 -11"><span class='ocrx_word' id='word_1_13' title='bbox 172 317 240 361; x_wconf 68' lang='grc' dir='ltr'><strong><em>καὶ</em></strong></span> <span class='ocrx_word' id='word_1_14' title='bbox 266 314 315 360; x_wconf 72' lang='grc' dir='ltr'><strong><em>τὰ</em></strong></span> <span class='ocrx_word' id='word_1_15' title='bbox 346 315 551 372; x_wconf 79' lang='grc' dir='ltr'><strong><em>σύμπαντα</em></strong></span> <span class='ocrx_word' id='word_1_16' title='bbox 582 314 850 372; x_wconf 72' lang='grc' dir='ltr'><strong><em>μεθιστάντας.</em></strong></span> 
     </span>
    </p>
   </div>
   <div class='ocr_carea' id='block_1_3' title="bbox 810 434 1072 488">
    <p class='ocr_par' dir='ltr' id='par_1_3' title="bbox 810 434 1072 488">
     <span class='ocr_line' id='line_1_4' title="bbox 810 434 1072 488; baseline 0 -11"><span class='ocrx_word' id='word_1_17' title='bbox 810 434 1072 488; x_wconf 67' lang='lat' dir='ltr'>114.[165J</span> 
     </span>
    </p>
   </div>
   <div class='ocr_carea' id='block_1_4' title="bbox 173 514 1707 1020">
    <p class='ocr_par' dir='ltr' id='par_1_4' title="bbox 173 514 1707 1020">
     <span class='ocr_line' id='line_1_5' title="bbox 293 514 1706 575; baseline -0.003 -13"><span class='ocrx_word' id='word_1_18' title='bbox 293 522 436 563; x_wconf 82' lang='lat' dir='ltr'><strong>Zenob.</strong></span> <span class='ocrx_word' id='word_1_19' title='bbox 468 521 505 559; x_wconf 91' lang='lat' dir='ltr'><strong>V</strong></span> <span class='ocrx_word' id='word_1_20' title='bbox 537 523 610 561; x_wconf 85' lang='lat'><strong><em>61:</em></strong></span> <span class='ocrx_word' id='word_1_21' title='bbox 643 516 831 572; x_wconf 82' lang='grc' dir='ltr'><em>Πιτάνη</em></span> <span class='ocrx_word' id='word_1_22' title='bbox 863 519 974 573; x_wconf 83' lang='grc' dir='ltr'><strong><em>εἰμί·</em></strong></span> <span class='ocrx_word' id='word_1_23' title='bbox 1007 516 1105 573; x_wconf 75' lang='grc' dir='ltr'><strong><em>αὕτη</em></strong></span> <span class='ocrx_word' id='word_1_24' title='bbox 1136 514 1231 573; x_wconf 89' lang='grc' dir='ltr'><strong><em>παρ’</em></strong></span> <span class='ocrx_word' id='word_1_25' title='bbox 1269 514 1435 575; x_wconf 80' lang='grc' dir='ltr'><strong><em>Ἀλκαίῳ</em></strong></span> <span class='ocrx_word' id='word_1_26' title='bbox 1473 522 1611 559; x_wconf 86' lang='grc' dir='ltr'><strong><em>κεῖται·</em></strong></span> <span class='ocrx_word' id='word_1_27' title='bbox 1649 515 1706 558; x_wconf 78' lang='grc' dir='ltr'><strong><em>λέ-</em></strong></span> 
     </span>
     <span class='ocr_line' id='line_1_6' title="bbox 174 580 1705 642; baseline -0.002 -14"><span class='ocrx_word' id='word_1_28' title='bbox 174 602 280 642; x_wconf 85' lang='grc' dir='ltr'><strong><em>γεται</em></strong></span> <span class='ocrx_word' id='word_1_29' title='bbox 311 585 354 628; x_wconf 80' lang='grc' dir='ltr'><strong><em>δὲ</em></strong></span> <span class='ocrx_word' id='word_1_30' title='bbox 385 582 482 627; x_wconf 80' lang='grc' dir='ltr'><strong><em>κατὰ</em></strong></span> <span class='ocrx_word' id='word_1_31' title='bbox 511 588 590 627; x_wconf 80' lang='grc' dir='ltr'><strong><em>τῶν</em></strong></span> <span class='ocrx_word' id='word_1_32' title='bbox 619 589 790 634; x_wconf 83' lang='grc' dir='ltr'><strong><em>πυκναῖς</em></strong></span> <span class='ocrx_word' id='word_1_33' title='bbox 820 589 1043 638; x_wconf 80' lang='grc' dir='ltr'><strong><em>συμφοραῖς</em></strong></span> <span class='ocrx_word' id='word_1_34' title='bbox 1080 582 1391 638; x_wconf 83' lang='grc' dir='ltr'><strong><em>περιπιπτόντων</em></strong></span> <span class='ocrx_word' id='word_1_35' title='bbox 1428 582 1508 638; x_wconf 72' lang='grc' dir='ltr'><strong><em>ἅμα</em></strong></span> <span class='ocrx_word' id='word_1_36' title='bbox 1544 583 1610 625; x_wconf 77' lang='grc' dir='ltr'><strong><em>καὶ</em></strong></span> <span class='ocrx_word' id='word_1_37' title='bbox 1641 580 1705 625; x_wconf 79' lang='grc' dir='ltr'><strong><em>εὖ·</em></strong></span> 
     </span>
     <span class='ocr_line' id='line_1_7' title="bbox 175 642 1706 707; baseline -0.003 -13"><span class='ocrx_word' id='word_1_38' title='bbox 175 653 376 707; x_wconf 82' lang='grc' dir='ltr'><strong><em>πραγίαις·</em></strong></span> <span class='ocrx_word' id='word_1_39' title='bbox 408 648 586 705; x_wconf 84' lang='grc' dir='ltr'><strong><em>παρόσον</em></strong></span> <span class='ocrx_word' id='word_1_40' title='bbox 622 649 688 691; x_wconf 74' lang='grc' dir='ltr'><strong><em>καὶ</em></strong></span> <span class='ocrx_word' id='word_1_41' title='bbox 724 653 770 705; x_wconf 81' lang='grc' dir='ltr'><strong><em>τῇ</em></strong></span> <span class='ocrx_word' id='word_1_42' title='bbox 808 645 970 703; x_wconf 77' lang='grc' dir='ltr'><strong><em>Πιτάνη</em></strong></span> <span class='ocrx_word' id='word_1_43' title='bbox 1001 653 1162 692; x_wconf 86' lang='grc' dir='ltr'><strong><em>τοιαῦτα</em></strong></span> <span class='ocrx_word' id='word_1_44' title='bbox 1199 649 1346 704; x_wconf 81' lang='grc' dir='ltr'><strong><em>συνέβη</em></strong></span> <span class='ocrx_word' id='word_1_45' title='bbox 1384 647 1610 704; x_wconf 76' lang='grc' dir='ltr'><strong><em>πράγματα,</em></strong></span> <span class='ocrx_word' id='word_1_46' title='bbox 1649 642 1706 690; x_wconf 80' lang='grc' dir='ltr'><strong><em>ὧν</em></strong></span> 
     </span>
     <span class='ocr_line' id='line_1_8' title="bbox 173 708 1704 769; baseline -0.003 -11"><span class='ocrx_word' id='word_1_47' title='bbox 173 716 239 758; x_wconf 75' lang='grc' dir='ltr'><strong><em>καὶ</em></strong></span> <span class='ocrx_word' id='word_1_48' title='bbox 263 713 492 765; x_wconf 77' lang='grc' dir='ltr'><strong><em>Ἑλλάνικος</em></strong></span> <span class='ocrx_word' id='word_1_49' title='bbox 523 714 728 769; x_wconf 79' lang='grc' dir='ltr'><strong><em>μέμνηται·</em></strong></span> <span class='ocrx_word' id='word_1_50' title='bbox 761 714 859 768; x_wconf 80' lang='grc' dir='ltr'><strong><em>φησὶ</em></strong></span> <span class='ocrx_word' id='word_1_51' title='bbox 891 712 966 769; x_wconf 77' lang='grc' dir='ltr'><strong><em>γὰρ</em></strong></span> <span class='ocrx_word' id='word_1_52' title='bbox 997 711 1122 768; x_wconf 76' lang='grc' dir='ltr'><strong><em>αὐτὴν</em></strong></span> <span class='ocrx_word' id='word_1_53' title='bbox 1152 711 1231 756; x_wconf 77' lang='grc' dir='ltr'><strong><em>ὑπὸ</em></strong></span> <span class='ocrx_word' id='word_1_54' title='bbox 1257 717 1474 769; x_wconf 82' lang='grc' dir='ltr'><strong><em>Πελασγῶν</em></strong></span> <span class='ocrx_word' id='word_1_55' title='bbox 1504 708 1704 766; x_wconf 78' lang='grc' dir='ltr'><strong><em>ἄνδραπο-</em></strong></span> 
     </span>
     <span class='ocr_line' id='line_1_9' title="bbox 173 774 1707 836; baseline -0.002 -13"><span class='ocrx_word' id='word_1_56' title='bbox 173 783 364 836; x_wconf 71' lang='grc' dir='ltr'><strong><em>δισθῆναι</em></strong></span> <span class='ocrx_word' id='word_1_57' title='bbox 394 780 460 822; x_wconf 74' lang='grc' dir='ltr'><strong><em>καὶ</em></strong></span> <span class='ocrx_word' id='word_1_58' title='bbox 489 777 608 821; x_wconf 77' lang='grc' dir='ltr'><strong><em>πάλιν</em></strong></span> <span class='ocrx_word' id='word_1_59' title='bbox 639 776 717 822; x_wconf 74' lang='grc' dir='ltr'><strong><em>ὑπὸ</em></strong></span> <span class='ocrx_word' id='word_1_60' title='bbox 744 774 1002 834; x_wconf 84' lang='grc' dir='ltr'><strong><em>Ἐρυθραίων</em></strong></span> <span class='ocrx_word' id='word_1_61' title='bbox 1026 780 1360 833; x_wconf 77' lang='grc' dir='ltr'><strong><em>ἐλευθερωθῆναι.</em></strong></span> <span class='ocrx_word' id='word_1_62' title='bbox 1410 780 1566 820; x_wconf 80' lang='lat' dir='ltr'>Similia</span> <span class='ocrx_word' id='word_1_63' title='bbox 1591 780 1707 820; x_wconf 84' lang='lat' dir='ltr'><strong>Phot.</strong></span> 
     </span>
     <span class='ocr_line' id='line_1_10' title="bbox 173 842 1707 899; baseline -0.003 -10"><span class='ocrx_word' id='word_1_64' title='bbox 173 851 272 899; x_wconf 84' lang='lat'>431,</span> <span class='ocrx_word' id='word_1_65' title='bbox 307 851 329 888; x_wconf 87' lang='grc'>7</span> <span class='ocrx_word' id='word_1_66' title='bbox 371 852 413 888; x_wconf 80' lang='lat' dir='ltr'><strong><em>et</em></strong></span> <span class='ocrx_word' id='word_1_67' title='bbox 450 847 594 887; x_wconf 83' lang='lat' dir='ltr'>Suidas</span> <span class='ocrx_word' id='word_1_68' title='bbox 632 860 669 886; x_wconf 74' lang='lat' dir='ltr'><strong><em>v·</em></strong></span> <span class='ocrx_word' id='word_1_69' title='bbox 701 842 857 898; x_wconf 80' lang='grc' dir='ltr'><strong><em>Πιτάνη</em></strong></span> <span class='ocrx_word' id='word_1_70' title='bbox 896 845 984 898; x_wconf 81' lang='grc' dir='ltr'><strong><em>εἰμί.</em></strong></span> <span class='ocrx_word' id='word_1_71' title='bbox 1046 847 1095 886; x_wconf 87' lang='lat' dir='ltr'><strong><em>cf.</em></strong></span> <span class='ocrx_word' id='word_1_72' title='bbox 1127 847 1248 886; x_wconf 81' lang='lat' dir='ltr'><strong>etiam</strong></span> <span class='ocrx_word' id='word_1_73' title='bbox 1279 846 1328 885; x_wconf 87' lang='lat' dir='ltr'><strong><em>fr.</em></strong></span> <span class='ocrx_word' id='word_1_74' title='bbox 1362 847 1458 885; x_wconf 85' lang='lat'><strong><em>118.</em></strong></span> <span class='ocrx_word' id='word_1_75' title='bbox 1522 845 1707 885; x_wconf 79' lang='lat' dir='ltr'><strong>Welcker</strong></span> 
     </span>
     <span class='ocr_line' id='line_1_11' title="bbox 176 906 1704 966; baseline -0.003 -12"><span class='ocrx_word' id='word_1_76' title='bbox 176 913 318 965; x_wconf 78' lang='lat' dir='ltr'>opusc.</span> <span class='ocrx_word' id='word_1_77' title='bbox 351 913 371 952; x_wconf 95' lang='lat' dir='ltr'>I</span> <span class='ocrx_word' id='word_1_78' title='bbox 405 914 487 952; x_wconf 87' lang='grc'><strong><em>145</em></strong></span> <span class='ocrx_word' id='word_1_79' title='bbox 520 913 619 952; x_wconf 79' lang='lat' dir='ltr'><strong>haec</strong></span> <span class='ocrx_word' id='word_1_80' title='bbox 650 906 774 966; x_wconf 76' lang='lat' dir='ltr'><strong>(sicut</strong></span> <span class='ocrx_word' id='word_1_81' title='bbox 804 924 926 962; x_wconf 84' lang='lat' dir='ltr'><strong>supra</strong></span> <span class='ocrx_word' id='word_1_82' title='bbox 956 911 1006 951; x_wconf 84' lang='lat' dir='ltr'><strong><em>fr.</em></strong></span> <span class='ocrx_word' id='word_1_83' title='bbox 1040 907 1144 965; x_wconf 87' lang='lat'>103)</span> <span class='ocrx_word' id='word_1_84' title='bbox 1181 911 1446 963; x_wconf 72' lang='lat' dir='ltr'>grammatico</span> <span class='ocrx_word' id='word_1_85' title='bbox 1484 910 1603 950; x_wconf 81' lang='lat' dir='ltr'>alicui</span> <span class='ocrx_word' id='word_1_86' title='bbox 1633 910 1704 950; x_wconf 72' lang='lat' dir='ltr'>tri-</span> 
     </span>
     <span class='ocr_line' id='line_1_12' title="bbox 175 979 429 1020; baseline 0 -1"><span class='ocrx_word' id='word_1_87' title='bbox 175 980 299 1020; x_wconf 79' lang='lat' dir='ltr'><strong>buere</strong></span> <span class='ocrx_word' id='word_1_88' title='bbox 329 979 429 1019; x_wconf 82' lang='lat' dir='ltr'>vult.</span> 
     </span>
    </p>
   </div>
   <div class='ocr_carea' id='block_1_5' title="bbox 829 1068 1064 1123">
    <p class='ocr_par' dir='ltr' id='par_1_5' title="bbox 829 1068 1064 1123">
     <span class='ocr_line' id='line_1_13' title="bbox 829 1068 1064 1123; baseline 0 -11"><span class='ocrx_word' id='word_1_89' title='bbox 829 1068 1064 1123; x_wconf 64' lang='lat'><strong><em>115.[57]</em></strong></span> 
     </span>
    </p>
   </div>
   <div class='ocr_carea' id='block_1_6' title="bbox 177 1147 1709 1274">
    <p class='ocr_par' dir='ltr' id='par_1_6' title="bbox 177 1147 1709 1274">
     <span class='ocr_line' id='line_1_14' title="bbox 297 1147 1709 1211; baseline -0.002 -14"><span class='ocrx_word' id='word_1_90' title='bbox 297 1157 425 1198; x_wconf 81' lang='lat' dir='ltr'>Schol.</span> <span class='ocrx_word' id='word_1_91' title='bbox 457 1157 590 1208; x_wconf 90' lang='lat' dir='ltr'><strong>Apoll.</strong></span> <span class='ocrx_word' id='word_1_92' title='bbox 623 1157 695 1196; x_wconf 83' lang='lat' dir='ltr'><strong><em>Rh.</em></strong></span> <span class='ocrx_word' id='word_1_93' title='bbox 734 1156 754 1195; x_wconf 96' lang='grc' dir='ltr'>Ι</span> <span class='ocrx_word' id='word_1_94' title='bbox 787 1158 890 1196; x_wconf 84' lang='lat'>957:</span> <span class='ocrx_word' id='word_1_95' title='bbox 930 1149 1111 1208; x_wconf 85' lang='grc' dir='ltr'><strong><em>Ἀρτακία</em></strong></span> <span class='ocrx_word' id='word_1_96' title='bbox 1147 1151 1273 1207; x_wconf 82' lang='grc' dir='ltr'><strong><em>κρήνη</em></strong></span> <span class='ocrx_word' id='word_1_97' title='bbox 1310 1153 1399 1206; x_wconf 79' lang='grc' dir='ltr'><strong><em>περὶ</em></strong></span> <span class='ocrx_word' id='word_1_98' title='bbox 1435 1151 1630 1205; x_wconf 81' lang='grc' dir='ltr'><strong><em>Κυζικόν,</em></strong></span> <span class='ocrx_word' id='word_1_99' title='bbox 1660 1147 1709 1211; x_wconf 76' lang='grc' dir='ltr'><strong><em>ᾖς</em></strong></span> 
     </span>
     <span class='ocr_line' id='line_1_15' title="bbox 177 1216 1631 1274; baseline -0.003 -11"><span class='ocrx_word' id='word_1_100' title='bbox 177 1221 244 1270; x_wconf 77' lang='grc' dir='ltr'><strong><em>καὶ</em></strong></span> <span class='ocrx_word' id='word_1_101' title='bbox 271 1216 450 1270; x_wconf 89' lang='grc' dir='ltr'><strong><em>’Λλκαῖος</em></strong></span> <span class='ocrx_word' id='word_1_102' title='bbox 481 1219 671 1274; x_wconf 82' lang='grc' dir='ltr'><strong><em>μέμνηται</em></strong></span> <span class='ocrx_word' id='word_1_103' title='bbox 699 1219 767 1261; x_wconf 85' lang='grc' dir='ltr'><strong><em>καὶ</em></strong></span> <span class='ocrx_word' id='word_1_104' title='bbox 797 1220 1057 1273; x_wconf 80' lang='grc' dir='ltr'><strong><em>Καλλίμαχος,</em></strong></span> <span class='ocrx_word' id='word_1_105' title='bbox 1088 1217 1147 1262; x_wconf 76' lang='grc' dir='ltr'><strong><em>ὅτι</em></strong></span> <span class='ocrx_word' id='word_1_106' title='bbox 1176 1222 1245 1273; x_wconf 85' lang='grc' dir='ltr'><strong><em>τῆς</em></strong></span> <span class='ocrx_word' id='word_1_107' title='bbox 1276 1219 1487 1268; x_wconf 86' lang='grc' dir='ltr'><strong><em>Δολιονίας</em></strong></span> <span class='ocrx_word' id='word_1_108' title='bbox 1517 1218 1631 1259; x_wconf 80' lang='grc' dir='ltr'><strong><em>ἐστίν.</em></strong></span> 
     </span>
    </p>
   </div>
   <div class='ocr_carea' id='block_1_7' title="bbox 827 1336 1063 1391">
    <p class='ocr_par' dir='ltr' id='par_1_7' title="bbox 827 1336 1063 1391">
     <span class='ocr_line' id='line_1_16' title="bbox 827 1336 1063 1391; baseline 0 -12"><span class='ocrx_word' id='word_1_109' title='bbox 827 1336 1063 1391; x_wconf 66' lang='lat'>116.[58]</span> 
     </span>
    </p>
   </div>
   <div class='ocr_carea' id='block_1_8' title="bbox 173 1418 1710 1671">
    <p class='ocr_par' dir='ltr' id='par_1_8' title="bbox 173 1418 1710 1671">
     <span class='ocr_line' id='line_1_17' title="bbox 297 1418 1709 1474; baseline -0.001 -11"><span class='ocrx_word' id='word_1_110' title='bbox 297 1424 427 1465; x_wconf 83' lang='lat' dir='ltr'>Schol.</span> <span class='ocrx_word' id='word_1_111' title='bbox 464 1424 598 1474; x_wconf 89' lang='lat' dir='ltr'>Apoll.</span> <span class='ocrx_word' id='word_1_112' title='bbox 635 1424 708 1462; x_wconf 84' lang='lat' dir='ltr'><strong><em>Rh.</em></strong></span> <span class='ocrx_word' id='word_1_113' title='bbox 746 1423 803 1462; x_wconf 90' lang='lat' dir='ltr'><strong><em>IV</em></strong></span> <span class='ocrx_word' id='word_1_114' title='bbox 837 1424 940 1465; x_wconf 81' lang='lat'>992:</span> <span class='ocrx_word' id='word_1_115' title='bbox 981 1421 1046 1462; x_wconf 79' lang='grc' dir='ltr'><strong><em>καὶ</em></strong></span> <span class='ocrx_word' id='word_1_116' title='bbox 1082 1419 1260 1470; x_wconf 83' lang='grc' dir='ltr'><strong><em>Ἀλκαῖος</em></strong></span> <span class='ocrx_word' id='word_1_117' title='bbox 1300 1420 1343 1462; x_wconf 78' lang='grc' dir='ltr'><strong><em>δὲ</em></strong></span> <span class='ocrx_word' id='word_1_118' title='bbox 1383 1418 1481 1462; x_wconf 77' lang='grc' dir='ltr'><strong><em>κατὰ</em></strong></span> <span class='ocrx_word' id='word_1_119' title='bbox 1523 1418 1569 1461; x_wconf 76' lang='grc' dir='ltr'><strong><em>τὰ</em></strong></span> <span class='ocrx_word' id='word_1_120' title='bbox 1610 1418 1709 1462; x_wconf 76' lang='grc' dir='ltr'><strong><em>αὐτὰ</em></strong></span> 
     </span>
     <span class='ocr_line' id='line_1_18' title="bbox 173 1483 1710 1544; baseline -0.003 -14"><span class='ocrx_word' id='word_1_121' title='bbox 173 1486 416 1544; x_wconf 74' lang='grc' dir='ltr'><strong><em>Ἀκουσιλάῳ</em></strong></span> <span class='ocrx_word' id='word_1_122' title='bbox 457 1487 556 1542; x_wconf 87' lang='grc' dir='ltr'><strong><em>λέγει</em></strong></span> <span class='ocrx_word' id='word_1_123' title='bbox 596 1484 689 1537; x_wconf 78' lang='grc' dir='ltr'><strong><em>τοὺς</em></strong></span> <span class='ocrx_word' id='word_1_124' title='bbox 727 1489 906 1536; x_wconf 78' lang='grc' dir='ltr'><strong><em>Φαίακας</em></strong></span> <span class='ocrx_word' id='word_1_125' title='bbox 942 1486 1044 1540; x_wconf 77' lang='grc' dir='ltr'><strong><em>ἔχειν</em></strong></span> <span class='ocrx_word' id='word_1_126' title='bbox 1079 1484 1121 1528; x_wconf 90' lang='grc' dir='ltr'><strong><em>τὸ</em></strong></span> <span class='ocrx_word' id='word_1_127' title='bbox 1158 1485 1272 1540; x_wconf 82' lang='grc' dir='ltr'><strong><em>γένος</em></strong></span> <span class='ocrx_word' id='word_1_128' title='bbox 1309 1486 1352 1528; x_wconf 75' lang='grc' dir='ltr'><strong><em>ἐκ</em></strong></span> <span class='ocrx_word' id='word_1_129' title='bbox 1388 1489 1468 1527; x_wconf 83' lang='grc' dir='ltr'><strong><em>τῶν</em></strong></span> <span class='ocrx_word' id='word_1_130' title='bbox 1507 1483 1710 1540; x_wconf 88' lang='grc' dir='ltr'><strong><em>σταγόνων</em></strong></span> 
     </span>
     <span class='ocr_line' id='line_1_19' title="bbox 178 1546 1708 1609; baseline -0.003 -13"><span class='ocrx_word' id='word_1_131' title='bbox 178 1558 247 1609; x_wconf 82' lang='grc' dir='ltr'><strong><em>τοῦ</em></strong></span> <span class='ocrx_word' id='word_1_132' title='bbox 291 1551 489 1607; x_wconf 82' lang='grc' dir='ltr'><strong><em>Οὐρανοῦ.</em></strong></span> <span class='ocrx_word' id='word_1_133' title='bbox 550 1550 662 1607; x_wconf 86' lang='lat' dir='ltr'>(Keil</span> <span class='ocrx_word' id='word_1_134' title='bbox 702 1567 750 1593; x_wconf 81' lang='lat' dir='ltr'><strong><em>ex</em></strong></span> <span class='ocrx_word' id='word_1_135' title='bbox 790 1554 910 1593; x_wconf 81' lang='lat' dir='ltr'><strong>Laur.</strong></span> <span class='ocrx_word' id='word_1_136' title='bbox 949 1551 1016 1593; x_wconf 85' lang='grc' dir='ltr'><strong><em>καὶ</em></strong></span> <span class='ocrx_word' id='word_1_137' title='bbox 1052 1546 1231 1601; x_wconf 85' lang='grc' dir='ltr'><strong><em>’Λλκαῖος</em></strong></span> <span class='ocrx_word' id='word_1_138' title='bbox 1274 1550 1317 1592; x_wconf 84' lang='grc' dir='ltr'><strong><em>δὲ</em></strong></span> <span class='ocrx_word' id='word_1_139' title='bbox 1360 1550 1461 1606; x_wconf 81' lang='grc' dir='ltr'><strong><em>λέγει</em></strong></span> <span class='ocrx_word' id='word_1_140' title='bbox 1504 1548 1595 1600; x_wconf 81' lang='grc' dir='ltr'><strong><em>τοὺς</em></strong></span> <span class='ocrx_word' id='word_1_141' title='bbox 1639 1548 1708 1606; x_wconf 86' lang='grc' dir='ltr'><strong><em>Φ.)</em></strong></span> 
     </span>
     <span class='ocr_line' id='line_1_20' title="bbox 179 1615 971 1671; baseline 0 -12"><span class='ocrx_word' id='word_1_142' title='bbox 179 1620 322 1660; x_wconf 84' lang='lat' dir='ltr'><strong>Nescio</strong></span> <span class='ocrx_word' id='word_1_143' title='bbox 355 1632 407 1659; x_wconf 83' lang='lat' dir='ltr'><strong><em>an</em></strong></span> <span class='ocrx_word' id='word_1_144' title='bbox 432 1615 631 1671; x_wconf 81' lang='grc' dir='ltr'><strong><em>Ἀλκμὰν</em></strong></span> <span class='ocrx_word' id='word_1_145' title='bbox 663 1619 717 1659; x_wconf 78' lang='lat' dir='ltr'><strong><em>sit</em></strong></span> <span class='ocrx_word' id='word_1_146' title='bbox 746 1618 971 1670; x_wconf 82' lang='lat' dir='ltr'><strong>legendum.</strong></span> 
     </span>
    </p>
   </div>
   <div class='ocr_carea' id='block_1_9' title="bbox 828 1734 1064 1788">
    <p class='ocr_par' dir='ltr' id='par_1_9' title="bbox 828 1734 1064 1788">
     <span class='ocr_line' id='line_1_21' title="bbox 828 1734 1064 1788; baseline 0.004 -11"><span class='ocrx_word' id='word_1_147' title='bbox 828 1734 925 1778; x_wconf 85' lang='lat'><strong><em>117.</em></strong></span> <span class='ocrx_word' id='word_1_148' title='bbox 957 1734 1064 1788; x_wconf 62' lang='lat'>[45]</span> 
     </span>
    </p>
   </div>
   <div class='ocr_carea' id='block_1_10' title="bbox 178 1814 1710 2004">
    <p class='ocr_par' dir='ltr' id='par_1_10' title="bbox 178 1814 1710 2004">
     <span class='ocr_line' id='line_1_22' title="bbox 299 1814 1710 1872; baseline 0 -12"><span class='ocrx_word' id='word_1_149' title='bbox 299 1820 429 1861; x_wconf 84' lang='lat' dir='ltr'>Schol.</span> <span class='ocrx_word' id='word_1_150' title='bbox 460 1821 579 1871; x_wconf 88' lang='lat' dir='ltr'>Soph.</span> <span class='ocrx_word' id='word_1_151' title='bbox 612 1820 708 1860; x_wconf 79' lang='lat' dir='ltr'><strong>Oed.</strong></span> <span class='ocrx_word' id='word_1_152' title='bbox 741 1819 824 1860; x_wconf 86' lang='lat' dir='ltr'>Col.</span> <span class='ocrx_word' id='word_1_153' title='bbox 858 1821 961 1860; x_wconf 84' lang='lat'>954:</span> <span class='ocrx_word' id='word_1_154' title='bbox 1002 1815 1101 1861; x_wconf 81' lang='grc' dir='ltr'><strong><em>Οἷον</em></strong></span> <span class='ocrx_word' id='word_1_155' title='bbox 1132 1814 1207 1860; x_wconf 80' lang='grc' dir='ltr'><strong><em>οὐκ</em></strong></span> <span class='ocrx_word' id='word_1_156' title='bbox 1244 1819 1322 1861; x_wconf 77' lang='grc' dir='ltr'><strong><em>ἔστι</em></strong></span> <span class='ocrx_word' id='word_1_157' title='bbox 1351 1822 1490 1872; x_wconf 83' lang='grc' dir='ltr'><strong><em>θυμοῦ</em></strong></span> <span class='ocrx_word' id='word_1_158' title='bbox 1521 1822 1710 1872; x_wconf 81' lang='grc' dir='ltr'><strong><em>κρατῆσαι</em></strong></span> 
     </span>
     <span class='ocr_line' id='line_1_23' title="bbox 179 1878 1710 1939; baseline -0.001 -13"><span class='ocrx_word' id='word_1_159' title='bbox 179 1883 400 1939; x_wconf 72' lang='grc' dir='ltr'><strong><em>ἄνθρωπον</em></strong></span> <span class='ocrx_word' id='word_1_160' title='bbox 431 1882 542 1926; x_wconf 77' lang='grc' dir='ltr'><strong><em>ὄντα·</em></strong></span> <span class='ocrx_word' id='word_1_161' title='bbox 574 1881 623 1926; x_wconf 80' lang='grc' dir='ltr'><strong><em>οὐ</em></strong></span> <span class='ocrx_word' id='word_1_162' title='bbox 654 1880 941 1939; x_wconf 76' lang='grc' dir='ltr'><strong><em>καταγηράσκει</em></strong></span> <span class='ocrx_word' id='word_1_163' title='bbox 970 1881 1012 1925; x_wconf 86' lang='grc' dir='ltr'><strong><em>τὸ</em></strong></span> <span class='ocrx_word' id='word_1_164' title='bbox 1045 1878 1156 1937; x_wconf 77' lang='grc' dir='ltr'><strong><em>ὠμὸν</em></strong></span> <span class='ocrx_word' id='word_1_165' title='bbox 1185 1888 1255 1926; x_wconf 84' lang='grc' dir='ltr'><strong><em>τοῦ</em></strong></span> <span class='ocrx_word' id='word_1_166' title='bbox 1285 1887 1432 1938; x_wconf 84' lang='grc' dir='ltr'><strong><em>θυμοῦ,</em></strong></span> <span class='ocrx_word' id='word_1_167' title='bbox 1465 1885 1501 1925; x_wconf 86' lang='grc' dir='ltr'><strong><em>εἰ</em></strong></span> <span class='ocrx_word' id='word_1_168' title='bbox 1524 1881 1576 1937; x_wconf 82' lang='grc' dir='ltr'><strong><em>μὴ</em></strong></span> <span class='ocrx_word' id='word_1_169' title='bbox 1610 1882 1710 1934; x_wconf 80' lang='grc' dir='ltr'><strong><em>ἐξέλ-</em></strong></span> 
     </span>
     <span class='ocr_line' id='line_1_24' title="bbox 178 1944 1710 2004; baseline -0.002 -12"><span class='ocrx_word' id='word_1_170' title='bbox 178 1956 249 1992; x_wconf 83' lang='grc' dir='ltr'><strong><em>θοι</em></strong></span> <span class='ocrx_word' id='word_1_171' title='bbox 285 1953 354 1992; x_wconf 88' lang='grc' dir='ltr'><strong><em>τοῦ</em></strong></span> <span class='ocrx_word' id='word_1_172' title='bbox 391 1950 484 2003; x_wconf 82' lang='grc' dir='ltr'><strong><em>βίου</em></strong></span> <span class='ocrx_word' id='word_1_173' title='bbox 522 1946 543 1991; x_wconf 83' lang='grc' dir='ltr'><strong>ὅ</strong></span> <span class='ocrx_word' id='word_1_174' title='bbox 580 1947 812 2002; x_wconf 71' lang='grc' dir='ltr'><strong><em>ἅνθρωπος·</em></strong></span> <span class='ocrx_word' id='word_1_175' title='bbox 830 1966 836 1973; x_wconf 86' lang='grc'><em>·</em></span> <span class='ocrx_word' id='word_1_176' title='bbox 853 1944 1054 1990; x_wconf 73' lang='grc' dir='ltr'><strong><em>ἀδύνατον</em></strong></span> <span class='ocrx_word' id='word_1_177' title='bbox 1093 1947 1168 2004; x_wconf 77' lang='grc' dir='ltr'><strong><em>γάρ</em></strong></span> <span class='ocrx_word' id='word_1_178' title='bbox 1209 1949 1287 1991; x_wconf 80' lang='grc' dir='ltr'><strong><em>ἐστι</em></strong></span> <span class='ocrx_word' id='word_1_179' title='bbox 1324 1951 1448 1999; x_wconf 82' lang='grc' dir='ltr'><strong><em>ζῶντα</em></strong></span> <span class='ocrx_word' id='word_1_180' title='bbox 1489 1947 1710 2002; x_wconf 71' lang='grc' dir='ltr'><strong><em>ἄνθρωπον</em></strong></span> 
     </span>
    </p>
   </div>
   <div class='ocr_carea' id='block_1_11' title="bbox 104 2011 1710 2071">
    <p class='ocr_par' dir='ltr' id='par_1_11' title="bbox 104 2011 1710 2071">
     <span class='ocr_line' id='line_1_25' title="bbox 104 2011 1710 2071; baseline 0 -16"><span class='ocrx_word' id='word_1_181' title='bbox 104 2046 113 2055; x_wconf 92' lang='grc'><strong>.</strong></span> <span class='ocrx_word' id='word_1_182' title='bbox 180 2014 233 2070; x_wconf 81' lang='grc' dir='ltr'><strong><em>μὴ</em></strong></span> <span class='ocrx_word' id='word_1_183' title='bbox 272 2018 392 2071; x_wconf 80' lang='grc' dir='ltr'><strong><em>θυμῷ</em></strong></span> <span class='ocrx_word' id='word_1_184' title='bbox 435 2012 674 2068; x_wconf 81' lang='grc' dir='ltr'><strong><em>χρήσασθαι·</em></strong></span> <span class='ocrx_word' id='word_1_185' title='bbox 717 2017 831 2056; x_wconf 84' lang='grc' dir='ltr'><strong><em>τοῦτο</em></strong></span> <span class='ocrx_word' id='word_1_186' title='bbox 872 2013 915 2055; x_wconf 84' lang='grc' dir='ltr'><strong><em>δὲ</em></strong></span> <span class='ocrx_word' id='word_1_187' title='bbox 957 2013 1023 2055; x_wconf 76' lang='grc' dir='ltr'><strong><em>καὶ</em></strong></span> <span class='ocrx_word' id='word_1_188' title='bbox 1066 2018 1336 2069; x_wconf 82' lang='grc' dir='ltr'><strong><em>παροιμιακῶς</em></strong></span> <span class='ocrx_word' id='word_1_189' title='bbox 1378 2014 1542 2069; x_wconf 87' lang='grc' dir='ltr'><strong><em>λέγεται,</em></strong></span> <span class='ocrx_word' id='word_1_190' title='bbox 1586 2011 1645 2056; x_wconf 76' lang='grc' dir='ltr'><strong><em>’ὄτι</em></strong></span> <span class='ocrx_word' id='word_1_191' title='bbox 1688 2011 1710 2055; x_wconf 84' lang='grc' dir='ltr'>ὁ</span> 
     </span>
    </p>
   </div>
   <div class='ocr_carea' id='block_1_12' title="bbox 179 2076 1710 2394">
    <p class='ocr_par' dir='ltr' id='par_1_12' title="bbox 179 2076 1710 2394">
     <span class='ocr_line' id='line_1_26' title="bbox 179 2076 1710 2135; baseline -0.002 -12"><span class='ocrx_word' id='word_1_192' title='bbox 179 2078 337 2134; x_wconf 84' lang='grc' dir='ltr'><strong><em>θυμὸς</em></strong></span> <span class='ocrx_word' id='word_1_193' title='bbox 375 2080 573 2133; x_wconf 83' lang='grc' dir='ltr'><strong><em>ἔσχατον</em></strong></span> <span class='ocrx_word' id='word_1_194' title='bbox 611 2076 856 2135; x_wconf 73' lang='grc' dir='ltr'><strong><em>γηράσκει·</em></strong></span> <span class='ocrx_word' id='word_1_195' title='bbox 896 2079 1042 2134; x_wconf 87' lang='grc' dir='ltr'><strong><em>λέγεται</em></strong></span> <span class='ocrx_word' id='word_1_196' title='bbox 1089 2079 1132 2122; x_wconf 81' lang='grc' dir='ltr'><strong><em>δὲ</em></strong></span> <span class='ocrx_word' id='word_1_197' title='bbox 1172 2078 1239 2122; x_wconf 78' lang='grc' dir='ltr'><strong><em>διὰ</em></strong></span> <span class='ocrx_word' id='word_1_198' title='bbox 1278 2077 1372 2130; x_wconf 84' lang='grc' dir='ltr'><strong><em>τοὺς</em></strong></span> <span class='ocrx_word' id='word_1_199' title='bbox 1410 2079 1710 2134; x_wconf 86' lang='grc' dir='ltr'><strong><em>πρεσβυτέρους,</em></strong></span> 
     </span>
     <span class='ocr_line' id='line_1_27' title="bbox 179 2141 1709 2203; baseline -0.003 -15"><span class='ocrx_word' id='word_1_200' title='bbox 179 2144 259 2202; x_wconf 68' lang='grc' dir='ltr'><strong><em>ὅσῳ</em></strong></span> <span class='ocrx_word' id='word_1_201' title='bbox 291 2142 366 2200; x_wconf 79' lang='grc' dir='ltr'><strong><em>γὰρ</em></strong></span> <span class='ocrx_word' id='word_1_202' title='bbox 396 2142 656 2203; x_wconf 56' lang='grc' dir='ltr'><strong><em>γηρᾶςκουσι,</em></strong></span> <span class='ocrx_word' id='word_1_203' title='bbox 693 2141 762 2186; x_wconf 88' lang='grc' dir='ltr'><strong><em>τὸν</em></strong></span> <span class='ocrx_word' id='word_1_204' title='bbox 790 2141 927 2198; x_wconf 81' lang='grc' dir='ltr'><strong><em>θυμὸν</em></strong></span> <span class='ocrx_word' id='word_1_205' title='bbox 957 2145 1286 2200; x_wconf 76' lang='grc' dir='ltr'><strong><em>ἐρρωμενέστερον</em></strong></span> <span class='ocrx_word' id='word_1_206' title='bbox 1317 2145 1492 2199; x_wconf 78' lang='grc' dir='ltr'><strong><em>ἔχουσιν·</em></strong></span> <span class='ocrx_word' id='word_1_207' title='bbox 1534 2144 1600 2185; x_wconf 83' lang='grc' dir='ltr'><strong><em>καὶ</em></strong></span> <span class='ocrx_word' id='word_1_208' title='bbox 1626 2141 1709 2185; x_wconf 86' lang='grc' dir='ltr'><strong><em>’Λλ-</em></strong></span> 
     </span>
     <span class='ocr_line' id='line_1_28' title="bbox 180 2206 1706 2264; baseline -0.002 -12"><span class='ocrx_word' id='word_1_209' title='bbox 180 2215 302 2260; x_wconf 86' lang='grc' dir='ltr'><strong><em>καῖος,</em></strong></span> <span class='ocrx_word' id='word_1_210' title='bbox 334 2206 386 2259; x_wconf 82' lang='grc' dir='ltr'><strong><em>ὧς</em></strong></span> <span class='ocrx_word' id='word_1_211' title='bbox 416 2209 587 2263; x_wconf 83' lang='grc' dir='ltr'><strong><em>λέγομεν,</em></strong></span> <span class='ocrx_word' id='word_1_212' title='bbox 619 2208 721 2252; x_wconf 73' lang='grc' dir='ltr'><strong><em>οὕτω</em></strong></span> <span class='ocrx_word' id='word_1_213' title='bbox 753 2206 850 2250; x_wconf 76' lang='grc' dir='ltr'><strong><em>κατὰ</em></strong></span> <span class='ocrx_word' id='word_1_214' title='bbox 881 2207 1018 2252; x_wconf 89' lang='grc' dir='ltr'><strong><em>κοινὸν</em></strong></span> <span class='ocrx_word' id='word_1_215' title='bbox 1048 2208 1171 2252; x_wconf 79' lang='grc' dir='ltr'><strong><em>αὐτοῦ</em></strong></span> <span class='ocrx_word' id='word_1_216' title='bbox 1196 2208 1459 2264; x_wconf 87' lang='grc' dir='ltr'><strong><em>μιμνήσκεται.</em></strong></span> <span class='ocrx_word' id='word_1_217' title='bbox 1492 2212 1559 2250; x_wconf 86' lang='lat' dir='ltr'><strong><em>ubi</em></strong></span> <span class='ocrx_word' id='word_1_218' title='bbox 1586 2211 1706 2250; x_wconf 83' lang='lat' dir='ltr'>Tricl.</span> 
     </span>
     <span class='ocr_line' id='line_1_29' title="bbox 182 2270 1710 2330; baseline -0.001 -13"><span class='ocrx_word' id='word_1_219' title='bbox 182 2273 235 2325; x_wconf 83' lang='grc' dir='ltr'><strong><em>ὧς</em></strong></span> <span class='ocrx_word' id='word_1_220' title='bbox 270 2275 437 2330; x_wconf 86' lang='grc' dir='ltr'><strong><em>λέγεται,</em></strong></span> <span class='ocrx_word' id='word_1_221' title='bbox 474 2270 577 2316; x_wconf 69' lang='grc' dir='ltr'><strong><em>οὕτω</em></strong></span> <span class='ocrx_word' id='word_1_222' title='bbox 615 2272 711 2316; x_wconf 80' lang='grc' dir='ltr'><strong><em>κατὰ</em></strong></span> <span class='ocrx_word' id='word_1_223' title='bbox 754 2278 905 2317; x_wconf 85' lang='grc' dir='ltr'><strong><em>κοινοῦ.</em></strong></span> <span class='ocrx_word' id='word_1_224' title='bbox 947 2279 989 2317; x_wconf 76' lang='lat' dir='ltr'><strong><em>et</em></strong></span> <span class='ocrx_word' id='word_1_225' title='bbox 1032 2278 1174 2317; x_wconf 83' lang='lat' dir='ltr'><strong>Suidas</strong></span> <span class='ocrx_word' id='word_1_226' title='bbox 1219 2292 1256 2318; x_wconf 89' lang='lat' dir='ltr'><strong><em>v.</em></strong></span> <span class='ocrx_word' id='word_1_227' title='bbox 1291 2272 1426 2328; x_wconf 85' lang='grc' dir='ltr'><strong><em>Θυμὸς</em></strong></span> <span class='ocrx_word' id='word_1_228' title='bbox 1469 2271 1710 2328; x_wconf 81' lang='grc' dir='ltr'><strong><em>ἓπταβόειος,</em></strong></span> 
     </span>
     <span class='ocr_line' id='line_1_30' title="bbox 181 2336 1381 2394; baseline -0.003 -12"><span class='ocrx_word' id='word_1_229' title='bbox 181 2342 251 2382; x_wconf 87' lang='lat' dir='ltr'><strong><em>ubi</em></strong></span> <span class='ocrx_word' id='word_1_230' title='bbox 282 2342 390 2381; x_wconf 61' lang='lat' dir='ltr'><strong>reeb&amp;</strong></span> <span class='ocrx_word' id='word_1_231' title='bbox 421 2336 480 2389; x_wconf 79' lang='grc' dir='ltr'><strong><em>ὥς</em></strong></span> <span class='ocrx_word' id='word_1_232' title='bbox 510 2339 768 2394; x_wconf 82' lang='grc' dir='ltr'><strong><em>λεγομένου</em></strong></span> <span class='ocrx_word' id='word_1_233' title='bbox 799 2337 914 2381; x_wconf 79' lang='grc' dir='ltr'><strong><em>κατὰ</em></strong></span> <span class='ocrx_word' id='word_1_234' title='bbox 943 2338 992 2383; x_wconf 89' lang='grc' dir='ltr'><strong><em>τὸ</em></strong></span> <span class='ocrx_word' id='word_1_235' title='bbox 1023 2338 1189 2382; x_wconf 88' lang='grc' dir='ltr'><strong><em>κοινόν</em></strong></span> <span class='ocrx_word' id='word_1_236' title='bbox 1220 2341 1381 2391; x_wconf 76' lang='lat' dir='ltr'><strong>legitur.</strong></span> 
     </span>
    </p>
   </div>
   <div class='ocr_carea' id='block_1_13' title="bbox 830 2469 1067 2523">
    <p class='ocr_par' dir='ltr' id='par_1_13' title="bbox 830 2469 1067 2523">
     <span class='ocr_line' id='line_1_31' title="bbox 830 2469 1067 2523; baseline 0 -12"><span class='ocrx_word' id='word_1_237' title='bbox 830 2469 1067 2523; x_wconf 70' lang='lat'>118.[93]</span> 
     </span>
    </p>
   </div>
   <div class='ocr_carea' id='block_1_14' title="bbox 184 2549 1711 2683">
    <p class='ocr_par' dir='ltr' id='par_1_14' title="bbox 184 2549 1711 2683">
     <span class='ocr_line' id='line_1_32' title="bbox 302 2549 1711 2613; baseline -0.002 -19"><span class='ocrx_word' id='word_1_238' title='bbox 302 2555 433 2596; x_wconf 85' lang='lat' dir='ltr'>Schol.</span> <span class='ocrx_word' id='word_1_239' title='bbox 472 2555 634 2601; x_wconf 64' lang='lat' dir='ltr'>Hesiod.</span> <span class='ocrx_word' id='word_1_240' title='bbox 667 2555 739 2594; x_wconf 89' lang='lat' dir='ltr'><strong><em>Th.</em></strong></span> <span class='ocrx_word' id='word_1_241' title='bbox 773 2554 879 2613; x_wconf 72' lang='lat'>313:</span> <span class='ocrx_word' id='word_1_242' title='bbox 920 2550 1003 2606; x_wconf 85' lang='grc' dir='ltr'><strong><em>Τὴν</em></strong></span> <span class='ocrx_word' id='word_1_243' title='bbox 1028 2550 1202 2606; x_wconf 68' lang='grc' dir='ltr'><strong><em>’Ὕδραν</em></strong></span> <span class='ocrx_word' id='word_1_244' title='bbox 1240 2551 1284 2593; x_wconf 82' lang='grc' dir='ltr'><strong><em>δὲ</em></strong></span> <span class='ocrx_word' id='word_1_245' title='bbox 1317 2549 1495 2600; x_wconf 82' lang='grc' dir='ltr'><strong><em>Ἀλκαῖος</em></strong></span> <span class='ocrx_word' id='word_1_246' title='bbox 1532 2549 1604 2604; x_wconf 79' lang='grc' dir='ltr'><strong><em>μὲν</em></strong></span> <span class='ocrx_word' id='word_1_247' title='bbox 1640 2550 1711 2592; x_wconf 80' lang='grc' dir='ltr'><strong><em>ἐν-</em></strong></span> 
     </span>
     <span class='ocr_line' id='line_1_33' title="bbox 184 2614 1421 2683; baseline -0.002 -23"><span class='ocrx_word' id='word_1_248' title='bbox 184 2614 487 2671; x_wconf 85' lang='grc' dir='ltr'><strong><em>νεακέφαλόν</em></strong></span> <span class='ocrx_word' id='word_1_249' title='bbox 516 2631 629 2671; x_wconf 85' lang='grc' dir='ltr'><strong><em>φησι,</em></strong></span> <span class='ocrx_word' id='word_1_250' title='bbox 660 2618 889 2683; x_wconf 60' lang='grc' dir='ltr'><strong><em>Σιμωνζδης</em></strong></span> <span class='ocrx_word' id='word_1_251' title='bbox 920 2616 964 2658; x_wconf 80' lang='grc' dir='ltr'><strong><em>δὲ</em></strong></span> <span class='ocrx_word' id='word_1_252' title='bbox 994 2617 1421 2671; x_wconf 84' lang='grc' dir='ltr'><strong><em>πεντηκοντακέφαλον.</em></strong></span> 
     </span>
    </p>
   </div>
   <div class='ocr_carea' id='block_1_15' title="bbox 808 2734 1069 2803">
    <p class='ocr_par' dir='ltr' id='par_1_15' title="bbox 808 2734 1069 2803">
     <span class='ocr_line' id='line_1_34' title="bbox 808 2734 1069 2803; baseline 0 -27"><span class='ocrx_word' id='word_1_253' title='bbox 808 2734 1069 2803; x_wconf 74' lang='lat'><strong><em>¹119.[94.]</em></strong></span> 
     </span>
    </p>
   </div>
   <div class='ocr_carea' id='block_1_16' title="bbox 185 2814 1713 2940">
    <p class='ocr_par' dir='ltr' id='par_1_16' title="bbox 185 2814 1713 2940">
     <span class='ocr_line' id='line_1_35' title="bbox 305 2814 1712 2874; baseline -0.002 -13"><span class='ocrx_word' id='word_1_254' title='bbox 305 2821 435 2862; x_wconf 83' lang='lat' dir='ltr'>Schol.</span> <span class='ocrx_word' id='word_1_255' title='bbox 466 2822 555 2862; x_wconf 78' lang='lat' dir='ltr'>Nic.</span> <span class='ocrx_word' id='word_1_256' title='bbox 586 2822 703 2860; x_wconf 84' lang='lat' dir='ltr'><strong>Ther.</strong></span> <span class='ocrx_word' id='word_1_257' title='bbox 738 2822 839 2862; x_wconf 85' lang='lat'>613:</span> <span class='ocrx_word' id='word_1_258' title='bbox 883 2817 964 2859; x_wconf 76' lang='grc' dir='ltr'><strong><em>Καὶ</em></strong></span> <span class='ocrx_word' id='word_1_259' title='bbox 995 2818 1039 2859; x_wconf 77' lang='grc' dir='ltr'><strong><em>ἐν</em></strong></span> <span class='ocrx_word' id='word_1_260' title='bbox 1069 2818 1213 2874; x_wconf 88' lang='grc' dir='ltr'><strong><em>Λέσβῳ</em></strong></span> <span class='ocrx_word' id='word_1_261' title='bbox 1245 2817 1288 2860; x_wconf 81' lang='grc' dir='ltr'><strong><em>δὲ</em></strong></span> <span class='ocrx_word' id='word_1_262' title='bbox 1320 2814 1342 2860; x_wconf 84' lang='grc' dir='ltr'>ὁ</span> <span class='ocrx_word' id='word_1_263' title='bbox 1366 2815 1568 2860; x_wconf 85' lang='grc' dir='ltr'><strong><em>Ἀπόλλων</em></strong></span> <span class='ocrx_word' id='word_1_264' title='bbox 1599 2818 1712 2871; x_wconf 82' lang='grc' dir='ltr'><strong><em>μυρί-</em></strong></span> 
     </span>
     <span class='ocr_line' id='line_1_36' title="bbox 185 2879 1713 2940; baseline -0.002 -12"><span class='ocrx_word' id='word_1_265' title='bbox 185 2902 257 2939; x_wconf 85' lang='grc' dir='ltr'><strong><em>κης</em></strong></span> <span class='ocrx_word' id='word_1_266' title='bbox 287 2884 460 2936; x_wconf 78' lang='grc' dir='ltr'><strong><em>κλάδους</em></strong></span> <span class='ocrx_word' id='word_1_267' title='bbox 491 2886 583 2940; x_wconf 75' lang='grc' dir='ltr'><strong><em>ἔχει·</em></strong></span> <span class='ocrx_word' id='word_1_268' title='bbox 621 2883 720 2928; x_wconf 74' lang='grc' dir='ltr'><strong><em>’ὅθεν</em></strong></span> <span class='ocrx_word' id='word_1_269' title='bbox 757 2884 824 2932; x_wconf 58' lang='grc' dir='ltr'><strong><em>καὶ</em></strong></span> <span class='ocrx_word' id='word_1_270' title='bbox 859 2888 1066 2938; x_wconf 87' lang='grc' dir='ltr'><strong><em>μυρικαῖος</em></strong></span> <span class='ocrx_word' id='word_1_271' title='bbox 1104 2887 1286 2926; x_wconf 80' lang='grc' dir='ltr'><strong><em>καλεῖται.</em></strong></span> <span class='ocrx_word' id='word_1_272' title='bbox 1322 2883 1388 2926; x_wconf 77' lang='grc' dir='ltr'><strong><em>καὶ</em></strong></span> <span class='ocrx_word' id='word_1_273' title='bbox 1420 2879 1600 2934; x_wconf 75' lang='grc' dir='ltr'><strong><em>’Λλκαῖός</em></strong></span> <span class='ocrx_word' id='word_1_274' title='bbox 1635 2881 1713 2940; x_wconf 77' lang='lat' dir='ltr'><strong>(ita</strong></span> 
     </span>
    </p>
   </div>
   <div class='ocr_carea' id='block_1_17' title="bbox 1724 2467 1794 2498">
    <p class='ocr_par' dir='ltr' id='par_1_17' title="bbox 1724 2467 1794 2498">
     <span class='ocr_line' id='line_1_37' title="bbox 1724 2467 1794 2498; baseline 0 0"><span class='ocrx_word' id='word_1_275' title='bbox 1724 2467 1794 2498; x_wconf 78' lang='lat'><strong><em>960</em></strong></span> 
     </span>
    </p>
   </div>
  </div>
 </body>
</html>
