1864 3126
773 138 1062 176 -SIMONmEs,
1602 135 1691 179 439

365 256 484 307 Σῆμα
519 249 734 308 Θεόγνιδος
766 251 843 305 εἰμὶ
873 250 1093 302 Σινωπέος,
1126 244 1156 309 ᾧ
1189 248 1229 304 μ’
1265 250 1460 305 ἐπέθηκεν

435 321 614 367 Γλαῦκος
645 317 835 371 ἕταιρείης
864 314 950 358 ἀντὶ
982 317 1255 371 πολυχρονίου.

151 428 217 468 vel
248 428 477 469 donaticum
512 428 613 468 158:

282 542 393 599 Κρὴς
413 542 568 586 ’Ἄλκων
600 541 783 598 Διδύμου
817 545 953 600 Φοίβῳ
986 543 1128 597 στέφος
1149 541 1296 597 Ἴσθμι’
1333 541 1432 586 ἕλών
1462 540 1553 593 πύξ.

147 666 282 719 Atque
331 666 428 706 haec
473 679 562 706 cum
606 666 688 705 sint
731 668 772 705 et
812 666 927 705 exilia
971 668 1012 705 et
1062 666 1105 705 in
1150 665 1414 716 Anthologia,
1466 665 1578 704 cuius
1623 677 1689 704 vs-

147 732 259 773 cillat
289 732 526 782 auctoritas,
565 731 733 780 tradita,
773 731 977 771 Simonide
1008 730 1187 782 principe
1218 732 1428 781 poetarum
1471 730 1535 769 vix
1567 730 1691 781 digna

146 798 346 839 videntur.
408 798 562 838 Rursus
594 798 627 837 si
669 797 774 848 quod
811 797 984 847 amplius
1022 798 1085 837 est
1123 809 1284 836 carmen
1329 809 1374 835 ac
1419 796 1549 835 nitore
1587 808 1690 835 com-

145 864 382 913 mendabile,
413 863 629 915 suspicioni
655 866 718 902 est
755 863 980 911 obnoxium,
1006 862 1193 914 quoniam
1225 861 1415 901 abhorret
1446 875 1471 900 a
1503 861 1689 912 simplici-

146 933 243 979 tate,
273 942 395 981 quam
427 930 560 970 omnia
591 928 757 979 antiqua
789 929 1081 979 epigrammata
1117 928 1159 967 in
1196 927 1397 978 lapidibus
1435 927 1555 966 obvia
1592 940 1688 978 prae

146 1009 189 1036 se
220 996 364 1036 ferunt.

266 1061 456 1108 Quamvis
488 1055 728 1112 στηλοκόπαι
753 1061 882 1100 nostri
906 1059 1080 1111 plurima.
1111 1059 1446 1110 investigaverint
1470 1058 1683 1108 poematia,

145 1128 281 1167 tamen
312 1139 461 1177 eorum,
492 1139 595 1178 quae
627 1127 678 1165 ad
709 1125 922 1165 Simonidis
954 1125 1158 1165 saeculum
1190 1126 1255 1166 vel
1288 1125 1481 1165 ulteriora
1507 1126 1688 1174 tempora

145 1192 228 1232 sint
269 1193 495 1242 referenda,
538 1192 706 1243 exiguus
739 1195 801 1231 est
841 1204 1050 1231 numerus:
1091 1193 1213 1241 atque
1255 1191 1352 1230 haec
1395 1189 1558 1241 quidem
1601 1189 1685 1228 fere

146 1258 279 1297 omnia
308 1258 495 1310 privatis,
526 1270 606 1297 non
643 1256 814 1308 publicis
852 1256 1121 1297 monumentis
1159 1257 1286 1296 incisa
1322 1269 1403 1296 non
1439 1257 1576 1306 poeta,
1615 1254 1686 1294 sed

148 1323 395 1364 versificator
427 1337 529 1364 unus
570 1324 619 1363 de
655 1322 794 1362 multis
832 1322 1071 1373 composuit:
1109 1323 1368 1362 manifestum
1405 1322 1532 1373 igitur
1570 1334 1684 1360 secus

145 1389 332 1440 iudicare,
364 1390 434 1441 qui
465 1376 684 1429 haec‘cum
710 1388 946 1429 Simonideis
978 1389 1174 1439 poematis
1206 1390 1428 1438 componat,
1455 1387 1568 1426 velut
1594 1385 1686 1426 Kai-

148 1454 254 1495 belio
286 1456 420 1496 omnia.
451 1456 546 1494 sunt
578 1455 782 1505 suspecta,
816 1466 918 1505 quae
950 1468 1142 1506 quorsum
1174 1454 1357 1505 spectent
1387 1452 1465 1491 nisi
1495 1452 1684 1491 lemmate

145 1520 282 1561 addito
315 1521 490 1572 intelligi
520 1533 602 1560 non
632 1520 770 1570 possit.
831 1520 957 1570 Atqui
988 1519 1029 1559 id
1060 1519 1193 1570 ipsum
1218 1518 1363 1558 indicio
1390 1519 1464 1566 est,
1490 1530 1571 1556 non
1595 1530 1683 1556 esse

143 1586 299 1626 novicia
330 1587 394 1626 vel
426 1586 732 1626 demonstrativi
763 1584 939 1636 generis,
971 1585 1041 1624 sed
1067 1585 1162 1624 olim
1189 1584 1382 1634 inscripta.
1413 1584 1682 1630 monumento,

143 1652 185 1691 in
215 1665 293 1702 quo
325 1652 365 1691 id
396 1653 502 1703 quod
533 1651 807 1692 desideramus
840 1649 1084 1690 extrinsecus
1116 1650 1195 1689 fuit
1226 1649 1418 1689 additum.

263 1718 544 1770 Antiquissimi
575 1717 685 1757 tituli
717 1716 934 1767 perbreves
973 1717 1068 1755 sunt
1103 1728 1232 1766 neque
1270 1714 1447 1754 numeris
1487 1714 1683 1765 adstricti,

145 1783 335 1823 donativa
366 1783 518 1834 pariter
550 1786 671 1833 atque
703 1781 910 1833 epitaphia
941 1782 1043 1820 nihil
1067 1782 1152 1821 fere
1178 1781 1256 1820 nisi
1281 1780 1442 1820 nomina
1473 1780 1682 1819 exhibent:

144 1861 218 1888 nec
242 1849 373 1888 minus
400 1850 509 1900 parci
534 1849 751 1888 verborum
775 1847 952 1896 fuerunt,
971 1847 1040 1898 qui
1059 1847 1179 1898 primi
1197 1846 1379 1886 fecerunt
1398 1857 1550 1895 versus,
1572 1845 1684 1885 velut

433 1953 559 2010 Αἰνέᾳ
592 1951 679 1996 τόδε
711 1957 817 2008 σῆμα

433 2022 627 2074 Τιμοκλῆς
658 2018 829 2073 ἐπέθηκε
838 2015 880 2074 *)

144 2088 210 2128 vel

429 2148 560 2192 Βάστα
591 2147 730 2204 Κόρας
760 2147 913 2204 Σάμιος

418 2213 526 2271 “Ηρῃ
557 2212 669 2269 τήνδ’
705 2210 980 2271 ἆνέθηκεν**)

144 2284 210 2323 vel

431 2346 570 2403 Λυσέᾳ
600 2344 747 2388 ἐνθάδε
778 2351 883 2401 σῆμα
913 2345 1040 2401 πατὴρ
1072 2345 1224 2401 Σήμων
1255 2346 1461 2399 ἐπέθηκεν.

264 2523 299 2569 *)
325 2521 458 2558 Kaibel
492 2520 618 2568 Epigr.
651 2521 712 2557 Gr.
749 2525 792 2556 14
835 2521 961 2557 nescio
997 2532 1069 2567 quo
1108 2532 1231 2557 errore
1265 2522 1396 2566 captus
1428 2519 1520 2555 dicit
1552 2529 1611 2555 me
1641 2519 1680 2554 in

146 2573 404 2608 hexametrum
431 2569 563 2605 Rossio
590 2570 741 2605 auctore
768 2568 967 2614 redegisse,
993 2568 1057 2614 qui
1082 2568 1179 2604 Hist.
1202 2568 1274 2604 litt.
1296 2568 1358 2604 Gr.
1387 2567 1400 2602 1
1427 2571 1496 2602 385
1530 2566 1678 2612 scripsi:

146 2619 247 2664 „Aur
276 2619 398 2654 ciuem
430 2617 648 2660 Grabmale,
681 2616 863 2652 ebensalls
896 2615 956 2652 bei
981 2616 1142 2658 Eleusis,
1176 2616 1298 2650 finden
1334 2614 1412 2650 sich
1446 2614 1537 2650 zwei
1568 2615 1677 2651 kurze

146 2665 413 2749 logaoediszlzlhtz
424 2665 577 2710 Reihen,
604 2664 663 2700 die
685 2676 770 2699 man
794 2663 1008 2709 vergeblich
1026 2663 1065 2699 in
1085 2663 1193 2698 einen
1214 2663 1437 2698 Hexameter
1457 2674 1501 2697 zu
1522 2662 1679 2708 bringen

145 2715 322 2751 versucht
373 2725 396 2749 a
416 2715 450 2748 .“

240 2808 296 2853 **)
322 2808 495 2844 Servavit
526 2806 753 2853 Hesychius,
786 2805 850 2842 ubi
867 2801 962 2853 Ἥρῃ
987 2802 1099 2851 τήνδε
1126 2802 1253 2851 θήρην
1286 2802 1346 2840 ἄν.
1379 2804 1536 2851 legitur,
1562 2806 1678 2841 mani-

145 2856 280 2892 festam
305 2855 637 2910 interpolationem
672 2851 784 2900 τήνδε
803 2850 922 2900 Ἥρην
955 2853 1066 2898 (unde
1091 2853 1309 2890 mendosum
1335 2849 1463 2899 θήρην
1489 2852 1677 2901 provenit)

144 2914 351 2950 segregaw.
