1864 3126
834 133 1036 171 SAPPHO.
1117 158 1123 163 ·
1613 131 1696 176 139

796 243 891 288 168.
925 244 1065 298 [113]

282 330 416 382 Etym.
449 330 501 370 M.
536 331 633 381 759,
665 331 740 370 35:
776 329 830 370 ΟΣ
863 327 995 383 μέντοι
1031 329 1190 379 Αἰολεῖς
1226 340 1342 382 φασι·
1383 330 1572 371 Τίοισιν
1609 325 1697 382 ὄφ-

162 390 439 448 θᾶλμοισιν,
470 390 524 444 ὦς
546 390 655 447 παρὰ
680 397 857 447 Σαπφοῖ.
908 394 968 436 Cf.
994 394 1187 436 Choerob.
1215 397 1342 448 Epim.
1368 397 1387 436 1
1419 398 1501 437 184
1527 399 1569 437 et
1597 398 1695 446 185,

164 460 207 501 in
238 460 385 501 Psalm.
420 462 474 502 65
508 464 548 502 et
572 461 758 512 Apollon.
786 461 835 500 de
861 460 971 512 Synt.
996 473 1033 511 p.
1063 462 1155 502 106.
1222 461 1438 501 Praeterea
1470 461 1695 513 Hesychius
1709 459 1778 493 924

162 526 329 579 praebet
358 521 541 578 ὁτίοισιν,
579 522 638 576 οἷς
667 538 787 578 τισιν,
824 526 929 577 quod
959 525 1057 565 item
1089 538 1136 564 ex
1169 525 1331 566 Aeolico
1362 528 1482 577 poeta
1512 527 1694 578 petitum.

161 591 225 631 Ad
267 591 368 632 hanc
403 593 648 643 pronominis
686 593 856 632 formam
894 591 1127 632 referendae
1168 595 1262 632 sunt
1299 592 1521 643 particulae
1556 592 1617 645 τίη
1656 595 1697 633 et

0 647 6 682 ἱ
161 652 264 710 ὅτιη,
302 648 472 709 vquarum
503 659 619 711 origo
650 661 735 699 tam
765 658 950 709 antiquos
983 670 1101 709 quam
1133 661 1291 698 nostros
1322 659 1607 708 grammaticos
1639 659 1695 698 la·

162 723 260 763 tuit:
291 726 333 764 et
362 726 520 764 veteres
552 725 712 776 quidem
749 723 934 775 magistri
969 723 1008 764 τί
1034 719 1061 776 ἥ
1092 725 1133 763 et
1163 719 1222 764 ὅτι
1252 719 1282 775 ἤ
1319 723 1479 765 divisim
1518 724 1693 764 scriben-

162 788 258 828 dum
283 802 371 830 esse
395 789 656 842 praecipiunt,
677 789 1011 842 quemadmodum
1035 786 1118 829 ἐπεὶ
1143 781 1168 841 ἦ
1200 801 1273 840 pro
1305 785 1416 840 ἑπειή
1442 787 1540 839 (vid.
1566 789 1693 829 Lehrs

161 856 314 904 quaest.
346 867 406 905 ep.
441 856 494 894 62
517 849 635 908 seq.),
678 854 753 893 hoc
796 854 956 905 quidem
998 854 1103 906 iure,
1147 867 1386 906 quamquam
1433 867 1503 894 cur
1547 852 1630 894 ἐπεὶ
1667 847 1693 906 ἦ

161 919 413 959 scribendum
446 921 510 971 sit,
540 919 702 959 Bekker
733 920 895 959 demum
926 920 1072 970 docuit,
1105 920 1175 960 sed
1205 919 1326 959 iidem
1357 919 1530 970 pessime
1559 919 1621 971 τίη
1654 922 1695 959 et

159 979 246 1037 ὅτιή
281 984 490 1037 dirimunt,
526 998 656 1036 neque
693 985 898 1025 sollentius
937 985 1099 1036 Trypho
1137 985 1188 1024 ab
1225 985 1288 1024 his
1327 984 1566 1024 dissentiens
1603 996 1693 1035 par-

161 1062 322 1102 agogen
340 1063 428 1091 esse
454 1050 565 1102 dixit,
584 1051 919 1101 quemadmodum
944 1051 1088 1104 λεγοίη,
1115 1046 1242 1103 ἕγῶνη
1263 1050 1343 1090 alia
1363 1049 1559 1090 dicantur.
1592 1049 1693 1089 Cum

161 1115 306 1156 Aeoles
341 1117 460 1156 TIAI
485 1118 528 1157 et
561 1116 720 1166 OTIAI
746 1116 936 1168 dicerent,
966 1116 1084 1156 Iones
1115 1116 1176 1168 τίη
1203 1118 1245 1156 et
1269 1111 1354 1168 ὅτιη
1380 1117 1692 1166 usurpaverunt,

161 1179 288 1221 Attici
329 1181 505 1222 Ionicam
547 1182 718 1239 formam
762 1183 1035 1234 retinuerunt,
1077 1184 1284 1222 accentum
1327 1182 1588 1221 immutantes
1630 1177 1694 1233 τιή

161 1250 202 1286 et
231 1241 327 1300 ὁτιή.

882 1340 978 1383 169.

279 1425 403 1466 Orion
436 1428 509 1476 28,
552 1428 625 1467 15:
657 1422 725 1475 Ὡς
761 1422 874 1478 παρὰ
905 1428 1078 1478 Σαπφοῖ
1108 1422 1258 1479 χελώνη
1295 1421 1479 1479 χελύνη.
1517 1439 1593 1468 scr.
1624 1442 1693 1480 χε·
1744 1472 1747 1475 ,

159 1486 276 1530 λύνα
316 1493 381 1531 vel
421 1493 554 1543 potius
592 1490 784 1545 χέλυνα,
821 1505 914 1532 nam
953 1493 1233 1543 Theognostus
1271 1491 1402 1532 Oram.
1440 1492 1515 1531 An.
1549 1492 1618 1532 Ox.
1651 1493 1692 1532 ΙΙ

163 1558 243 1595 101
278 1558 481 1607 componit
511 1570 602 1597 cum
632 1554 780 1609 ἄμυνα,
800 1554 981 1610 Ἕρκυνα
1013 1557 1222 1598 similibus.
1273 1557 1380 1597 Usus
1413 1560 1476 1596 est
1506 1557 1580 1597 hac
1612 1559 1692 1597 for-

100 1644 106 1662 ·
158 1634 225 1660 ma
255 1621 428 1662 Babrius
463 1624 558 1673 115,
590 1624 635 1662 4:
672 1619 799 1664 πόσον
829 1621 972 1676 χέλυνα
1004 1619 1107 1676 (cod.
1139 1621 1330 1676 χέλυμνα,
1367 1622 1599 1662 Lachmann
1629 1621 1690 1675 χέ-

158 1681 302 1739 λυννα)
334 1683 482 1739 μισθὸν
512 1687 626 1744 αἰετῷ
657 1684 796 1736 δώσεις
827 1691 868 1728 et
898 1688 987 1740 syll.
1019 1688 1061 1727 II
1094 1689 1160 1737 68,
1190 1691 1234 1728 7:
1265 1683 1394 1740 χέλυν’
1429 1683 1691 1740 ἐπηρώτησεν.

158 1752 278 1803 Apud
317 1752 599 1804 Empedoclem
630 1768 667 1794 v.
701 1756 785 1794 222
819 1755 880 1794 ed.
910 1754 1085 1794 Karsten
1116 1755 1287 1794 fortasse
1325 1754 1580 1794 scribendum
1611 1752 1691 1794 Καὶ

157 1813 238 1870 μὴν
269 1814 454 1871 κηρύκων
479 1833 517 1859 τε
547 1819 788 1872 λιθορρίνων
818 1834 857 1860 τε
888 1821 1066 1872 χελυνῶ
1078 1835 1109 1860 ν.
1156 1833 1249 1859 nam
1275 1820 1484 1860 Plutarchi
1508 1821 1602 1860 libri
1633 1835 1691 1873 χε-

156 1878 264 1923 λύων
293 1884 359 1924 vel
388 1886 570 1936 χελωνῶν
599 1885 799 1926 exhibent.

791 2002 887 2045 170.
920 2002 1056 2055 [1004

277 2092 417 2132 Pollux
448 2093 506 2132 VI
539 2095 612 2133 98:
651 2089 919 2146 Μεσόμφαλοι
957 2091 1000 2134 δὲ
1040 2090 1212 2145 φιάλαι
1249 2092 1316 2133 καὶ
1352 2090 1688 2146 βαλανειόμφαλοι

156 2151 198 2196 τὸ
229 2158 358 2209 σχῆμα
387 2159 656 2212 προσηγορίαν
687 2157 863 2212 ἔχουσιν,
903 2155 1176 2212 χρυσόμφαλοι
1213 2157 1256 2199 δὲ
1292 2155 1365 2212 τὴν
1402 2156 1521 2211 ὕλην,
1563 2155 1616 2207 ὥς
1646 2159 1692 2199 αἱ

158 2223 357 2272 Σαπφοῦς
387 2223 806 2278 χρυσαστράγαλοι.

276 2364 478 2415 Sapphoni
510 2367 604 2406 olim
637 2368 831 2418 adscripsi
870 2367 976 2419 quod
1007 2368 1227 2407 Pausanias
1260 2367 1277 2406 1
1312 2370 1379 2419 29,
1413 2370 1437 2407 2
1471 2369 1686 2407 memoriae

158 2429 348 2480 prodidit:
381 2432 571 2471 Κατιοῦσι
603 2427 639 2470 δ’
675 2430 714 2480 ἐς
746 2426 871 2484 αὐτὴν
903 2428 1207 2486 (Ἀκαδήμειαν)
1238 2429 1444 2485 περίβολός
1469 2432 1572 2473 ἐστιν
1598 2430 1685 2485 Ἀρ-

155 2491 310 2546 τέμιδος
341 2493 406 2534 καὶ
437 2489 561 2542 ξόανα
587 2491 763 2548 Ἀρίστης
792 2495 859 2536 καὶ
889 2499 1123 2550 Καλλίστης,
1165 2494 1218 2546 ὡς
1255 2496 1327 2550 μὲν
1363 2494 1438 2551 ἐγὼ
1477 2499 1582 2539 δοκῶ
1619 2498 1684 2539 καὶ

0 2576 5 2618 1
157 2553 342 2612 ὁμολογεῖ
365 2556 412 2599 τὰ
443 2559 517 2612 ἔπη
542 2554 589 2600 τὰ
615 2563 827 2612 Σαπφοῦς,
851 2564 920 2614 τῆς
939 2558 1162 2614 Ἀρτέμιδός
1187 2563 1286 2603 εἰσιν
1310 2560 1528 2615 ἐπικλήσεις
1552 2556 1684 2604 αὗται·

0 2624 2 2632 ‘
156 2619 366 2676 λεγόμενον
397 2622 440 2665 δὲ
470 2624 534 2665 καὶ
567 2623 686 2666 ἄλλον
723 2625 762 2674 ἐς
802 2622 922 2675 αὖτᾶς
959 2624 1078 2681 λόγον
1116 2625 1230 2676 εἰδὼς
1267 2625 1550 2682 ὑπερβήσομαι.
1588 2631 1683 2681 quin

156 2702 253 2728 usus
290 2702 381 2728 sum
418 2691 492 2731 hoc
528 2691 757 2731 testimonio
795 2692 845 2731 ad
883 2693 1175 2733 restituendum
1215 2694 1463 2744 epigramma
1500 2694 1683 2746 Sapphus

156 2754 203 2794 fr.
247 2757 328 2794 118
367 2769 404 2796 v.
437 2757 479 2805 3,
520 2757 591 2796 ubi
631 2756 814 2811 Αἰθοπίᾳ
853 2770 900 2808 με
942 2753 1041 2812 κόρᾳ
1081 2760 1240 2806 Λατοῦς
1279 2754 1477 2811 ἀνέθηκεν
1520 2755 1684 2815 ἀρίστα

150 2814 300 2871 Ἑρμώ
348 2821 572 2877 καλλίστᾳ
622 2822 770 2873 partim
814 2822 943 2862 Nouio
987 2826 1204 2873 praeeunte
1249 2824 1401 2875 scripsi.
1472 2826 1530 2865 At
1576 2829 1684 2867 recte

160 2884 326 2936 Hecker,
358 2886 421 2926 cui
452 2887 573 2927 etiam
605 2887 792 2928 Welcker
824 2889 991 2941 Mythol.
1027 2890 1137 2929 1581
1172 2901 1359 2931 assensus
1391 2892 1471 2943 est,
1510 2891 1552 2931 in
1581 2891 1683 2931 Pau-
