1864 3126
203 132 289 175 300
504 157 505 161 =
769 133 961 170 POETAE
986 134 1162 172 MELIOI.

870 254 909 297 4.
944 256 1049 309 [18.]
1633 270 1723 303 1049

202 337 332 371 ΑΛΛΟ
357 337 449 371 ΕΙΣ
475 337 541 371 ΤΟ
565 337 700 372 AYTO
725 337 1001 372 HOTHPION
1029 339 1131 373 ΤΟΥ
1147 339 1317 374 ΑΥΤΟΥ
1333 340 1723 378 ΑΝΑΚΡΕΟΝΤΟΣ.

273 419 550 476 Καλλιτέχνα
579 419 798 477 τόρευσον
1054 419 1232 478 Βάκχον
1264 419 1406 465 Εἴϊον
1437 419 1563 483 ἡμῖν·

273 493 402 547 ἔαρος
432 489 652 534 κύπελλον
683 488 791 547 ἡμῖν
1053 489 1208 547 μύστις
1238 491 1434 549 νάματος
1464 490 1491 550 ἡ
1523 492 1699 552 Κύπρις

272 559 325 604 τὰ
356 559 509 618 πρῶτ”
529 560 615 619 ἤδη
647 560 700 606 τὰ
731 561 897 619 τερπνά
1053 559 1293 618 ὑμεναίους
1323 565 1556 622 κροτοῦσα.

274 631 388 689 ῥόδα
420 633 636 691 φέρουσιν
661 626 808 690 Ὧραι·
1052 632 1238 691 χάρασσ’
1257 633 1454 693 ’Ἑρωτας
1478 633 1701 689 ἀνόπλους

226 716 245 747 5
273 701 390 762 (τὸν)
416 702 616 762 ἄργυρον
643 704 682 748 δ’
713 702 918 757 ἁπλῶσας
985 715 1027 747 15
1053 703 1127 747 καὶ
1158 704 1351 764 Χάριτας
1381 705 1577 763 γελώσας

271 779 388 819 ποίει
418 774 558 820 πότον
589 793 665 832 μοι
696 774 906 834 τερπνόν·
1052 773 1126 819 ὑπ’
1162 774 1359 833 ἄμπελον
1391 775 1646 835 εὐπέταλον,

270 844 330 902 μὴ
361 849 569 903 τελετῶν,
599 849 819 905 παραινῶ,
1052 841 1102 890 εὖ
1133 845 1347 905 βότρυσιν
1377 851 1604 906 κομῶσαν·

270 916 331 974 μὴ
365 917 493 970 ξένον
524 935 600 975 μοι
631 918 858 977 τορεύσῃς,
1052 916 1246 962 σύναπτε
1300 918 1493 978 κούρους
1541 918 1694 980 εὐπρε-

266 987 325 1045 μὴ
358 988 551 1045 φευκτὸν
584 989 817 1048 ἱστόρημα·
1405 999 1517 1044 πεῖς·

201 1073 243 1104 10
269 1062 439 1117 μᾶλον
470 1065 586 1105 ποίει
619 1059 731 1113 Διὸς
760 1059 900 1118 γόνον
1052 1057 1159 1117 ἡμῖν
1194 1064 1360 1118 Φοῖβος
1390 1059 1571 1121 ἀθύροι.

198 1191 301 1226 Haec
333 1191 459 1226 autem
485 1190 610 1227 omnia
638 1191 810 1236 quamvis
834 1192 974 1227 temere
1000 1191 1039 1226 in
1065 1191 1190 1227 codice
1217 1192 1293 1227 Pal.
1321 1191 1519 1228 coniuncta
1543 1193 1722 1232 videmus.

200 1238 281 1274 Hoc
307 1239 477 1292 exemplo
505 1238 594 1274 satis
621 1239 828 1292 edocemur,
854 1238 975 1283 qualis
995 1238 1044 1275 sit
1069 1237 1238 1275 condicio
1258 1238 1485 1284 reliquorum
1506 1241 1720 1278 carminum.

196 1286 366 1331 Apparet
389 1285 516 1331 igitur,
542 1296 615 1330 quo
640 1284 719 1321 iure
745 1267 941 1321 Melilhorn
972 1286 1064 1322 haec
1094 1285 1134 1321 in
1163 1287 1288 1322 ternas
1321 1286 1516 1331 quinorum
1549 1299 1723 1324 versuum

203 1333 375 1387 strophas
401 1333 604 1378 redegerit,
637 1344 700 1368 sex
726 1333 893 1369 versibus
919 1333 1136 1387 segregatis.
1171 1354 1213 1359 —
1249 1334 1393 1370 Pariter
1417 1346 1447 1370 c.
1476 1339 1494 1370 7
1520 1335 1722 1382 interpola-

198 1381 310 1416 tionis
334 1380 566 1416 incrementa
590 1380 829 1416 testificatur:
855 1391 942 1416 nam
966 1381 1003 1416 in
1030 1381 1142 1416 Anth.
1168 1381 1208 1416 P.
1227 1380 1278 1416 XI
1297 1384 1341 1417 47
1369 1381 1534 1418 versibus
1561 1386 1604 1418 10
1629 1394 1720 1428 poe-

197 1428 303 1464 matii
329 1429 590 1474 argumentum
615 1428 809 1464 commode
835 1428 1052 1483 absolvitur,
1071 1428 1110 1463 in
1115 1428 1272 1482 sylloge
1291 1431 1442 1474 praeter
1460 1430 1723 1466 necessitatem

198 1476 350 1511 auctum
369 1476 427 1511 est
445 1475 614 1512 versibus
635 1479 666 1511 5.
706 1476 834 1521 Neque
849 1475 983 1511 mirum
998 1475 1122 1511 hanc
1111 1476 1294 1522 insignem
1315 1476 1572 1513 diversitatem
1591 1478 1722 1514 eodem

197 1523 293 1558 libro
319 1522 495 1559 Palatino
522 1534 600 1559 esse
633 1522 827 1559 traditam:
862 1523 1006 1559 scilicet
1031 1534 1060 1559 c.
1088 1527 1108 1558 3
1135 1525 1174 1559 et
1201 1527 1219 1558 7
1246 1523 1285 1558 in
1308 1519 1422 1559 Anth.
1448 1524 1498 1560 XI
1524 1529 1580 1560 47.
1606 1529 1652 1561 48
1678 1537 1724 1562 ex

196 1569 404 1615 antiquiore
430 1570 556 1616 aliquo
581 1570 783 1616 Florilegio
808 1572 960 1616 recepta
985 1572 1082 1614 sunt,
1108 1570 1250 1616 sylloge
1270 1582 1356 1606 vero
1383 1572 1724 1608 Anaereonteorum

199 1618 513 1663 quemadmodum
550 1618 753 1664 posteriore
790 1619 958 1664 tempore
998 1598 1186 1653 ferebatur
1221 1618 1572 1663 interpolationibus
1609 1622 1720 1656 aucta

198 1664 451 1711 Anthologiae
477 1667 535 1701 est
565 1665 715 1701 inserta.
766 1666 846 1701 Hoc
878 1665 992 1711 igitur
1022 1665 1160 1701 indicio
1192 1667 1250 1701 est
1288 1665 1363 1701 iam
1391 1666 1624 1703 Constantini
1655 1667 1722 1704 Ce-

196 1713 333 1759 phalae
360 1713 509 1749 saeculo
541 1712 870 1759 interpolationem
895 1711 935 1747 in
966 1713 1233 1748 Anacreonteis
1265 1713 1487 1759 refingendis
1511 1716 1589 1750 tam
1614 1714 1722 1751 foede

197 1762 404 1805 grassatam
430 1772 525 1805 esse,
551 1763 593 1796 ut
618 1760 710 1795 nihil
737 1772 850 1806 supra
874 1760 1010 1806 possit,
1043 1761 1226 1805 siquidem
1252 1759 1435 1806 Cephalas
1461 1762 1553 1797 haec
1577 1762 1721 1798 Antho-

196 1807 321 1853 logiae
352 1807 527 1850 inseruit,
563 1808 620 1843 sin
651 1809 782 1853 postea
813 1808 860 1844 ab
892 1807 966 1843 alio
993 1807 1123 1843 addita
1148 1818 1224 1842 esse
1251 1809 1407 1852 statuas,
1440 1808 1488 1844 ad
1513 1808 1722 1854 proximum

199 1855 388 1890 saeculum
426 1855 477 1889 XI
516 1855 731 1901 deferimur,
776 1855 835 1890 cui
872 1855 1091 1891 adscribitur
1125 1855 1241 1891 codex
1277 1855 1485 1891 Palatinus.
1525 1867 1612 1892 nam
1648 1868 1722 1893 non

197 1902 318 1938 solum
342 1902 465 1947 index,
490 1902 529 1937 in
549 1913 621 1948 quo
642 1903 982 1954 Anacreonteorum
1001 1902 1044 1937 fit
1062 1902 1213 1946 mentio,
1239 1913 1262 1937 a
1279 1902 1401 1948 prima
1418 1914 1530 1938 manu
1551 1903 1722 1949 scriptus,

198 1949 263 1984 sed
287 1948 402 1985 etiam
428 1960 472 1984 ea
496 1961 583 1995 pars
610 1949 759 1995 codicis,
785 1948 881 1995 quae
907 1950 1166 1985 Anacreontea
1192 1929 1353 1994 exhibet,
1378 1949 1426 1985 ab
1452 1949 1583 1986 eadem
1608 1962 1720 1987 manu

195 1996 312 2032 fertur
337 1996 508 2032 confecta
534 2007 625 2032 esse.

291 2047 325 2080 4.
365 2043 453 2079 Cod.
479 2043 586 2079 addit
610 2044 677 2080 τοῦ
697 2041 815 2079 αὐτοῦ
837 2040 1109 2090 Ἀνακρέοντος,
1130 2044 1230 2088 quod
1248 2043 1361 2089 vulgo
1380 2043 1496 2080 deest.
1523 2044 1722 2081 Mchlhorn

196 2091 304 2128 binos
339 2090 541 2127 versiculos
572 2091 781 2137 coniungit,
819 2093 861 2127 ut
898 2091 974 2127 sint
1009 2090 1218 2127 tetrametri
1247 2090 1411 2136 politici,
1447 2091 1606 2136 ideoque
1638 2105 1672 2128 v.
1698 2097 1720 2128 9

197 2139 437 2174 subditicium
461 2141 587 2175 censet
613 2141 650 2174 et
673 2139 750 2177 alia
774 2150 920 2184 quoque
945 2139 1123 2182 mutavit,
1152 2137 1219 2174 alii
1244 2137 1358 2173 etiam
1383 2137 1559 2174 audacius
1583 2139 1623 2174 in
1648 2140 1719 2176 hoc

198 2186 450 2241 semibarbaro
482 2186 645 2222 carmine
677 2186 849 2244 grassati
869 2187 963 2223 sunt.
998 2207 1041 2212 -
1077 2185 1121 2221 V.
1150 2190 1182 2221 1.
1209 2184 1288 2221 cod.
1319 2184 1528 2242 καλητὲχνα
1556 2186 1723 2245 1καλλιπέ-

197 2247 285 2291 ἄνα,
310 2233 350 2269 111
359 2245 509 2288 marg„
539 2234 653 2280 vulgo
685 2230 779 2291 καλὴ
810 2231 933 2279 τέχνα.
960 2254 1004 2259 ———
1036 2233 1079 2269 V.
1107 2238 1139 2270 2.
1170 2230 1354 2269 κύπελλον
1385 2229 1491 2278 ἡμῖν·
1524 2230 1569 2269 τὰ
1601 2231 1720 2280 πρῶτ’

144 2278 148 2282 “
197 2278 271 2325 ήδη
298 2281 445 2338 scripsi,
485 2281 680 2338 legebatur
716 2279 900 2317 κύπελλον
940 2279 1030 2326 ἤδη·
1062 2277 1108 2316 τὰ
1140 2276 1257 2325 πρῶτ’
1291 2276 1398 2338 ἡμῖν,
1428 2280 1484 2316 ita
1513 2281 1611 2326 cod.,
1649 2293 1723 2318 non

198 2325 336 2373 πρῶθ’.
389 2309 598 2386 Stephanus
622 2326 805 2364 κύπελλον
831 2326 923 2374 ἡδύ,
949 2329 1046 2364 Rose
1072 2327 1242 2364 distinxit
1266 2325 1466 2363 κύπελλον·
1491 2325 1564 2374 ἤδη
1591 2309 1636 2364 τὰ
1661 2342 1721 2374 πρ.

200 2396 244 2401 -«
264 2375 307 2411 V.
329 2380 362 2412 4.
389 2375 571 2422 φέρουσιν
584 2370 692 2422 Ὧραι
717 2375 860 2422 scripsi,
886 2387 972 2411 nam
997 2375 1094 2412 veris
1120 2375 1357 2411 adventantis
1382 2374 1490 2420 signa
1515 2377 1620 2412 erant
1637 2387 1721 2422 pro-

197 2458 401 2515 ponenda,
422 2460 504 2494 tum
535 2459 684 2494 demum
716 2459 844 2515 poculi
876 2459 1075 2495 simulacra
1099 2458 1371 2515 describuntur,
1419 2457 1506 2494 eod.
1533 2436 1629 2504 ρόδα
1653 2457 1721 2504 φέ-

199 2516 338 2550 ρουσαν
361 2502 483 2563 ὥρην,
517 2527 560 2532 ——-
596 2505 639 2542 V.
668 2509 699 2542 5.
733 2503 827 2552 (τὸν)
859 2503 1023 2552 ἄργυρον
1049 2502 1650 2563 Barnes,cod.,oc9y15980v,sed
1681 2506 1720 2542 in

199 2564 315 2611 marg.
347 2566 543 2599 αργυρεων
575 2567 648 2599 μοι.
682 2574 725 2579 -
765 2554 808 2590 V.
837 2558 867 2590 7.
906 2554 1096 2598 παραινῶ,
1128 2553 1208 2590 cod.
1242 2549 1334 2597 παρ’
1368 2551 1479 2596 αἰνῶ,
1519 2552 1721 2589 Salmasius

200 2614 277 2659 παρ
315 2601 416 2648 οἴνῳ.
439 2621 483 2627 -
504 2601 547 2637 V.
569 2604 600 2636 8.
628 2598 678 2646 μὴ
704 2599 814 2644 ξένον
839 2614 918 2647 μοι,
944 2602 1027 2636 fort.
1047 2601 1243 2658 legendum
1271 2599 1380 2642 ξένον
1404 2600 1444 2634 τί
1463 2612 1537 2654 μοι.
1557 2620 1603 2625 -—
1621 2599 1664 2635 V.
1687 2605 1719 2636 9.

198 2645 398 2693 ἷστόρημα,
424 2649 503 2684 cod.
529 2660 583 2694 pr.
611 2645 807 2694 ἐστόρημα.
828 2669 872 2674 -
900 2648 944 2684 V.
966 2653 1020 2684 13.
1046 2645 1250 2694 ὑμεναιους
1273 2648 1380 2705 Rose,
1407 2646 1486 2682 cod.
1511 2643 1719 2692 ὑμεναίοις.

200 2716 241 2720 -
268 2695 453 2749 κροτοῦσα
480 2695 708 2752 Stephanus,
734 2695 813 2731 cod.
840 2696 1018 2741 κροτῶσα.
1043 2715 1090 2721 —-
1115 2695 1159 2730 V.
1189 2698 1243 2730 17.
1270 2688 1313 2730 εὖ
1339 2693 1513 2740 βότρυσιν
1538 2695 1715 2752 κομῶσαν

200 2741 340 2787 scripsi,
366 2742 562 2789 legebatur
587 2739 805 2799 εὖβότρυον,
830 2743 1016 2788 κομῶσαν.
1036 2763 1082 2769 ——
1101 2742 1144 2779 V.
1168 2746 1223 2778 18.
1249 2737 1465 2798 εὐπρεπεῖς,
1484 2741 1564 2778 cod.
1586 2754 1720 2787 ευπρε-

199 2802 279 2834 παι,
305 2801 416 2836 supra
439 2791 495 2835 ἧς.
518 2811 559 2816 -—
587 2791 631 2825 V.
655 2793 707 2825 19.
733 2786 823 2836 ἡμιν
848 2790 992 2836 scripsi,
1016 2790 1129 2836 vulgo
1158 2802 1206 2824 αν
1226 2786 1290 2835 μ’ὴ,
1316 2788 1395 2824 cod.
1415 2785 1464 2823 ἄν
1483 2801 1544 2834 μη,
1570 2788 1720 2825 Meden-

203 2879 333 2918 bach
316 2880 394 2929 α’μα
414 2881 472 2929 δή.
494 2905 537 2910 -
558 2880 702 2930 ἀθύροι
719 2883 917 2920 Mehlhorn
940 2884 1142 2931 praeeunte
1163 2882 1442 2928 Mcdenbachio,
1468 2882 1548 2919 cod.
1569 2850 1721 2929 ἀθύρεῖ.
