1864 3126
763 134 1038 173 SIMONIDES.
1577 136 1666 179 435

124 247 230 289 nidis
268 248 424 289 obitum
462 248 603 288 Cimon
644 251 685 289 et
721 249 901 300 collegae
940 250 980 288 in
1020 249 1252 288 memoriam
1292 245 1425 289 rerum
1463 249 1514 289 ad
1552 249 1665 301 Stry-

124 326 280 354 monem
331 327 521 366 prospere
569 315 775 365 gestarum
826 314 918 365 pilis
974 315 1282 365 inscripserunt:
1339 309 1571 367 ἡγεμόνεσσι
1621 312 1665 355 δὲ

123 373 273 431 μισθὸν
317 373 529 432 Ἀθηναῖοι
583 375 675 419 τάδ’
728 378 883 419 ἔδωκαν
944 372 1036 419 ἄντ’
1096 375 1318 433 εὐεργεσίης
1373 378 1439 420 καὶ
1495 376 1665 434 μεγάλης

122 437 279 497 ἀρετῆς·
333 441 480 497 μᾶλλόν
522 461 578 494 τις
627 441 723 485 τάδ’
772 441 871 484 ἰδών
917 442 980 484 καὶ
1026 443 1299 496 ἐπεσσομένων
1342 442 1519 498 ἐθελήσει
1561 441 1664 498 ἀμφὶ

121 508 210 562 περὶ
248 511 383 559 ξυνοῖς
418 507 617 565 πράγμασι
654 510 772 563 δῆριν
809 509 922 563 ἔχειν.
1003 510 1109 557 Quos
1148 510 1290 550 titulos
1335 511 1508 551 debebat
1545 511 1664 562 Iung-

123 576 249 628 hahn,
292 578 339 616 ut
376 576 417 616 id
454 576 559 628 quod
601 577 735 628 posuit
773 577 974 626 tueretur,
1014 575 1166 627 pariter
1201 576 1243 615 in
1280 576 1432 616 fraudis
1474 577 1666 628 suspicio-

121 653 214 682 nem
245 654 398 682 vocare.

243 718 320 758 Sed
353 720 473 759 certis
505 720 660 759 indiciis
693 720 844 759 convici
877 720 1031 759 nullam
1058 733 1145 759 esse
1178 732 1295 771 quam
1331 720 1542 771 Iunghahn
1570 722 1662 760 scri-

121 783 205 834 psit
234 785 383 836 legem:
416 799 495 825 non
527 786 704 825 novicius
741 789 804 825 est
836 786 900 824 hic
931 786 1176 835 pronominis
1217 778 1332 834 οὗτος
1369 799 1483 834 usus,
1520 789 1663 837 poetae

125 862 151 887 a
181 850 375 901 principio
408 852 504 891 haec
537 852 666 891 solent
697 852 871 891 variare:
912 851 1016 901 quod
1049 846 1118 891 ὅδε
1154 852 1281 892 multo
1319 852 1570 902 frequentius
1609 852 1662 891 le-

122 915 235 965 gitur
266 930 383 967 quam
423 910 555 966 οὗτος,
594 930 671 957 non
711 920 774 957 est
811 918 974 956 mirum:
1020 917 1169 956 etenim
1207 909 1320 964 οὗτος
1359 919 1401 957 et
1436 929 1539 968 quae
1572 917 1662 956 inde

123 980 323 1022 declinata
354 984 449 1021 suut
479 983 658 1022 trochaei
690 983 754 1022 vel
787 982 951 1032 spondei
986 983 1147 1022 modum
1179 983 1341 1032 explent
1378 984 1419 1021 et
1458 982 1662 1032 gravitate

125 1058 314 1087 numeros
346 1048 573 1099 retardant3
605 1049 650 1087 at
679 1042 788 1097 τόδε,
818 1047 935 1088 τοῦδε
964 1051 1202 1099 ceteraeque
1240 1048 1410 1099 formae,
1442 1060 1531 1101 curn
1564 1047 1661 1087 duo-

125 1124 212 1151 rum
246 1113 310 1152 vel
342 1113 462 1152 trium
497 1114 577 1153 siut
602 1115 842 1164 temporum,
863 1102 1039 1153 volubile
1059 1126 1105 1153 ac
1130 1113 1347 1152 rotundum
1375 1113 1548 1152 reddunt
1573 1126 1660 1153 ora·

119 1177 239 1232 tionis
270 1178 428 1218 flumen.
471 1178 621 1218 Comici
646 1180 805 1229 poetae,
840 1179 910 1230 qui
941 1179 1160 1219 communis
1194 1178 1303 1218 vitae
1329 1180 1659 1219 consuetudinem

122 1246 357 1295 sequuntur,
388 1244 520 1284 miuus
551 1244 626 1284 hoc
658 1247 812 1284 curant.
830 1257 876 1284 ac
908 1245 1166 1296 frequentant
1198 1235 1322 1291 οὗτος.

241 1320 347 1360 Usus
381 1324 444 1360 est
475 1321 707 1372 pronomine
740 1313 854 1368 οὗτος
881 1321 1090 1362 Anacreon
1115 1334 1176 1371 ep.
1207 1322 1303 1370 102,
1330 1320 1435 1371 quod
1469 1334 1540 1360 suo
1574 1321 1658 1361 loco

120 1397 144 1423 a
176 1386 419 1437 Iunghahuii
453 1388 494 1425 et
524 1386 698 1425 Kaibelii
730 1386 1072 1429 criminationibus
1115 1386 1327 1434 vindicavi,
1367 1387 1494 1437 igitur
1533 1386 1660 1425 Simo-

118 1449 251 1489 nidem
284 1463 441 1501 quoque
472 1451 532 1490 illi
564 1453 698 1490 aetate
729 1451 954 1501 proximum
985 1465 1064 1490 non
1095 1436 1214 1502 plass
1241 1451 1497 1491 abhorruisse
1529 1451 1580 1490 ab
1612 1464 1659 1490 eo

120 1516 314 1554 vocabulo
346 1516 564 1556 verisimile
596 1520 670 1567 est,
702 1517 805 1566 quod
839 1516 880 1554 in
913 1520 1106 1567 quattuor
1132 1517 1435 1567 epigrammatis
1464 1518 1532 1564 98,
1561 1518 1659 1564 129,

125 1581 219 1629 134,
255 1582 338 1620 135
366 1581 710 1632 deprehendimus,
738 1594 839 1631 quae
867 1583 1000 1621 omnia
1025 1596 1071 1622 eo
1097 1583 1256 1621 nomine
1282 1582 1535 1632 Iunghahnio
1563 1584 1658 1621 sunt

121 1642 372 1700 suspecta,*)
405 1649 452 1686 ut
483 1647 598 1686 obelo
630 1650 770 1685 notare
801 1659 880 1686 non
912 1647 1171 1687 dubitaverit.
1224 1648 1297 1698 Ep.
1328 1649 1381 1686 98
1415 1659 1658 1697 quamquam

118 1711 329 1762 antiquum
369 1712 544 1763 elogium
588 1714 628 1751 et
669 1725 729 1762 ep.
766 1713 847 1752 129
886 1713 1085 1753 novicium
1123 1712 1367 1763 poematium
1407 1712 1659 1762 segreganda

119 1788 277 1826 censeo,
328 1778 395 1817 sed
446 1778 536 1816 aliis
583 1790 676 1817 usus
728 1778 994 1829 argumentis3
1051 1780 1189 1819 contra
1238 1791 1300 1828 ep.
1348 1780 1429 1817 134
1481 1782 1522 1816 et
1574 1780 1656 1817 135

118 1845 282 1894 propter
329 1837 435 1882 ταῦτ’
488 1838 568 1883 ἀπὸ
618 1845 658 1882 et
707 1838 813 1882 ταῦτ’
859 1838 1007 1882 ἀνέθεν
1056 1844 1283 1893 haudquam
1327 1842 1519 1882 Simonidi
1564 1847 1660 1882 sunt

118 1907 362 1959 abroganda.

870 2025 909 2067 3.

240 2128 455 2180 Iunghahn
486 2141 576 2168 cum
607 2129 783 2179 antiquis
809 2129 938 2179 poetis
970 2127 1205 2180 pronomine
1231 2121 1346 2176 οὗτος
1370 2129 1657 2179 interdixisset,

120 2192 312 2233 Simonidi
356 2207 445 2233 cum
480 2194 571 2249 ⁴alia
615 2194 908 2244 epigrammata
951 2194 1213 2245 abiudicavit,
1258 2196 1343 2233 tum
1391 2196 1445 2233 98
1487 2198 1528 2233 et
1572 2195 1656 2233 134

120 2259 335 2309 utrumque
367 2258 587 2299 Corinthiis
619 2259 830 2309 scriptum3
869 2271 1058 2299 assensus
1096 2262 1159 2299 est
1189 2259 1333 2298 Kaibel
1366 2262 1407 2297 et
1443 2272 1515 2308 pro
1548 2259 1655 2298 virili

122 2325 236 2372 parte
269 2323 474 2364 inventum
506 2324 666 2363 firmare
693 2326 734 2363 et
758 2336 1035 2365 consummare
1061 2324 1229 2364 studuit.
1279 2323 1459 2363 Utuntur
1486 2327 1654 2373 utroque

120 2388 410 2439 epigrammate
443 2389 684 2428 Plutarchus
717 2390 759 2427 et
789 2389 865 2428 Dio
893 2389 1204 2441 chrysostomus
1232 2387 1530 2427 Corinthiorum
1563 2401 1654 2427 cau·

121 2466 206 2493 sam
238 2452 431 2493 adversus
465 2453 658 2493 Herodoti
690 2453 988 2495 criminationes
1021 2457 1199 2505 agentes.
1249 2454 1334 2492 Iam
1363 2467 1451 2493 cum
1479 2456 1519 2492 et
1546 2454 1655 2492 Plut-

120 2516 231 2558 archi
275 2519 422 2558 librum
465 2517 554 2570 περὶ
597 2518 837 2570 κακοηθείας
866 2513 1086 2572 Ἡροδότου
1125 2519 1167 2557 et
1204 2518 1343 2558 Dionis
1380 2513 1656 2569 Κορινθιακὸν

120 2584 248 2623 critici
282 2584 474 2623 evicerint
502 2584 812 2637 ψευδεπίγραφα
844 2585 1037 2635 opuscula
1075 2596 1173 2633 esse,
1199 2584 1351 2622 fraudis
1384 2583 1557 2633 suspicio
1590 2584 1655 2622 ad-

119 2649 261 2689 haeret
291 2650 412 2690 etiam
444 2650 506 2689 his
538 2650 692 2690 duobus
725 2650 1037 2701 epigrammatis,
1076 2661 1177 2699 quae
1215 2651 1426 2698 praeterea
1457 2660 1654 2698 nusquam

215 2846 248 2892 *)
276 2847 453 2891 Quintum
480 2847 538 2883 his
564 2838 736 2893 adiungit
768 2846 962 2892 qughahn
993 2857 1048 2892 ep.
1080 2847 1166 2889 184,
1198 2844 1297 2890 quod
1330 2856 1424 2881 uuus
1451 2844 1655 2881 Schneide-

126 2893 245 2929 winus
270 2895 367 2931 tueri
393 2895 547 2940 studuit,
573 2906 642 2941 ego
668 2894 857 2931 novicium
884 2904 1033 2930 carmen
1058 2892 1245 2929 Leonidae
1271 2891 1439 2930 attribui.

1297 2951 1370 2987 28*
