1864 3126
798 158 1014 197 ALCMAN.
1615 157 1670 199 75

133 271 188 313 de
218 270 307 312 adv.
340 271 465 311 Bekk.
498 271 574 311 An.
602 271 640 310 lI
668 272 773 311 57οε
805 268 871 310 καὶ
902 266 944 311 τὸ
977 266 1053 311 δᾶν
1084 266 1308 311 πλεονάσαν
1338 272 1391 327 τῷ
1423 273 1445 311 ὁ
1478 266 1551 310 οὐκ
1581 266 1669 310 ἄντ-

135 333 270 388 lauto,
302 338 371 377 ubi
401 351 491 378 oum
523 337 796 377 Schoemanno
827 331 929 376 δοὰν
960 335 1262 376 restituendum.

761 452 845 495 136
859 450 910 495 A.
945 452 1052 505 [94]

257 539 396 591 Steph.
428 541 540 592 Byz.:
569 532 807 591 Ἰσσηδόνες·
840 537 962 586 ἔθνος
992 534 1213 579 Σκυθικόν.
1239 570 1249 579 .
1270 534 1501 590 ..Ἀλκμὰν
1531 536 1574 579 δὲ
1605 535 1672 591 μό-

54 612 64 623 ’
123 605 206 655 ’νος
231 601 523 658 Ἐσσηδόνας
554 600 632 659 (sic
662 605 716 656 R,
743 600 978 652 Ἀσσεδόνας
1009 604 1062 653 Α,
1091 599 1301 652 Ἀσεδόνας
1334 601 1388 657 V)
1420 600 1566 653 αὐτοὺς
1596 619 1673 656 φη-

136 682 216 714 σιν·
248 667 462 726 εὑρίσκεται
493 668 537 711 δὲ
567 666 593 724 ἡ
626 668 788 723 δευτέρα
817 666 911 722 παρ’
947 666 1078 718 ἄλλοις
1110 665 1176 709 διὰ
1208 672 1277 710 τοῦ
1309 672 1340 709 ἒ.

828 786 911 829 136
932 786 980 828 Β.

257 876 322 916 Et„
354 875 458 915 Flor.
492 874 625 914 Miller
655 874 768 914 Mise.
802 874 904 913 136:
941 868 984 913 τὸ
1017 870 1060 913 δὲ
1098 869 1308 926 ζάτραφα
1350 870 1458 927 παρὰ
1485 870 1674 926 Ἀλκμᾶνι

137 938 391 983 κανονιστέον
420 935 519 981 κατὰ
549 934 823 992 μεταπλασμὸν
853 934 933 979 ἀπὸ
963 940 1034 980 τοῦ
1066 933 1276 991 ζάτροφον.

767 1037 1041 1109 137.[102]

258 1144 392 1195 Etym.
424 1144 475 1183 M.
509 1144 608 1192 420,
640 1144 713 1183 48:
741 1138 926 1194 ‘'116ng
957 1171 966 1182 .
986 1174 994 1183 .
1016 1174 1025 1183 .
1056 1138 1098 1183 τὸ
1131 1139 1174 1182 δὲ
1205 1138 1465 1195 ὑπερθετικὸν
1495 1137 1676 1195 ἡδομέ-

139 1220 307 1250 στατον
332 1205 504 1260 ’Λλκμοὶν
533 1207 627 1261 ἔφη,
658 1208 935 1249 Schneidewin
965 1203 1305 1260 ἆδυμέστατον.

775 1338 871 1381 138.
905 1338 1041 1391 [122]

259 1425 444 1464 Eusssath.
472 1423 545 1465 Od.
575 1427 700 1474 1892,
734 1426 808 1464 44;
829 1420 918 1464 ”Eu
950 1421 1091 1472 ἰστέον,
1122 1422 1187 1463 καὶ
1219 1420 1278 1464 ὅτι
1308 1420 1350 1464 τὸ
1386 1421 1593 1475 εἰρημένον
1623 1415 1676 1475 ἦν

141 1487 206 1530 ἐπὶ
235 1489 365 1542 τρίτου
396 1488 537 1551 ἑνικοῦ>
561 1486 777 1542 προσώπου
809 1485 830 1530 ὁ
858 1486 1029 1542 Ἀλκμὰν
1059 1483 1107 1542 ἦς
1138 1487 1251 1542 λέγει,
1279 1487 1582 1541 μετειλημμένου
1606 1491 1676 1530 τοῦ

141 1570 165 1594 ν
196 1554 250 1603 εἰς
280 1566 304 1594 σ
333 1555 523 1608 Δωρικῶς
554 1549 607 1603 ὥς
637 1549 659 1595 ὁ
683 1550 942 1607 εΗρακλείδης
972 1555 1257 1608 παραδίδωσιν.
1307 1555 1369 1596 Cf.
1398 1555 1540 1595 Favor.
1575 1555 1673 1595 234.

867 1683 963 1726 139.

260 1768 391 1809 Cram.
412 1767 486 1808 An.
507 1768 579 1808 Ox.
598 1769 618 1808 I
642 1770 736 1819 190,
759 1771 833 1810 20:
855 1765 952 1810 Ἠτὶ
978 1767 1022 1810 δὲ
1046 1767 1146 1823 λέγει
1166 1765 1341 1822 Ἀλκμὰν
1365 1766 1453 1810 ἀντὶ
1477 1771 1547 1811 τοῦ
1572 1766 1675 1822 ἠσίν.

867 1898 963 1942 140.

261 1984 394 2025 Cram.
425 1984 500 2024 An.
534 1983 604 2024 Ox.
636 1985 655 2023 Ι
689 1986 758 2037 55,
791 1987 864 2024 21:
902 1985 1169 2037 Σεσημείωται
1209 1981 1251 2025 τὸ
1284 1981 1480 2038 κάρχαρος
1512 2016 1520 2025 .
1542 2015 1550 2024 .
1572 2016 1580 2025 .
1612 1982 1678 2023 καὶ

140 2046 183 2090 τὸ
214 2045 396 2102 θηλυκὸν
432 2045 526 2102 παρ’
564 2046 767 2102 Ἀλκμᾶνι·
805 2047 1089 2103 καρχᾶραισι
1126 2051 1325 2102 ἰρωναῖς.
1387 2048 1454 2090 καὶ
1485 2048 1679 2102 ἐπίρρημα

142 2130 166 2155 κ
175 2130 230 2168 αρ
237 2131 259 2168 χ
266 2130 321 2168 αρ
330 2116 361 2155 ὥ
370 2130 401 2164 ς.
461 2115 695 2167 Legebatur
725 2113 970 2170 καρχᾶρεσσι.

782 2243 1048 2298 14ι.[117]

262 2329 374 2368 Eust.
406 2329 453 2369 11.
488 2330 585 2380 756,
618 2331 693 2370 30:
727 2325 941 2370 Ἀντνθέσει
979 2332 1050 2371 τοῦ
1087 2346 1111 2370 ν
1148 2331 1203 2379 εἰς
1242 2334 1284 2381 λ,
1323 2323 1354 2386 ᾧ
1395 2326 1679 2380 ἆντιστοιχοῦσι

143 2397 312 2447 Δωριεῖς
354 2393 398 2434 ἐν
440 2396 493 2451 τῷ
533 2394 715 2445 φίλτατος
755 2394 939 2446 φίντατος
971 2424 980 2435 .
1002 2425 1010 2435 .
1031 2425 1039 2435 .
1071 2394 1193 2446 ἕλετο,
1235 2394 1342 2445 ἕντο,
1381 2393 1448 2434 καὶ
1489 2394 1678 2444 Δωρικῶς

143 2457 276 2514 γέντο,
312 2458 460 2512 κέλετο,
497 2458 631 2500 κέντο
668 2456 775 2512 παρὰ
806 2455 1004 2513 Ἀλκμᾶνι.
1067 2460 1272 2501 Alomanis
1309 2460 1434 2501 verba
1472 2472 1562 2498 cnm
1598 2470 1679 2497 non

145 2526 227 2566 sint
257 2526 468 2577 adscripta,
500 2538 581 2565 non
610 2525 707 2564 licet
736 2524 965 2576 diiudicare,
990 2528 1151 2566 rectene
1176 2539 1227 2566 an
1253 2538 1366 2566 secus
1391 2523 1678 2577 grammaticus

144 2591 220 2631 hoc
251 2590 430 2631 edixerit.
485 2590 590 2630 Nam
615 2591 750 2641 potest
774 2587 886 2631 κέντο
911 2592 1034 2632 etiam
1059 2605 1083 2631 a
1108 2592 1233 2642 stirpe
1259 2592 1385 2631 KEN
1406 2589 1547 2640 repeti,
1573 2587 1678 2627 unde

144 2654 293 2708 κένσαι,
322 2654 482 2709 κέντωρ,
512 2654 686 2709 κέντρον,
717 2652 879 2707 κεντέιν,
909 2659 951 2696 et
980 2657 1203 2708 composita
1234 2654 1449 2706 Κενθίππη
1462 2683 1474 2704 ,
1506 2651 1678 2693 Κένταυ-

145 2737 214 2775 ρος
243 2723 507 2780 desqendunt,
544 2724 591 2761 ut
627 2721 797 2761 Alcman
834 2721 966 2762 modia.
1001 2722 1130 2761 forma
1165 2722 1251 2761 vice
1288 2720 1446 2772 agentis
1484 2719 1539 2760 sit
1569 2731 1679 2760 usus.

146 2787 288 2839 Neque
318 2788 427 2828 reete
458 2788 565 2828 idem
596 2786 884 2839 grammaticus
908 2787 1165 2827 Homericum
1195 2783 1306 2839 γέντο
1338 2786 1389 2825 ad
1418 2782 1522 2825 ἕλετο
1552 2784 1675 2825 rettu-

148 2851 209 2902 lit,
241 2852 347 2904 quod
378 2853 427 2894 G.
457 2837 620 2892 burtius
652 2854 762 2892 recte
799 2852 902 2892 vidit
936 2851 1175 2892 descendere
1213 2851 1264 2890 ab
1303 2863 1350 2891 ea
1379 2851 1522 2902 stirpe,
1559 2863 1678 2901 quam

148 2916 388 2968 Cypriorum
411 2918 609 2958 vocabula
639 2913 810 2970 ἆπόγεμε
836 2911 1019 2972 (ἄφελκε)
1044 2917 1087 2956 et
1110 2912 1276 2970 ῧγγεμος
1301 2910 1517 2970 (συλλαβή)
1547 2918 1678 2956 osten·
