1864 3126
214 146 302 188 500
505 153 508 157 “
781 144 972 182 ΡΟΕΤΑΕ
996 146 1173 183 MELIOI.

841 254 938 298 153.
965 255 1107 308 ’[211.]
1177 309 1184 314 .
1526 249 1530 253 ’
1643 266 1733 299 1111

308 338 479 390 Ισθμια
509 335 583 379 καὶ
614 340 774 379 Πυθοῖ
803 338 994 392 Διοφῶν
1026 333 1050 380 ὁ
1087 339 1289 388 Φίλωνος
1320 337 1443 380 ἐνίκα

365 403 502 462 ἅλμα,
533 408 805 463 ποδωκείην,
837 407 1014 462 δίσκον,
1045 404 1232 462 ἄκοντα,
1264 404 1423 463 πάλην.

843 526 936 570 154.
971 523 1107 579 [212]

307 605 453 650 Εἰπὸν
484 610 569 663 τίς,
600 609 722 658 τίνος
748 595 870 662 ἐσσί,
901 610 1023 659 τίνος
1053 609 1285 665 πατρίδος,
1316 611 1362 651 τί
1390 605 1432 651 δ’
1468 609 1636 665 ἐνίκης;

364 677 629 735 Κασμύλος,
661 676 925 736 Εὐαγόρου,
957 676 1116 722 Πύθια
1146 677 1252 734 πύξ,
1279 676 1460 731 Ῥόδιος.

841 797 938 842 155.
970 798 1107 852 [213]

305 885 520 936 Ανθηκεν
551 877 647 924 τόδ’
683 878 860 936 ἄγαλμα
892 882 1141 937 Κορίνθιος
1172 876 1308 937 ὅσπερ
1342 880 1464 924 ἐνίκα

366 952 414 994 ἐν
447 955 647 1008 Δελφοῖς
677 950 782 995 ποσὶ
814 949 1092 1008 Νικολᾴὸας,

305 1021 379 1065 καὶ
410 1026 755 1079 Παναθηναίοις
786 1020 1035 1078 στεφάνους
1065 1021 1172 1077 λάβε
1203 1020 1324 1065 πέντ’
1360 1020 1427 1066 ἐπ’
1463 1020 1648 1075 ἀέθλοις·

365 1093 464 1149 ἑξῆς
493 1091 763 1150 ἄμφιφορεῖς
795 1094 963 1136 ἐλαίου·

258 1176 280 1208 5
302 1161 467 1224 Ἰσθμῷ
500 1161 541 1206 δ’
578 1164 627 1207 ἐν
659 1164 796 1222 ζαθέᾳ
825 1163 919 1221 τρὶς
951 1161 1164 1221 ἐπισχερὼ
1197 1161 1297 1208 οὐδ’
1333 1165 1538 1220 ἐγένοντο

325 1274 328 1279 s
366 1231 559 1278 ἀκτίνων
589 1236 786 1290 τομίδων
817 1237 1063 1307 ποταθμοί·

305 1363 432 1418 Epigr.
461 1368 540 1400 153.
589 1364 702 1400 Anth.
729 1364 833 1400 Plan.
860 1368 898 1400 3·
925 1364 992 1399 τοῦ
1018 1377 1136 1400 αντου
1163 1365 1469 1411 (Σιμωνίδου).

305 1411 361 1456 Ep
337 1410 432 1457 pigr.
460 1415 538 1447 154.
587 1411 700 1447 Anth.
725 1411 829 1447 Plan.
857 1415 914 1447 23:
944 1412 1221 1457 Σιμωνίδου.
1248 1433 1292 1438 -
1311 1411 1355 1448 V.
1380 1418 1410 1448 1.
1435 1409 1558 1458 εἰπὸν,
1583 1412 1738 1449 Ursinus

213 1456 333 1495 εἷπον.
353 1479 398 1484 -
417 1459 458 1494 τί
478 1455 515 1494 δ’
544 1456 671 1504 ἔνίκης
696 1459 837 1515 scripsi,
862 1459 976 1506 vulgo
1001 1460 1041 1494 τί
1061 1457 1103 1495 δὲ
1130 1459 1248 1507 νικῇς,
1272 1459 1427 1495 Ursinus
1452 1460 1631 1509 νικᾷςω-
1586 1458 1689 1497 --.V
1703 1464 1736 1496 2.

212 1502 412 1552 Κασμύλος
436 1506 578 1552 Iacobs,
603 1506 717 1552 vulgo
741 1503 951 1552 Κάσμυλος.

309 1553 436 1599 Epigr.
465 1557 542 1589 155.
592 1554 705 1590 Anth.
731 1553 811 1589 Pal.
838 1553 934 1590 XIII.
962 1557 1023 1598 19,
1049 1554 1096 1590 ab
1122 1555 1252 1591 eadem
1276 1567 1326 1592 m.
1351 1555 1627 1600 Σιμωνίδου.
1675 1551 1739 1590 ἔπι

215 1610 373 1658 ἕξαμέτρ
406 1610 689 1659 ἐννεασύλλαβῖ
717 1634 760 1639 -
787 1613 830 1648 V
861 1618 891 1649 1.
925 1609 1050 1658 ἐνίκα,
1082 1614 1162 1650 οο(1.
1187 1614 1217 1648 P
1249 1611 1408 1650 ἔννίκαι.
1434 1635 1480 1640 -
1511 1613 1557 1650 V.
1583 1617 1616 1649 2.
1651 1613 1739 1650 ποσὶ

212 1661 371 1705 correxi,
396 1671 483 1696 nam
508 1661 618 1707 plane
643 1660 840 1697 dicendum
866 1661 963 1705 erat,
998 1672 1072 1706 quo
1105 1661 1307 1697 certamine
1333 1661 1537 1697 Nicoladas'
1562 1660 1737 1706 Pythiam

212 1708 411 1743 victoriam
436 1709 568 1744 nactus
593 1708 658 1753 sit,
683 1721 792 1753 ποτε,
819 1708 917 1753 quod
943 1708 1022 1744 cod.
1048 1707 1122 1743 Pal.
1148 1708 1317 1752 exhibet,
1344 1720 1491 1765 prorsus
1517 1708 1677 1744 otiosum
1701 1709 1740 1744 et

213 1766 236 1790 a
262 1754 464 1791 Simonidis
488 1758 569 1791 arte
595 1755 780 1792 abhorret.
815 1754 1074 1791 Schneidewin
1099 1768 1210 1792 ποκα.
1233 1777 1275 1782 -
1297 1754 1517 1805 Νικολᾴδας
1542 1755 1740 1792 Schneide-

212 1801 299 1846 win,
324 1815 359 1838 v.
385 1800 614 1847 Νικολάδας,
642 1802 688 1839 ef.
716 1802 822 1848 Corp.
848 1803 961 1838 Inscr.
989 1802 1050 1838 Gr.
1071 1804 1088 1837 Ι
1114 1806 1207 1838 1534
1232 1791 1458 1847 Νικολαΐδα,
1486 1807 1577 1839 1689
1595 1805 1741 1838 Μνασι-

214 1849 346 1895 λαΐδα,
378 1851 416 1884 et
446 1850 494 1884 ad
518 1851 676 1885 eundem
701 1850 855 1885 modum
877 1846 1090 1907 Ἄγελᾴδας,
1120 1847 1250 1899 Λαὸας
1281 1851 1327 1886 al.
1355 1850 1549 1886 scribenda
1573 1851 1668 1886 sunt.
1694 1871 1739 1876 —-

213 1895 259 1932 V.
285 1901 318 1931 3.
336 1877 379 1930 P
411 1893 625 1938 ἐπαέθλοις.
659 1918 704 1923 -
735 1896 779 1932 V.
812 1901 845 1933 4.
879 1893 965 1941 ἑξῆς
996 1886 1217 1955 Salmasius,
1250 1898 1329 1934 cod.
1362 1898 1391 1933 P
1423 1894 1618 1943 ἑξήκοντα.
1668 1896 1740 1934 Sed

215 1943 344 1978 dubito
375 1944 422 1978 de
452 1944 524 1979 hac
554 1944 784 1998 coniectura,
821 1955 910 1979 nam
941 1946 1019 1979 tum
1050 1942 1163 1980 πέντε
1197 1945 1244 1980 ad
1275 1954 1469 1980 numerum
1500 1943 1742 1981 victoriarum

212 1990 459 2047 rseferendum,
484 1992 527 2026 ut
550 1991 628 2027 iam
647 1988 713 2027 ἐπ’
741 1972 896 2031 ἀέθλοις
920 1991 1107 2045 langueat.
1151 1991 1283 2045 Itaque
1308 1991 1399 2027 olim
1424 1992 1566 2028 conieci
1588 1990 1638 2035 ἓξ
1663 1987 1735 2037 ἧδ’

214 2034 465 2084 ἄμφιφορεῖς,
495 2035 566 2074 sed
602 2035 690 2084 ἠδέ,
728 2038 828 2083 quod
864 2038 903 2072 in
937 2037 1080 2074 melicis
1097 2038 1327 2074 carminibus
1353 2038 1506 2074 admisit
1529 2038 1591 2074 hic
1615 2040 1738 2085 poeta,

215 2086 498 2140 epigrammatis
524 2085 713 2124 vindicare
738 2097 812 2121 non
848 2086 926 2120 iam
962 2085 1091 2121 audeo.
1141 2085 1236 2120 Mihi
1269 2085 1417 2122 videtur
1442 2084 1650 2122 Simonides
1674 2098 1740 2121 nu-

215 2144 358 2168 merum
383 2132 644 2178 victoriarum,
682 2144 774 2178 quas
806 2132 1042 2177 quinquertio
1074 2132 1346 2168 Panathenaeis
1378 2133 1536 2178 adeptus
1575 2135 1650 2179 est,
1686 2133 1740 2168 ita

215 2180 415 2224 notavisse,
436 2181 478 2215 ut
497 2180 646 2225 diceret,
664 2182 758 2226 quot
777 2180 975 2233 amphoras
995 2191 1039 2215 ex
1057 2180 1116 2215 his
1137 2179 1401 2216 certaminibus
1422 2180 1540 2216 victor
1553 2161 1739 2217 detulerit.

214 2227 345 2272 Neque
371 2227 470 2263 enim
501 2228 669 2274 singulae
701 2227 857 2273 singulis
891 2225 1095 2263 victoribus
1131 2227 1346 2274 propositae
1384 2228 1490 2263 erant
1525 2228 1740 2274 amphorae,

215 2275 279 2310 sed
310 2274 535 2320 complures·
573 2275 743 2310 variabat
779 2285 953 2310 numerus
989 2285 1056 2319 pro
1095 2275 1338 2310 certaminum
1374 2273 1640 2320 amplitudine
1676 2275 1742 2320 qui

213 2322 251 2357 in
285 2322 518 2367 equestribus
555 2321 821 2358 certaminibus
846 2321 1038 2376 vicissent,
1072 2321 1251 2367 plurimas
1287 2321 1522 2368 auferebant,
1558 2324 1602 2358 ut
1635 2321 1740 2358 tituli

215 2369 333 2405 Attici
371 2371 571 2414 testantur,
611 2369 783 2405 ludorum
814 2368 1070 2415 gymnicorum
1101 2369 1222 2406 minor
1251 2370 1332 2405 erat
1367 2350 1611 2414 existimatio,
1649 2369 1740 2404 item

214 2416 376 2452 victores
402 2417 646 2452 secundarum
671 2416 835 2462 partium
861 2415 1067 2475 posthabiti
1091 2418 1179 2452 sunt
1198 2416 1265 2474 iis,
1301 2417 1367 2462 qui
1390 2416 1532 2462 primas
1562 2397 1739 2453 tuierunt.

217 2465 246 2499 E
269 2465 348 2500 cod.
371 2464 554 2510 scriptura
580 2461 643 2510 ἓξή
645 2476 762 2500 κοντα
787 2463 914 2499 elicias
934 2461 978 2506 ἐξ
1003 2463 1081 2509 τρὶς
1104 2463 1166 2499 vel
1186 2461 1230 2507 ἓξ
1255 2463 1330 2507 δὶς,
1354 2466 1398 2499 ut
1419 2463 1534 2509 poeta
1556 2464 1596 2499 in
1618 2463 1742 2509 prima

216 2512 301 2546 sede
333 2511 638 2557 hendecasyllabi
669 2511 886 2547 trochaeum
916 2521 984 2556 pro
1017 2511 1180 2557 spondeo
1219 2491 1333 2547 semei
1364 2511 1574 2555 admiserit,
1611 2511 1677 2546 aut
1707 2510 1740 2546 si

214 2557 473 2594 traiectionem
503 2559 601 2594 hanc
630 2558 898 2611 improbaveris
936 2559 1038 2603 (usus
1069 2560 1126 2594 est
1157 2558 1271 2594 etiam
1303 2557 1415 2604 alias,
1453 2557 1526 2594 vid.
1558 2568 1615 2610 ep.
1641 2559 1738 2611 159),

215 2606 293 2650 τρὶς
321 2603 365 2648 ἐξ
398 2605 474 2641 sive
500 2605 558 2646 δὶς
584 2603 627 2649 ἐξ
659 2606 785 2641 iambo
815 2604 1021 2651 principem
1051 2605 1175 2641 locum
1208 2605 1412 2641 obtinente.
1461 2603 1533 2648 Qui
1563 2603 1739 2647 instituta
1797 2610 1806 2651 ξ

218 2653 308 2688 artis
331 2653 527 2698 gymnicae
553 2654 704 2699 norant,
729 2654 905 2698 poterant
930 2652 1061 2698 opinor
1084 2652 1145 2689 vel
1170 2652 1223 2688 sic
1248 2651 1415 2698 adsequi,
1439 2652 1532 2698 quot
1555 2650 1738 2687 victoriae

218 2699 461 2745 contigissent
473 2681 704 2736 Nicoladae.
707 2721 754 2726 —
773 2699 816 2735 V.
837 2703 868 2735 5.
896 2698 1033 2749 ζαθέᾳ
1039 2699 1134 2744 (cod.
1154 2701 1184 2735 P
1204 2697 1410 2759 Qtwfflm),
1429 2698 1580 2734 Brunck
1599 2697 1738 2753 ζαθέᾳ).
1802 2702 1804 2705 ’

219 2767 262 2773 —
276 2747 319 2782 V.
336 2751 357 2782 5
371 2749 443 2782 et6
463 2747 627 2783 nondum
645 2746 846 2793 persanati,
873 2736 1007 2782 Iacobs
1026 2745 1186 2782 coniecit
1210 2743 1293 2782 αλλ’
1321 2727 1496 2804 ἐγένοντο
1521 2741 1616 2792 ἀκτῇ
1637 2735 1738 2782 Πον-

217 2792 440 2839 τομέδοντος
470 2789 757 2841 αθλα,Ρ1111311
788 2792 893 2830 οἶδεν
926 2790 1058 2829 ἑλόντα
1084 2793 1269 2839 (Meineke
1301 2789 1378 2829 οἷδ’
1411 2789 1610 2838 ανέλοντα)
1634 2789 1740 2828 'Au-c&
1799 2814 1812 2826 ,ν

218 2840 524 2896 Ποντομέδοντος
541 2823 645 2877 ἆθλα
663 2842 866 2887 (Hermann
883 2835 1031 2886 ἆθλον),
1050 2852 1147 2886 quae
1166 2853 1189 2877 a
1209 2839 1409 2877 Simonidis
1428 2841 1508 2875 arte
1529 2840 1740 2883 abhorrent,
1794 2858 1805 2878 ς

216 2889 329 2932 poeta
366 2889 463 2924 enim
505 2889 697 2925 brevitatis
733 2888 919 2925 studiosus
963 2899 1159 2935 segregare
1207 2888 1302 2924 solet
1349 2887 1499 2924 inanem
1541 2867 1740 2925 verboruni
