1864 3126
230 128 315 170 388
542 132 544 136 '
797 127 990 165 POETAE
1014 128 1193 165 MELICI.

326 235 523 291 νέμεται,
554 238 697 295 καίτοι
730 238 878 291 σοφοῦ
910 234 1028 294 παρὰ
1060 234 1208 293 φωτὸς
1238 237 1491 293 εἰρημένον·
1529 236 1756 295 χαλεπὸν

1081 304 1186 363 φάτ’
1222 306 1418 351 ἐσθλὸν
1450 311 1679 365 ἔμμεναι.

256 390 298 420 10
324 374 432 428 θεὸς
457 373 515 420 ἂν
541 377 677 433 μόνος
702 375 822 421 τοῦτ’
852 380 944 434 ἔχοι
968 378 1115 435 γέρας·
1148 376 1292 435 ἄνδρα
1319 376 1360 422 δ’
1391 377 1473 422 οὐκ
1499 382 1588 424 ἔστι
1615 378 1674 437 μὴ
1701 378 1757 424 οὐ

1081 447 1221 493 κακὸν
1253 452 1458 506 ἔμμεναι,

328 516 382 562 ὃν
415 516 644 575 ἀμάχανος
675 518 883 577 συμφορὰ
915 520 1097 578 καθέλῃ.

325 589 511 646 πραξαις
541 608 627 648 γαρ
660 592 710 634 εὐ
743 593 827 643 πᾶς
858 588 974 649 ἀνὴρ
1006 588 1201 648 ἀγαθός,

324 659 458 712 κακὸς
490 659 550 718 δ’,
583 664 623 705 εἰ
652 664 796 714 κακῶς
827 662 923 720 (τι)·

325 732 398 776 καὶ
430 731 479 776 τὸ
513 737 721 777 πλεῖστον
752 731 948 791 ἄριστοι,
979 732 1084 786 τοὺς
1114 733 1215 777 θεοὶ
1247 735 1468 791 φιλέωντι.

1566 811 1674 863 Στρ.
1704 805 1759 863 γ’.

258 888 300 919 15
333 874 555 920 Τοῦνεκεν
588 875 741 920 οὔποτ’
778 874 862 933 ε’γώ
893 875 944 921 τὸ
976 875 1035 933 μὴ
1067 877 1279 934 γενέσθαι

325 945 521 991 δυνατὸν
560 946 811 1004 διζήμενος,
857 945 1015 992 κενεὰν
1053 948 1096 1000 ἐς
1133 946 1360 1004 ἄπρακτον
1398 949 1553 993 ἐλπίδα
1597 957 1759 1007 μοῖραν

1085 1021 1263 1072 αἰῶνος·
1280 1020 1445 1076 βαλέω,

323 1090 599 1146 πανάμωμον
632 1087 894 1148 ἄνθρωπον,
927 1087 1168 1147 εὐρυέδους
1201 1088 1299 1134 ὅσοι
1330 1089 1502 1149 καρπὸν
1534 1091 1759 1149 αἰνύμεθα

1079 1160 1265 1218 χθονός·
1667 1175 1782 1217 1118,

327 1233 401 1276 ἐπί
427 1230 466 1275 τ’
500 1230 641 1288 ὔμμιν
673 1229 818 1290 εὑρών
851 1230 1118 1289 ἄπαγγελέω.

324 1303 491 1354 πάντας
523 1300 563 1346 δ’
599 1304 807 1359 ἐπαίνημι
838 1303 911 1347 καὶ
943 1304 1102 1360 φιλέω,

231 1431 274 1436 ——
301 1411 345 1445 V.
373 1414 405 1445 9.
434 1407 584 1455 ἐσθλὸν,
609 1409 760 1445 Boeckh
786 1406 913 1456 ἐσλὸν,
945 1421 1019 1455 qua
1043 1411 1168 1446 forma
1199 1421 1318 1455 neque
1344 1410 1531 1446 Pittacum
1554 1422 1674 1456 neque
1700 1409 1759 1447 Si-

229 1458 418 1493 monidem
448 1469 557 1492 usum
589 1468 666 1493 esse
699 1457 874 1493 credibile
906 1460 973 1494 est.
1036 1456 1208 1493 Ceterum
1243 1458 1288 1494 cf.
1315 1457 1436 1493 Schol.
1462 1458 1574 1494 Arist.
1600 1459 1685 1494 Eth.
1719 1459 1759 1494 in

228 1506 364 1540 Herme
396 1505 429 1540 V
460 1508 529 1540 356
569 1501 631 1540 ἐπὶ
666 1501 857 1540 Πιττακὸν
894 1518 964 1550 μεν
1008 1502 1074 1540 τὸν
1112 1508 1371 1562 Μιτυληναῐον
1395 1502 1678 1565 (ἀναφέρεται)
1715 1503 1758 1541 τὸ

229 1550 394 1598 χαλεπὸν
421 1549 560 1587 ἐσθλὸν
583 1549 761 1612 ἕμμὲναι,
787 1554 917 1588 contra
940 1552 1034 1598 Poly
1033 1552 1070 1588 b.
1097 1552 1217 1587 XXIX
1243 1557 1280 1589 7:
1312 1551 1354 1588 τὸ
1386 1551 1506 1598 ρηθεν
1531 1551 1606 1588 ὑπὸ
1634 1555 1758 1599 Σιμω-

227 1602 357 1635 νίδου·
384 1597 549 1645 χαλεπὸν
576 1597 713 1635 ἐσθλὸν
741 1599 918 1658 ἔμμεναι.
960 1600 1066 1635 Adde
1092 1600 1230 1636 Cratet.
1257 1600 1286 1635 E
1290 1601 1374 1646 pist.
1407 1600 1446 1635 in
1477 1600 1563 1637 Not.
1592 1602 1630 1635 et
1653 1601 1755 1636 Extr.

229 1648 324 1682 Bibl.
336 1647 451 1682 Paris.
464 1647 589 1682 X278.
606 1668 650 1672 —
668 1647 706 1684 V.
731 1651 786 1683 10.
812 1644 918 1682 τοῦτ’
948 1646 1037 1693 ἔχοι,
1063 1660 1098 1693 p.
1120 1647 1250 1683 341Ε;
1277 1648 1388 1683 τοῦτο
1415 1646 1494 1693 ἔχοι
1520 1647 1757 1704 QFQECryn

229 1696 345 1740 vulgo
380 1693 459 1740 ἔχοι
490 1695 619 1740 τοῦτο,
657 1695 754 1730 infra
779 1694 904 1730 3440.
942 1695 1051 1730 τοῦτο
1091 1693 1170 1740 ἔχοι
1201 1693 1243 1731 τὸ
1276 1694 1388 1748 γέρας
1413 1696 1465 1740 (Γ
1485 1691 1588 1730 τοῦτ’
1618 1693 1713 1740 ἔχοι,
1739 1705 1758 1732 t

231 1741 311 1787 ἔχοι
349 1743 485 1786 τοῦτο).
543 1741 709 1788 Respicit
733 1742 885 1778 Aristot.
914 1743 1079 1788 Metaph
1111 1742 1128 1776 I
1154 1747 1187 1788 2,
1227 1742 1272 1779 cf.
1312 1741 1427 1778 etiam
1453 1742 1575 1778 Schol.
1602 1742 1756 1778 Aristot.

231 1789 281 1824 IV
309 1794 389 1824 529.
435 1789 555 1825 Oram.
582 1791 650 1825 An.
677 1790 759 1825 Par.
787 1790 910 1834 1387,
937 1794 993 1826 33.
1039 1789 1202 1826 Βο188011.
1228 1789 1298 1826 Α11.
1325 1790 1418 1826 Nov.
1446 1793 1525 1825 210.
1552 1810 1596 1815 -—
1623 1787 1672 1846 μὴ
1699 1786 1757 1834 06,

230 1838 404 1881 Hartung
429 1834 502 1893 μὴ,
521 1857 564 1862 -
591 1836 634 1872 V.
664 1841 717 1872 11.
745 1833 790 1872 ὃν
817 1837 964 1882 scripsi,
991 1839 1029 1872 et
1055 1837 1107 1872 sic
1133 1849 1169 1882 e,
1195 1838 1309 1883 vulgo
1336 1832 1382 1873 ὃν
1407 1834 1538 1873 62²1.—
1564 1833 1759 1882 ἀμάχανος

230 1884 392 1927 Boeckh,
419 1896 452 1920 v.
479 1880 683 1940 ἀμήχανος.
709 1905 755 1909 ——
780 1883 938 1930 καθέλῃ,
963 1882 1123 1919 καθέλοι
1148 1895 1194 1921 rr.
1210 1884 1313 1920 -—V.
1336 1888 1388 1921 12.
1417 1882 1577 1930 πράξαις
1595 1884 1757 1927 Boeckh‚
1772 1915 1781 1922 .

230 1944 265 1967 v.
291 1930 447 1975 πράξας.
476 1952 516 1957 --
545 1944 617 1985 γαρ
643 1932 841 1974 Hermann,
868 1944 902 1966 v.
929 1945 998 1977 μεν
1024 1930 1107 1977 γὰρ.
1134 1953 1180 1957 -
1205 1927 1261 1977 εὖ,
1288 1943 1308 1967 e
1333 1931 1378 1967 εἴ.
1400 1952 1444 1958 -
1445 1898 1507 1966 V.
1530 1936 1573 1966 13
1600 1930 1645 1974 εἰ,
1670 1929 1755 1967 θεῖ.

230 1999 275 2004 -
301 1979 427 2017 -κακῶς
451 1991 487 2013 τι
513 1978 662 2024 scripsi,
693 1979 770 2014 sive
802 1992 857 2019 τις
888 1979 1096 2023 praeferas,
1134 1980 1234 2024 quod
1265 1978 1304 2014 in
1336 1979 1391 2015 ed.
1424 1983 1445 2014 3
1478 1978 1606 2014 addidi
1636 1978 1757 2023 (Blass

230 2026 357 2066 κακῶς
377 2020 427 2060 αὖ
446 2037 519 2061 11011
538 2027 666 2071 recte),
686 2026 786 2071 apud
805 2026 1001 2061 Platonem
1019 2040 1054 2061 τι
1073 2006 1189 2070 (100811,
1215 2027 1314 2071 quod
1334 2025 1459 2071 potuit
1477 2026 1587 2061 facile
1606 2025 1756 2061 oblitte-

230 2074 315 2119 rari,
342 2073 518 2129 quoniam
543 2085 578 2118 p
605 2073 722 2109 345A
746 2073 838 2109 haec
866 2073 1040 2109 continuo
1066 2073 1338 2118 subsequuntur
1368 2074 1422 2114 τίς
1453 2067 1522 2108 οὖν
1553 2071 1608 2113 εἰς
1638 2071 1755 2118 γράμ-

231 2134 330 2167 ματα
357 2117 488 2166 ἀγαθὴ
513 2121 647 2165 πρᾶξίς
673 2118 766 2164 ἐστι,
799 2132 1027 2166 quamquam
1050 2120 1176 2166 potuit
1199 2121 1312 2156 etiam
1345 2121 1426 2166 ipse
1451 2120 1560 2156 Plato
1585 2119 1756 2175 abiicere,

232 2167 548 2213 quemadmodum
581 2168 714 2204 deinde
747 2168 877 2204 eadem
908 2168 1002 2203 haec
1027 2168 1066 2203 in
1090 2168 1239 2204 brevius
1265 2169 1458 2204 contracta
1481 2167 1617 2225 repetit
1642 2164 1758 2208 κακὸς

231 2215 273 2251 δὲ
301 2216 434 2256 κακῶς.
480 2215 588 2259 Quod
614 2217 726 2251 antea
750 2216 880 2261 scripsi
905 2212 1024 2256 κακὸς
1049 2212 1101 2261 δ’,
1127 2214 1164 2251 εἰ
1179 2216 1320 2256 κακῶς·
1346 2214 1411 2250 καὶ
1433 2217 1438 2259 Ι
1460 2212 1757 2260 τούπιπλεῖστον,

231 2274 468 2317 numerorum
484 2263 728 2299 concinnitati
747 2263 982 2308 adversatur,
1002 2274 1089 2298 nam
1108 2273 1183 2298 non
1194 2264 1390 2308 tantopere
1408 2272 1480 2298 vox
1500 2261 1758 2307 monosyllaba

231 2321 340 2346 versu
368 2310 568 2346 novissimo
594 2310 783 2356 displicet,
821 2321 934 2355 quam
966 2310 1065 2354 quod
1095 2321 1234 2346 novum
1269 2309 1476 2346 sententiae
1503 2309 1694 2345 exordium
1718 2308 1756 2344 in

233 2369 362 2393 versus
389 2358 555 2393 clausula
579 2358 689 2394 fit.—
702 2358 746 2393 V.
769 2362 822 2394 14.
849 2357 914 2392 καὶ
933 2355 974 2392 τὸ
995 2361 1167 2393 πλειστον
1187 2354 1342 2417 ἄριστοι,
1367 2355 1455 2398 τοὺς
1472 2356 1560 2392 θεοὶ
1580 2355 1758 2411 φιλέωντι

233 2405 380 2451 scripsi,
413 2407 524 2440 antea
549 2404 712 2450 φιλέοισι
737 2405 841 2448 dedi,
869 2405 1056 2440 Hermann
1082 2405 1147 2440 καὶ
1171 2403 1454 2440 τούπίπλειστον
1481 2401 1642 2449 ἄριστοι,
1667 2401 1756 2444 τούς

232 2466 275 2488 κε
301 2453 391 2488 θεοὶ
399 2453 593 2510 φιλῶσιν,
619 2453 725 2489 Blass
751 2449 1017 2488 κᾶπίπλειστον
1042 2454 1257 2498 praeoptat,
1282 2464 1341 2498 ap.
1361 2453 1456 2488 Plat.
1491 2448 1552 2487 ἐπὶ
1582 2453 1754 2486 πλεῖστον

232 2499 274 2535 δὲ
301 2499 366 2535 καὶ
391 2497 541 2545 αριστοί
562 2499 668 2543 εἰσιν,
695 2495 762 2541 οὓς
780 2496 829 2535 ἆν
849 2497 888 2534 οἷ
903 2499 991 2535 θεοὶ
1011 2500 1155 2545 φιλῶσι.
1170 2520 1216 2526 -
1232 2500 1273 2535 V.
1291 2504 1344 2537 16.
1371 2497 1576 2544 διζήμενος,
1601 2499 1638 2532 Σ
1659 2495 1756 2540 διζό-

233 2560 354 2593 μενος.
383 2567 425 2572 —
452 2560 609 2593 κενεαν,
640 2527 672 2584 91
697 2561 763 2583 κεν
790 2544 870 2583 ἐὰν.
898 2567 944 2572 -
970 2544 1026 2591 ε’ς,
1058 2546 1111 2588 εἰς
1135 2549 1256 2592 ZEyr.
1283 2567 1327 2573 -—
1353 2547 1397 2582 V.
1425 2550 1480 2582 17.
1511 2542 1756 2590 πανάμωμον,

233 2607 252 2629 r
275 2592 520 2651 παράμωμον.
547 2615 593 2621 —
599 2576 839 2641 εὗρυέδους,
878 2595 966 2632 91Θ1·
996 2574 1202 2640 εὐρυεδοῦς
1233 2596 1272 2630 et
1301 2593 1471 2630 similiter
1494 2592 1592 2627 infra
1615 2596 1684 2627 346
1710 2592 1753 2629 D.

232 2641 358 2677 Verba
395 2638 617 2688 εὖρυέδους,
643 2671 652 2679 .
679 2671 687 2678 .
755 2639 897 2688 χθονός
932 2641 1040 2677 affert
1073 2641 1171 2677 Plut.
1213 2641 1362 2684 Quaest.
1400 2641 1525 2686 Symp.
1562 2638 1614 2674 IX
1647 2643 1707 2683 14,
1732 2643 1753 2674 2

233 2686 484 2746 (εὐρυεδοῦς),
523 2689 568 2725 de
605 2690 795 2735 tranquill.
835 2701 865 2725 c.
894 2693 948 2724 10.
985 2689 1031 2724 de
1067 2688 1231 2725 fraterno
1269 2699 1340 2724 am.
1379 2699 1409 2724 c.
1447 2690 1490 2722 14
1527 2688 1698 2732 (utroque
1729 2687 1754 2724 1.

234 2733 419 2780 εὗρυόδον
445 2734 511 2782 γ’,>
537 2737 632 2772 adv?
648 2737 762 2773 Stoic.
788 2749 818 2772 c.
846 2741 866 2772 7
892 2733 1110 2781 (εὐρυέδυος
1134 2738 1172 2771 et
1197 2733 1380 2781 ἐδόμεθα,
1406 2734 1471 2770 sed
1495 2734 1648 2770 Dfibner
1672 2761 1680 2770 .
1709 2761 1717 2769 .
1743 2763 1752 2771 .

234 2786 362 2829 μεθα).
390 2805 432 2810 -
461 2784 503 2819 V.
532 2789 586 2821 18.
614 2781 680 2820 ἐπί
699 2782 734 2819 τ’
762 2783 903 2829 scripsi,
929 2782 1006 2819 sive
1034 2780 1095 2818 ἐπὶ
1121 2781 1158 2818 δ’
1185 2783 1311 2841 malis,
1336 2782 1449 2828 vulgo
1476 2777 1603 2816 ἔπειθ’
1632 2782 1670 2817 et
1693 2781 1754 2816 hic

234 2832 272 2864 et
297 2830 396 2866 infra
421 2831 547 2867 346D.
575 2852 620 2858 —
645 2844 764 2877 υμμιν
789 2831 994 2888 Hermann,
1019 2843 1052 2866 v.
1079 2827 1179 2876 ὑμῖν.
1208 2851 1250 2856 —-
1277 2826 1515 2886 ἅπαγγελέω,
1543 2831 1577 2863 Γ
1597 2830 1754 2873 utroque

234 2877 316 2912 loco
342 2875 594 2923 ἆπαγγελλέω.
624 2899 665 2904 -
693 2879 736 2914 V.
765 2874 1476 2924 19.παντας,ΓΡ1·101ὀΙ.παντα.-
1504 2856 1695 2921 ἔπαίνημι,
1719 2877 1757 2911 Σ
