1864 3126
782 93 1058 135 SIMONIDES.
1596 93 1684 138 535

149 208 194 250 in
235 208 437 249 Simonide
476 220 641 260 prorsus
686 209 740 249 sit
782 209 989 250 incertum.
1051 208 1202 249 Extant
1245 212 1381 250 autem
1424 209 1523 250 recti
1566 220 1682 250 casus

149 273 333 326 exempla
350 273 391 313 in
410 273 582 315 vasculis
600 273 730 325 pictis,
749 274 862 314 velut
881 274 1094 311 EYXEPOS
1122 274 1358 312 ΕΠΟΙΕῧΕΝ
1383 275 1680 313 ΗΟΡΡΟΤΙΜΟ

149 339 327 378 ΗΥΙΗΥΒ
353 342 402 379 et'
422 339 464 379 in
487 339 566 380 alio
592 339 770 379 eiusdem
794 339 958 379 artificis
984 352 1103 392 opere
1128 343 1175 380 ut
1198 341 1357 381 videtur
1388 341 1546 388 HYn-ffi,
1578 341 1683 382 sicut

147 404 256 459 alibi,
288 406 322 446 si
351 407 459 447 recte
488 405 662 456 memini,
692 404 842 457 legitur
872 405 990 445 vaS.

777 522 876 566 250.
909 522 1045 577 [144.]

267 610 443 651 Gramm.
474 611 566 661 post
595 609 661 649 Et.
692 608 793 649 Gud.
827 610 925 660 645,
957 610 1032 650 43:
1066 605 1278 662 Φύξιμος
1310 605 1443 662 ὀδμή,
1474 605 1500 663 ἡ
1533 613 1679 664 φυγεῖν

146 673 376 728 ἐμποιοῦσα,
407 674 638 728 Σιμωνίδης
662 669 684 715 ὅ
714 670 833 727 Τήϊος
857 670 937 715 ἀπὸ
962 675 1031 726 τῆς
1060 673 1155 715 Τέω.
1205 675 1309 716 Ηιιιο
1333 675 1533 732 Nicander
1558 677 1677 716 Ther.

146 742 202 781 34
244 737 417 794 φύξιμον
458 736 588 793 ὀδμὴν
626 740 785 781 videtur
820 740 1034 793 ascivisse,
1078 742 1149 781 ubi
1193 741 1238 782 O.
1271 741 1487 782 Schneider
1530 738 1677 792 φύξιον

145 807 319 847 scribere
348 807 504 858 maluit,
535 808 580 847 at
608 806 688 847 vid.
719 806 909 846 Lobeckii
940 807 1045 847 Prol.
1076 807 1191 847 Path.
1228 808 1322 847 169.

262 926 475 967 Simonidis
506 939 652 966 nomen
683 925 731 965 H.
758 924 850 965 Keil
880 926 1094 966 restituere
1126 927 1254 968 voluit
1284 927 1392 978 apud
1416 927 1592 967 Probum
1623 927 1674 968 ad

140 992 256 1045 Virg.
280 992 362 1033 Ecl.
387 992 429 1032 Π
454 993 530 1032 48:
561 991 798 1043 „Narcissus
823 990 896 1031 flos
921 991 990 1031 Eu
1011 994 1182 1033 zimades
1207 987 1468 1047 (Enormiades
1492 992 1537 1042 P,
1568 992 1672 1034 Acu-

139 1059 265 1113 silaus
288 1057 349 1098 ed.
374 1058 539 1110 Egnatii
563 1070 612 1098 ex
636 1056 864 1097 coniectura
887 1053 1122 1112 manifesta)
1146 1059 1273 1099 refert
1297 1071 1322 1098 a
1339 1058 1540 1098 Narcisso
1549 1059 1670 1099 Ama·

139 1110 287 1177 rynthi,
320 1124 390 1175 qui
420 1123 498 1164 fuit
528 1123 736 1163 Eretrieus
769 1136 817 1163 ex
847 1124 981 1164 insula
1010 1122 1210 1165 Euboea.“
1246 1145 1297 1152 —
1331 1124 1456 1164 Porro
1488 1124 1671 1164 Meineke

137 1189 244 1240 apud
286 1188 503 1230 Herodian.
542 1202 583 1229 π.
621 1204 658 1241 μ.
695 1188 769 1237 λεξ.
809 1191 853 1242 9,
894 1191 947 1230 31
989 1189 1192 1242 Δεξικρῶν
1225 1184 1464 1243 Ἑρμονίδης
1503 1190 1672 1230 coniecit

137 1254 376 1308 Σιμωνίδης.
401 1255 501 1294 mihi
525 1257 660 1295 tamen
683 1255 969 1306 grammaticus
988 1255 1148 1296 videtur
1165 1255 1471 1308 Dexicreontem
1491 1255 1670 1296 Samium

138 1315 237 1375 (vid.
267 1320 374 1361 Plut.
406 1320 567 1368 Quaest.
595 1320 732 1361 Graec.
760 1316 837 1375 45)
868 1321 1125 1373 intellexisse,
1157 1322 1200 1360 et
1222 1321 1395 1361 fortasse
1418 1315 1668 1374 Ἑρμονίδης,

136 1385 284 1437 quippe
315 1385 420 1436 quod
451 1386 504 1426 sit
535 1388 669 1426 ortum
701 1399 749 1426 ex
780 1389 970 1438 sequente
999 1381 1250 1440 Ἑρμοκρῶν,
1286 1387 1405 1438 plane
1443 1387 1567 1427 fuerit
1603 1387 1669 1427 de-

134 1451 309 1491 lendum.
341 1471 398 1478 —
429 1451 506 1503 Ap.
539 1451 648 1493 Stob.
680 1452 786 1492 Flor.
819 1451 946 1492 CXXI
978 1454 1022 1492 3:
1059 1451 1291 1504 Σιμωνίδου
1329 1446 1407 1506 (sic
1444 1465 1492 1492 ex
1523 1452 1667 1508 Trina,

132 1515 204 1556 ubi
233 1512 495 1572 Σιμονίδου)·

419 1602 562 1652 Βιοτῆς
592 1598 664 1654 μὲν
693 1596 767 1654 γὰρ
798 1596 939 1654 χρόνος
968 1599 1047 1641 ἔστι
1076 1595 1242 1654 βραχύς·

417 1664 614 1719 κρυφθεὶς
646 1661 682 1706 δ’
717 1660 796 1706 ὑπὸ
826 1662 901 1720 rie

417 1734 539 1771 κεῖται
568 1727 717 1783 θνητὸς
747 1726 817 1771 τὶν
846 1727 1001 1772 ἅπαντα
1030 1727 1186 1786 χρόνον.

132 1852 176 1890 at
205 1850 289 1891 cod.
322 1850 437 1890 Vind.
469 1830 612 1902 Σοφοέ
641 1847 759 1891 ταντᾶ
791 1830 834 1905 Ξ,
865 1853 912 1891 ut
942 1854 1137 1902 appareat
1169 1851 1421 1892 scribendum
1459 1863 1547 1891 esse
1582 1854 1662 1892 Σο-

134 1912 329 1967 φοκλέους
363 1911 564 1957 Ταντάλου
595 1918 728 1970 χοροῦ,
760 1916 1094 1968 quemadmodum
1125 1918 1250 1956 etiam
1274 1917 1455 1969 Wagner
1479 1918 1660 1958 correxit.

134 2001 184 2008 —
227 1981 348 2032 Apud
380 1981 511 2022 Schol.
544 1981 665 2033 Soph
696 1982 843 2023 Electr.
879 1983 981 2022 139:
1018 1980 1085 2022 καὶ
1121 1978 1333 2036 Αἰσχύλος·
1371 1978 1517 2031 Μόνος
1551 1985 1661 2023 θεων

128 2041 203 2099 γὰρ
227 2036 403 2096 θάνατος
427 2042 476 2088 οὗ
501 2043 641 2100 δωρων
665 2046 752 2103 ἐρᾷ·
784 2043 931 2100 μόνος
956 2043 1011 2088 οὖ
1043 2045 1227 2101 δέχεται
1257 2049 1489 2103 γλυκερᾶς
1520 2045 1661 2101 μέρος

127 2108 332 2160 ἐλπίδος.
393 2114 571 2153 extrema
606 2114 704 2153 haec
735 2113 1012 2154 Schneidewin
1049 2113 1244 2154 Simonidi
1278 2113 1482 2154 vindicare
1521 2114 1658 2154 voluit.

133 2197 183 2203 —
216 2176 387 2227 Scolion,
417 2177 523 2228 quod
553 2178 735 2218 nonnulli
767 2177 963 2219 Simonidi
998 2179 1249 2231 tribuebant,
1286 2180 1365 2220 vid.
1397 2179 1498 2220 Scol.
1530 2181 1569 2219 8.
1601 2201 1656 2206 —

127 2243 188 2281 Ex
219 2242 419 2283 Simonide
456 2255 559 2294 quae
595 2243 721 2283 refert
756 2243 900 2284 Aetius
931 2244 988 2283 IV
1023 2248 1044 2284 1
1079 2257 1110 2285 c.
1144 2246 1199 2285 86
1233 2258 1280 2285 ex
1319 2243 1501 2284 Cornarii
1536 2244 1659 2284 inter-

125 2308 351 2367 pretatione
381 2321 420 2359 p.
447 2309 531 2348 647
564 2307 624 2348 ed.
657 2307 811 2360 Steph.:
842 2309 1084 2361 „Simonides
1113 2322 1202 2350 vero
1225 2321 1419 2360 pavonem
1450 2310 1570 2350 tradit
1592 2298 1658 2350 =co-

123 2375 230 2424 quito
274 2376 465 2423 apparato
500 2374 773 2415 medicamento
810 2376 863 2415 ad
899 2376 1022 2416 locwm
1051 2377 1213 2426 prodire
1250 2378 1284 2415 et
1326 2376 1513 2425 clamare,
1545 2377 1663 2424 seque*

127 2441 343 2490 expmadere
383 2443 417 2479 et
452 2441 770 2480 medicamentmn
806 2452 851 2480 ex
891 2443 998 2481 vasis
1040 2443 1274 2492 disperqere,
1312 2444 1381 2480 aut
1416 2442 1531 2481 etiam
1569 2441 1656 2489 effo-

126 2506 226 2552 dere,
257 2508 293 2546 si
322 2507 474 2556 quidem
504 2506 555 2545 sit
583 2506 654 2546 sub
686 2507 791 2546 terra
821 2507 1052 2555 defossum.“
1113 2519 1162 2546 ea
1199 2507 1231 2546 si
1269 2505 1482 2546 Simonidis
1511 2518 1655 2545 nomen

124 2571 215 2611 vitii
245 2574 308 2611 est
339 2583 491 2622 expers,
521 2572 628 2610 certe
654 2583 679 2610 a
708 2570 848 2612 melico
872 2574 991 2622 poeta
1016 2574 1113 2612 sunt
1136 2573 1278 2621 aliena,
1302 2572 1343 2611 id
1369 2570 1476 2622 quod
1501 2573 1543 2610 et
1565 2571 1655 2621 ipsa

124 2648 189 2676 res
221 2637 358 2688 arguit
389 2638 430 2676 et
460 2635 622 2675 nomina
651 2636 818 2675 testium
849 2636 1007 2686 docent,
1045 2637 1190 2688 quibus
1220 2636 1369 2677 ibidem
1400 2636 1544 2706 Aetius
1576 2636 1653 2676 uti-

123 2702 203 2752 tur,
232 2701 397 2751 Pisonis,
430 2701 610 2751 Menelbi,
641 2699 888 2753 Aris-todem,
918 2701 1158 2752 Pherecydis.

746 2899 1029 2906 ———

1705 526 1797 561 1200
