1864 3126
836 158 1048 195 ALCMAN.
1656 159 1706 201 71

174 274 252 315 νῦν
281 268 374 321 τοὺς
403 268 573 320 ἀθλίους
603 265 892 325 γραμματιστὰς
923 271 1068 322 ζητεῖν,
1107 262 1156 311 οὗ
1193 272 1269 324 γῆς
1305 266 1411 312 ταῦτ’
1447 266 1567 321 εἶναι,
1605 275 1710 312 λυσι-

171 340 295 380 τελεῖν
325 333 363 378 δ’
399 333 532 386 αὖτοῖς
563 335 628 377 καὶ
659 332 835 388 μακράν,
874 331 927 384 ὦς
966 334 1110 386 ἔοικεν,
1148 331 1339 377 ἀπελθεῖν
1379 332 1477 378 ὁδὸν
1507 339 1654 389 μᾶλλον
1684 333 1711 390 ἢ

171 401 261 457 περὶ
302 405 382 444 τῶν
419 398 661 443 Σκιαπόδων
703 397 884 454 ἀνήνυτα
926 397 1281 454 πραγματεύεσθαι.
1345 403 1515 445 Alcman
1552 406 1712 455 praeter

171 469 305 510 varias
331 471 485 521 gentes,
511 468 618 519 apud
644 480 743 519 quos
769 479 912 507 nomen
939 480 1056 507 suum
1082 467 1233 506 clarum
1262 481 1348 508 esse
1375 470 1564 519 iactabat,
1590 470 1710 509 etiam

169 534 398 575 fabulosum
424 533 627 574 hominum
648 546 775 585 genus
802 535 1185 573 commemoraverat
1209 530 1522 586 Στεγανόποδ
1530 550 1601 584 ας,
1632 535 1710 574 vid.

170 599 317 640 Strabo
349 600 369 639 I
401 601 477 640 43:
503 594 694 639 εΗσιόδου
726 594 765 638 δ’
801 594 876 639 οὐκ
907 594 958 637 ἄν
988 611 1045 645 τις
1076 594 1289 638 αἰτιάσαιτο
1321 595 1509 653 ἄγνοιαν,
1544 596 1709 652 ‘Hulw-

170 681 243 715 νας
272 664 454 719 λέγοντος
483 662 550 704 καὶ
581 660 933 717 Μακροκεφᾶλους
964 661 1031 702 καὶ
1062 663 1320 716 Πυγμαίους,
1354 661 1447 704 οὐδὲ
1478 661 1553 719 γὰρ
1586 662 1710 706 αὐτοῦ

163 727 339 784 Ὀμήρου
369 732 490 771 ταῦτα
521 726 788 783 μυθεύοντος,
826 721 883 770 ὧν
921 727 994 768 εἰσὶ
1024 727 1091 768 καὶ
1129 722 1239 770 οὗτοι
1277 730 1319 769 οἱ
1354 732 1576 783 Πυγμαῖοι,
1617 723 1708 771 οὐδ’

163 793 382 850 Ἀλκμᾶνος
411 792 716 850 Στεγανόποδας
746 792 997 848 ἱστοροῦντος
1035 797 1111 835 κτλ.
1177 795 1343 835 Similia·
1369 796 1462 835 ibid.
1499 797 1574 835 VII
1607 799 1710 838 299:

132 877 143 883 ·
165 859 365 916 Ἀλκμᾶνα
409 860 453 902 δὲ
495 858 787 916 στεγανόποδας
830 855 1005 914 (λέγειν).
1079 860 1194 899 Adde
1239 859 1370 900 Cram.
1415 861 1490 900 An.
1537 860 1606 901 Ox.
1646 862 1709 901 III

169 932 269 978 370,
301 932 341 971 8.
401 929 535 979 Vulgo
567 941 661 968 aves
687 928 890 978 palustres
917 927 995 966 dici
1019 927 1205 966 solebant
1235 922 1518 979 στεγανόποδες
1550 923 1709 978 ὄρνιθες

168 991 266 1050 (vid.
298 995 422 1035 Arist.
454 994 560 1035 Hist.
591 994 668 1034 An.
699 994 740 1032 II
776 996 841 1034 12.
879 992 981 1032 VIII
1020 994 1058 1032 3.
1104 992 1277 1043 Hesych.
1316 987 1602 1045 στεγανόποδες
1640 990 1706 1044 ὅρ-
1722 1003 1791 1035 865

167 1055 311 1114 νιθες).
373 1059 543 1099 Alcman
574 1061 710 1099 autem
747 1071 827 1098 non
863 1058 938 1097 hac
974 1059 1105 1098 forma
1144 1059 1309 1098 videtur
1351 1071 1449 1098 usus
1492 1071 1597 1109 esse,
1639 1059 1709 1098 sed

169 1129 243 1167 aut
281 1121 658 1179 Στεγανοὶποδας
695 1126 768 1164 aut
804 1120 1146 1178 Στεγνόποδας
1184 1124 1295 1164 dixit.
1357 1124 1468 1163 Idem
1507 1137 1600 1164 vero
1630 1125 1708 1164 for-

168 1194 279 1233 tasse
304 1193 515 1242 praeterea
539 1187 640 1230 alias
666 1190 870 1230 fabulosas
901 1192 1043 1242 gentes
1075 1190 1290 1241 recensuit,
1321 1202 1492 1240 quarum
1518 1203 1708 1241 magnum

166 1270 380 1298 numerum
411 1256 600 1297 exhibent
632 1256 778 1296 Strabo
810 1255 850 1294 II
885 1258 958 1302 70,
996 1256 1070 1295 XV
1105 1258 1186 1296 711
1228 1259 1270 1295 et
1308 1255 1438 1295 Tzetz.
1471 1254 1571 1294 Chil.
1606 1256 1706 1294 VIII

168 1325 252 1363 629
286 1335 379 1372 seq„
409 1321 480 1361 ubi
511 1322 580 1372 qui
610 1336 646 1362 v.
682 1323 764 1362 767
799 1323 1058 1373 μονοτοκῆται
1089 1322 1289 1373 dicuntur,
1321 1321 1610 1361 emendandum
1645 1325 1707 1361 est

161 1385 514 1437 Ἐνωτοκοῐται,
561 1389 609 1426 ut
652 1388 761 1427 recte
804 1387 905 1427 vidit
947 1388 1192 1439 Lobeckius,
1242 1388 1576 1438 quemadmodum
1625 1387 1705 1427 iam

164 1454 434 1505 Kiesslingius
464 1453 570 1492 idem
602 1466 747 1492 nomen
778 1467 814 1493 v.
849 1455 933 1493 638
967 1454 1163 1503 restituit,
1182 1454 1245 1493 cf.
1277 1454 1411 1493 Nonni
1443 1453 1596 1491 XXVII
1630 1454 1704 1492 94:

165 1515 301 1571 ἆνέρες
335 1513 610 1569 Οὗατοκοῖται,
641 1514 719 1558 οἷσι
749 1517 866 1570 θέμις
898 1518 1112 1571 δολιχοῖσιν
1142 1514 1203 1559 ἐπ’
1239 1515 1381 1558 οὔασιν
1407 1514 1538 1558 ὕπνον
1564 1514 1703 1558 ἰαύειν·

165 1584 326 1624 eosdem
359 1586 534 1634 nugator
564 1584 710 1634 aliquis
742 1584 914 1623 inseruit
943 1586 1126 1635 gentium
1157 1585 1399 1624 Asianarum
1438 1586 1622 1635 catalogo
1662 1586 1703 1624 in

165 1650 349 1701 Xenoph.
380 1649 509 1689 Anah.
542 1650 618 1688 VII
650 1651 689 1698 8,
724 1651 801 1689 25:
833 1647 900 1689 καὶ
925 1646 1072 1702 Κόλχοι
1102 1648 1169 1689 καὶ
1194 1645 1450 1690 Μοσσύνοικι
1473 1648 1540 1689 καὶ
1566 1652 1704 1690 Κοῖτοι

166 1711 218 1768 (s.
250 1711 423 1769 Κοῖται),
454 1727 548 1755 nam
578 1712 645 1754 καὶ
673 1710 949 1755 Ἐνωτοκοῖται
979 1715 1036 1754 ibi
1068 1715 1332 1763 scribendum,
1359 1716 1437 1754 nisi
1468 1717 1585 1756 malis
1619 1718 1703 1755 Χα-

164 1783 370 1833 μαικοῑται.
432 1779 490 1819 Ac
535 1780 668 1820 nescio
712 1793 764 1820 an
807 1781 993 1820 similiter
1030 1781 1158 1831 decipi
1196 1793 1238 1819 se
1276 1793 1420 1830 passus
1460 1782 1513 1819 sit
1551 1782 1703 1821 Plinius

164 1847 269 1887 Hist.
301 1846 350 1886 N.
383 1845 441 1883 IV
474 1847 541 1895 83,
574 1845 643 1885 ubi
675 1846 716 1884 in
746 1847 981 1896 portentosa
1021 1847 1217 1886 librorum
1254 1845 1453 1896 scriptura
1477 1847 1702 1886 Enoechad-

164 1913 222 1952 loe
253 1907 501 1966 (εηοαεὰἰοαε
531 1905 603 1964 al.)
639 1924 720 1951 non
759 1912 1091 1962 Hellenoscythac,
1131 1915 1176 1951 ut
1213 1911 1373 1951 Urlichs
1412 1911 1596 1961 coniecit,
1635 1913 1704 1952 sed

166 1978 241 2018 hoc
271 1978 404 2028 ipsum
428 1989 573 2016 nomen
597 1977 759 2017 videtur
785 1977 1031 2027 delitescere,
1057 1989 1103 2016 ac
1128 1977 1301 2016 fortasse
1327 1976 1431 2015 idem
1457 1978 1703 2028 adscriptum

163 2043 243 2082 fuit
273 2041 424 2082 Christi
455 2042 640 2098 imagini„
674 2056 794 2094 quam
825 2043 994 2082 Tertull.
1027 2043 1129 2093 apol.
1165 2045 1218 2082 16
1251 2046 1294 2083 et
1323 2044 1374 2082 ad
1406 2046 1487 2082 nat.
1522 2045 1605 2082 114
1639 2044 1702 2082 de-

164 2109 334 2160 scripsit.
365 2130 423 2136 —
455 2108 644 2148 Ceterum
674 2109 723 2148 de
754 2110 828 2148 hoc
853 2107 1058 2148 Alcmanis
1091 2109 1265 2148 carmine
1293 2109 1516 2159 disputavit
1542 2109 1699 2148 Schnei-

163 2174 292 2214 dewin
335 2174 387 2213 ad
424 2173 558 2214 Orion.
590 2188 628 2224 p.
662 2175 718 2214 20
757 2186 864 2225 seqq.
902 2175 951 2212 cf.
983 2175 1104 2214 ctiam
1142 2187 1264 2225 supra
1301 2175 1349 2215 fr.
1383 2176 1449 2213 25.
1512 2174 1701 2214 Fortasse

163 2240 240 2279 huc
271 2240 447 2290 pertinet
477 2239 599 2279 etiam
631 2239 822 2291 Hesychii
853 2240 990 2291 glossa
1024 2234 1370 2290 Τιθωνόκομον
1401 2236 1557 2285 ἔθνος.

828 2379 925 2424 119.
959 2379 1035 2432 [9.]

285 2466 400 2507 Diod.
433 2465 553 2506 Sicul.
592 2464 649 2503 IV
684 2463 729 2505 72'
767 2463 867 2518 Περὶ
904 2462 947 2505 δὲ
983 2466 1061 2504 τῶν
1097 2466 1300 2513 Μουσῶν,
1338 2459 1548 2515 ἐπειδήπερ
1585 2459 1699 2515 ἐμνή-

165 2534 321 2582 σθημεν
352 2529 396 2570 ἐν
425 2532 509 2578 ταῖς
539 2531 609 2570 τοῦ
642 2526 843 2570 Διονύσου
873 2525 1074 2582 πράξεσιν,
1101 2530 1248 2570 οἰκεῖον
1273 2521 1326 2568 ἂν
1358 2528 1417 2579 εἴη
1450 2529 1624 2569 διελθεῖν
1655 2527 1699 2569 ἔν

164 2594 409 2647 κεφαλαίοις’
441 2591 583 2643 ταύτας
613 2590 687 2648 γὰρ
719 2595 762 2635 οἱ
795 2596 966 2635 πλεῖστοι
1002 2597 1080 2635 τῶν
1117 2590 1396 2647 μυθογράφων
1433 2592 1498 2633 καὶ
1535 2589 1699 2645 μάλιστα

165 2660 207 2701 οἱ
234 2658 559 2712 δεδοκιμασμένοι
602 2658 700 2710 φασὶ
742 2657 964 2712 θυγατέρας
1008 2655 1109 2699 εἶναι
1152 2655 1250 2707 Διὸς
1292 2658 1357 2699 καὶ
1401 2654 1697 2711 Μνημοσύνης,

165 2721 288 2779 ὀλίγοι
320 2722 363 2765 δὲ
393 2727 473 2765 τῶν
502 2726 697 2777 ποιητῶν,
735 2723 779 2764 ἐν
817 2720 877 2772 οἷς
915 2722 992 2763 ἐστὶ
1023 2722 1090 2763 καὶ
1117 2720 1290 2775 Ἀλκμᾶν
1322 2718 1564 2777 (Ἀλκμαίων
1595 2718 1697 2776 FG),

165 2788 386 2844 θυγατέρας
417 2786 710 2842 ἀποφαίνονται
744 2785 932 2841 Οὐρανοῦ
963 2786 1028 2827 καὶ
1061 2790 1151 2839 Γῆς.
1204 2789 1263 2828 Cf.
1289 2788 1418 2828 Schol.
1444 2788 1557 2828 Pind.
1583 2787 1697 2828 Nem.

165 2854 228 2895 111
261 2857 328 2896 16.
389 2855 467 2895 Sed
498 2856 584 2907 ipse
615 2856 783 2895 Alcman
815 2855 861 2894 fr.
894 2855 951 2894 45
984 2855 1025 2893 et
1057 2855 1111 2893 59
1144 2854 1252 2894 Iovis
1284 2854 1408 2893 filiam
1439 2854 1597 2893 Musam
1629 2866 1696 2904 ap-

165 2921 303 2971 pellat.
363 2921 483 2973 Apud
514 2920 638 2961 Clem.
671 2921 734 2961 Al.
766 2921 894 2960 Protr.
930 2922 1003 2959 19:
1040 2915 1110 2968 τὰς
1147 2916 1190 2959 δὲ
1227 2914 1421 2969 Μούσας,
1458 2914 1507 2967 ἃς
1533 2915 1695 2958 Ἄλκαν-
