1864 3126
199 173 284 215 338
546 162 548 167 ⁴
608 198 614 203 .
765 171 956 207 POETAE
981 170 1158 207 MELICI.

198 276 328 320 εἰειῶν,
355 278 383 311 Β
398 274 539 322 κόσμον
553 275 615 313 ἀεὶ
629 274 693 322 ὢν,
714 278 826 323 atque
846 277 901 313 ita
915 278 994 314 cod.
1010 279 1165 324 August.
1180 289 1239 323 ap.
1255 277 1377 314 Herm.
1394 277 1618 313 Elem.Metr.
1638 279 1719 314 488.

199 347 241 351 —
271 326 406 360 Versus
432 326 495 369 qui
521 327 714 371 praeterea
739 325 877 371 legitur
902 326 1000 371 apud
1025 326 1261 371 Matrangam
1287 327 1325 360 et
1350 327 1416 361 An.
1445 325 1560 360 Chis.:

484 395 601 432 Βλέπε
628 393 722 441 πρὸς
747 396 852 441 (πῶς)
878 393 984 437 κόνις
1008 393 1054 431 τὰ
1080 394 1215 431 πάντα.

201 468 348 514 Iynatii
373 469 442 513 est,
469 467 542 503 vid.
570 467 752 512 Matrang
779 466 847 502 An.
876 470 956 502 664.
1006 467 1150 502 Ibidem
1173 467 1247 502 duo
1271 466 1432 503 trimetri
1458 467 1650 512 leguntur:

486 536 542 573 Τὰ
570 535 664 573 καθ’
691 535 790 584 ἡμᾶς
815 535 989 598 δακρύων
1015 535 1104 581 ἄξια
1128 535 1268 579 πάντες

483 586 724 631 καθορῶντες
749 582 924 630 δακρύων
951 582 1119 631 ῥεύματα
1145 590 1265 631 χεῖται
1290 586 1328 631 (l.
1354 586 1481 631 χεῖτε).

201 679 242 683 -
273 657 475 693 Christiani
512 655 674 692 hominis
706 657 859 702 stropha
888 659 945 691 est
977 657 1137 701 quatuor
1166 667 1351 698 versuum,
1382 667 1494 701 quam
1528 655 1725 702 adscripsit

200 705 301 741 Elias
327 706 372 740 de
397 704 527 740 metris
552 717 588 750 p
615 708 660 739 80
681 705 727 749 (v.
752 709 781 738 1.
802 708 834 739 2.
855 707 877 738 4
903 705 1032 739 extant
1058 704 1172 739 etiam
1197 716 1255 749 ap.
1278 703 1359 739 Keil
1385 703 1492 739 Anal.
1513 715 1565 749 gr.
1589 704 1721 748 p.13):

484 777 570 811 Φίλε
598 772 647 821 μὴ
673 771 803 811 λαθοι’
831 772 934 833 ἐμεῖο

481 820 618 881 αρετῆς
642 819 813 866 τρόποισι
837 820 1013 880 λαμπων,

483 883 633 916 αγαπης
659 867 771 913 ὅρους
797 867 1012 928 φυλάττων,

482 918 657 964 μοναχῶν
683 930 811 964 αριστε
836 916 984 963 Μαρκε.

202 1002 246 1026 ex
272 989 430 1034 euculio,
456 989 555 1034 quod
580 989 638 1024 his
663 989 832 1025 versibus
858 989 1095 1025 subiunctum
1120 988 1202 1034 fuit,
1234 988 1391 1024 fortasse
1416 988 1558 1034 petitus
1583 999 1721 1033 versus,

202 1049 311 1083 quem
337 1039 486 1083 praeter
510 1037 712 1083 Hephaest.
739 1037 852 1072 schol.
880 1037 978 1072 idem
1004 1036 1106 1072 Elias
1132 1034 1304 1072 exhibet:

482 1104 619 1154 ἀρετῆς
644 1104 881 1152 εὐστεφάνου
907 1104 1035 1142 ἄνθεα
1060 1105 1214 1162 δρέψας.

204 1202 246 1207 —
273 1180 368 1216 Item
388 1179 462 1215 duo
480 1191 617 1223 versus,
644 1179 708 1224 qui
727 1179 900 1225 leguntur
924 1178 1022 1223 apud
1043 1177 1204 1213 Gramm.
1226 1178 1363 1213 Harlei.
1391 1190 1425 1223 p.
1446 1181 1515 1213 333
1542 1177 1597 1213 ed.
1619 1177 1722 1212 Gais-

173 1279 175 1281 .
199 1228 292 1264 ford.
321 1227 484 1273 (eosdem
510 1238 555 1262 ex
580 1227 659 1262 cod.
687 1227 864 1269 Bernensi
895 1225 1093 1271 adscripsit
1122 1226 1310 1261 Hermann
1340 1225 1458 1260 Elem.
1483 1225 1590 1260 Metr.
1616 1226 1721 1270 488):

478 1295 521 1334 Ὁ
543 1295 631 1339 νόος
655 1296 763 1333 θέλει
789 1298 990 1343 γεραίρειν,

485 1343 504 1380 ὁ
530 1343 617 1386 νόος
641 1343 750 1381 θέλει
775 1347 1001 1391 καθυμνεῖν.

203 1418 305 1454 haud
330 1417 441 1453 dubie
467 1428 511 1452 ex
538 1416 741 1452 christiano
767 1416 929 1452 carmine
954 1415 1066 1461 petiti
1089 1416 1186 1453 sunt.

298 1465 464 1510 Denique
489 1476 631 1508 versus,
659 1475 752 1509 quos
778 1462 976 1509 adscripsit
1001 1463 1137 1499 Tricha
1160 1476 1196 1509 p.
1223 1467 1285 1498 36:

481 1534 544 1571 Ἐν
569 1532 788 1594 οἶφανέσ(σ)ι
816 1533 1010 1592 βελέμνοις

486 1584 646 1629 κραδίην
671 1581 789 1629 μέσην
814 1580 1002 1628 γυναικός.

202 1666 359 1700 quorum
385 1655 545 1701 priorem
572 1655 685 1690 etiam
703 1667 739 1700 p.
761 1658 805 1691 33
831 1653 950 1700 affert,
975 1654 1217 1699 posteriorem
1238 1653 1377 1699 repetit
1396 1665 1430 1699 p.
1453 1657 1508 1697 51,
1535 1652 1598 1688 ubi
1617 1663 1724 1698 prae-

201 1705 306 1738 terea
330 1702 484 1738 tertium
510 1703 609 1738 hunc
633 1701 756 1738 addit:

477 1771 669 1820 ’Έδραμον
695 1771 892 1809 δύσοιστον
919 1770 1038 1819 οἷμον.

204 1845 395 1881 exordium
422 1846 508 1880 sunt
530 1845 726 1890 poematis,
759 1845 859 1890 quod
883 1844 963 1890 ipse
990 1844 1126 1879 Tricba
1152 1843 1334 1888 condidit,
1366 1846 1410 1879 ut
1432 1844 1532 1878 recte
1558 1842 1724 1878 animad-

201 1892 315 1929 vertit
339 1892 539 1938 Westphal
569 1893 677 1927 Metr.
704 1893 737 1926 II
764 1897 806 1935 2,
835 1896 911 1927 113.
962 1892 1053 1927 Erat
1084 1891 1240 1937 stropha
1269 1903 1440 1927 versuum
1473 1891 1573 1934 octo,
1610 1900 1722 1935 quam

201 1940 388 1976 cuculium
414 1940 639 1984 sequebatur
665 1939 807 1975 duobus
832 1939 1011 1975 trimetris
1037 1940 1221 1975 constans.
