1864 3126
820 166 1019 204 SAPPHO.
1629 169 1686 210 85

153 283 198 319 10
222 270 355 327 ὄκεες
385 274 604 331 στροῦθοι
635 273 737 331 περὶ
768 276 851 330 γᾶς
881 278 1092 331 μελαίνας

221 342 371 390 πύκνα
403 346 630 397 δινεῦντες
659 344 781 402 πτέρ’
816 341 891 388 ἀπ’
927 344 1090 403 nimivm
1122 352 1244 391 αἰθε-

436 432 515 473 ρος
546 412 622 459 διὰ
653 414 812 472 μέσσω.

220 483 332 539 αἶψα
364 484 406 530 δ’
442 486 658 539 ἐξίκοντο·
690 484 744 530 τὺ
777 483 836 542 δ’,
869 480 905 531 αἶ
937 485 1153 545 μάκαιρα,

220 554 491 614 μειδιάσαισ’
525 555 740 618 &vamina
772 557 1016 618 προσώπω,

155 640 197 673 15
223 626 335 686 ἤρε’,
368 626 460 674 ὄττι
493 622 627 686 δηῦτε
658 629 863 673 πέπονθα
894 628 1028 675 κῶττι

435 694 571 757 δηῦτε
601 698 784 758 κάλημι,

221 770 352 817 κῶττι
383 789 460 829 μοι
490 772 678 829 μάλιστα
707 771 828 816 θέλω
860 772 1073 829 γένεσθαι

151 928 233 963 tum
257 926 370 964 fidem
395 926 561 963 secutus:
587 926 701 972 atque
726 926 770 962 fr.
796 926 923 974 adesp.
950 930 996 963 55
1011 928 1054 972 A,
1080 932 1101 964 8
1127 928 1238 974 plane
1261 930 1330 965 ‘est
1353 930 1532 965 traditum
1560 927 1677 967 OTK’

151 974 304 1012 OYTOE.
338 973 434 1010 Sane
459 973 604 1019 aliquot
627 973 701 1010 loci
727 972 898 1020 Sapphus
924 976 963 1011 et
982 975 1110 1011 Alcaei
1136 976 1316 1023 refragari
1342 976 1584 1021 videbantur,
1617 979 1679 1014 sed

146 1034 192 1058 ex
217 1021 275 1058 his
299 1021 509 1068 complures
534 1033 633 1058 nunc
658 1021 838 1058 librorum
862 1022 1088 1060 auctoritate
1115 1024 1304 1060 emendati
1329 1026 1426 1069 sunt,
1458 1036 1531 1071 qno
1557 1025 1679 1061 minus

146 1068 317 1106 dubitavi
347 1069 396 1106 ad
426 1069 585 1105 eundem
617 1069 768 1106 modum
804 1069 967 1115 reliquos
999 1071 1197 1116 corrigere,
1228 1072 1333 1107 velut
1365 1072 1537 1118 Sapphus
1563 1071 1606 1108 fr.
1635 1077 1679 1109 52

146 1113 279 1163 ἔρχεθ’
307 1112 388 1162 ὅρα
413 1118 452 1152 et
471 1113 665 1161 καθεύδω,
690 1116 734 1152 fr.
756 1120 802 1152 54
821 1114 916 1153 ποθ’
939 1111 1008 1154 ὧδ’
1030 1118 1108 1164 (ubi
1128 1118 1234 1155 varia
1258 1119 1447 1178 scriptura
1466 1114 1552 1156 οὔδ’
1574 1121 1679 1156 testi-

145 1164 278 1202 ficatur
302 1158 371 1200 ὧδ’
399 1163 490 1200 olim
516 1164 697 1210 scriptum
723 1164 869 1210 fuisse),
895 1165 938 1202 fr.
967 1170 1011 1202 68
1038 1163 1124 1202 οὔτε
1151 1163 1231 1202 τότ’
1259 1163 1337 1203 οὔθ
1378 1163 1549 1213 ὕστερον,
1576 1168 1679 1204 cuius

145 1210 221 1247 loci
244 1211 436 1248 restitutio
462 1211 612 1248 omnino
638 1211 798 1257 incerta,
824 1212 868 1248 fr.
897 1217 941 1249 93
969 1210 1186 1258 ἑφίκεσθαι.
1236 1213 1367 1251 Alcaei
1399 1215 1442 1252 fr.
1479 1219 1521 1250 15
1555 1214 1679 1251 καθύ-

143 1261 290 1306 περθεν
316 1260 355 1295 et
378 1256 565 1304 πρώτισθ’
598 1255 672 1295 ὑπὸ
706 1259 787 1304 (ubi
810 1259 898 1296 libri
923 1262 1060 1306 partim
1085 1258 1304 1307 πρώτιστα),
1336 1263 1379 1298 fr.
1414 1267 1457 1298 62
1491 1260 1676 1306 ἑδέξανθ’

143 1302 258 1353 ἅγναι
288 1307 403 1352 (quod
436 1307 697 1353 corrigendum
728 1318 807 1344 esse
839 1308 950 1344 docet
980 1310 1023 1344 fr.
1050 1310 1130 1354 55),
1161 1308 1321 1355 denique
1353 1310 1397 1346 fr.
1429 1310 1596 1356 adespot.
1632 1316 1674 1347 61

144 1351 308 1400 ἐφόρεις.
352 1355 539 1390 Intactum
565 1354 701 1400 reliqui
726 1353 807 1391 Alc.
834 1355 876 1391 fr.
898 1359 943 1392 39
964 1355 1155 1400 ψκαθὲταν,
1181 1357 1281 1402 quod
1307 1358 1495 1403 quomodo
1522 1358 1572 1394 sit
1597 1369 1677 1395 cor-

142 1401 172 1437 r'
202 1402 338 1438 endum
363 1412 512 1448 prorsus
537 1402 731 1438 incertum.
782 1403 991 1439 Fatendum
1023 1415 1111 1440 sane
1143 1404 1300 1450 psilosin
1325 1405 1464 1450 passim
1491 1406 1676 1451 ambigui—

140 1451 182 1486 ta
201 1461 221 1486 e
251 1449 433 1495 laborare,
465 1449 571 1485 velut
602 1449 681 1487 Alc.
708 1449 752 1485 fr.
780 1453 824 1485 75
857 1448 911 1492 εἷς
935 1451 958 1486 i.
986 1462 1018 1488 e.
1045 1450 1110 1495 εἷς,
1142 1453 1180 1487 et
1211 1452 1331 1488 multo
1357 1452 1477 1498 magis
1504 1453 1677 1499 Sapphus

103 1526 109 1529 .
141 1495 185 1532 fr.
211 1500 257 1533 85
283 1497 400 1542 Κλῆϊς
424 1493 606 1542 οἷγαπᾶτα
631 1497 654 1532 i.
682 1508 712 1533 e.
740 1494 764 1532 ἁ
791 1494 984 1544 ἆγαπᾶτα,
1010 1510 1125 1544 quare
1151 1500 1320 1534 veterum
1345 1500 1675 1545 grammaticorum

140 1555 244 1580 more
270 1543 324 1580 ibi
349 1543 534 1590 syllabam
567 1544 788 1590 productam
815 1546 954 1582 notavi.
1004 1545 1055 1582 At
1086 1546 1311 1582 recentiores
1343 1547 1543 1583 Aeolenses
1575 1548 1675 1584 haud

140 1591 332 1638 aspernati
358 1591 445 1627 sunt
469 1591 642 1637 spiritum
668 1603 853 1638 asperum,
887 1592 925 1628 id
957 1593 1058 1638 quod
1089 1593 1191 1629 tituli
1223 1594 1368 1638 docent,
1400 1595 1513 1630 etiam
1540 1595 1676 1641 Lesbii,

141 1638 181 1675 in
206 1638 342 1685 quibus
368 1640 424 1674 est
448 1635 619 1680 καθόδος
643 1639 735 1684 alia3
762 1651 882 1685 neque
907 1640 1054 1684 mirum,
1081 1652 1166 1677 nam
1193 1643 1363 1687 tempore
1381 1643 1559 1688 vergente
1580 1642 1674 1679 Aeo—

139 1686 214 1723 lica
245 1697 394 1732 quoque
427 1686 611 1722 dialectus
642 1687 814 1733 proprius
846 1688 1002 1724 accessit
1031 1689 1079 1724 ad
1110 1700 1344 1725 communem
1376 1690 1555 1726 sermonis
1587 1701 1672 1726 con·

141 1733 387 1770 suetudinem.
436 1733 582 1770 Ahrens
614 1734 805 1771 Aeolicam
837 1733 996 1781 psilosin
1031 1736 1252 1772 arctioribus
1284 1737 1417 1772 finibus
1448 1737 1674 1774 circumscri-

139 1781 302 1818 bendam
327 1781 483 1826 censuit,
509 1781 575 1817 sed
601 1792 698 1827 quae
725 1782 895 1819 sollerter
920 1783 1161 1830 excogitavit,
1186 1784 1334 1819 infirma
1359 1786 1456 1820 sunt.
1492 1806 1530 1811 ——
1566 1779 1673 1830 ἆγον,

138 1828 289 1888 ΔΒΜΒ,
304 1825 417 1874 ἆγον,
452 1829 481 1864 Ρ
506 1826 622 1874 ἄγων.
643 1876 651 1884 ·
673 1829 799 1884 Yerba
823 1827 931 1866 κάλοι
965 1858 971 1865 .
995 1858 1002 1866 .
1024 1860 1032 1867 .
1059 1832 1241 1877 στροῦθοι
1271 1832 1383 1868 aflert
1406 1831 1606 1890 IJerodian.
1635 1846 1671 1868 π.

138 1888 222 1967 ἐζίἷζ
244 1876 1527 1970 ῗὲξὲὲἒῗὶὲἷρεπῗῗζρᾷἰῗφῒῖὴθέειέᾗᾆξ’ὲιῗὶῃέἓιῗὲἓζῗῗὲκῖἔῗῗ
1543 1892 1607 1963 ‘ii‘
1611 1893 1671 1963 ‘1²5ss

138 1970 225 2016 περὶ
249 1972 320 2017 γᾶς
343 1971 460 2016 ΜΒΡ,
484 1972 525 2025 ,Β
549 1971 636 2017 περὶ
660 1972 740 2017 γῆς,
772 1983 899 2020 apogr.
927 1973 1025 2010 Vict.
1051 1974 1138 2018 περὶ
1169 1974 1242 2020 γᾶν
1268 1972 1462 2021 μέλαιναν,
1494 1972 1673 2020 πτέριγας

138 2017 183 2063 A,
203 2017 390 2064 πτέρυγας
408 2018 575 2063 Ursinus,
595 2020 695 2065 quod
718 2020 807 2056 olim
826 2021 997 2066 probavi,
1022 2021 1078 2058 ita
1096 2023 1139 2058 ut
1157 2034 1190 2058 v.
1215 2025 1255 2058 11
1278 2021 1478 2058 scriberem
1499 2021 1665 2058 δινεύον-

137 2078 199 2107 τες
222 2066 342 2103 eiecto
366 2066 551 2103 vocabulo
576 2065 707 2112 πτέρα,
732 2068 832 2112 quod
852 2068 927 2104 iam
951 2069 1101 2105 Ursinus
1122 2069 1275 2106 delevit.
1301 2070 1387 2115 περὶ
1406 2071 1477 2115 γᾶς
1495 2071 1553 2105 est
1571 2070 1669 2105 idem

137 2114 237 2160 quod
260 2110 358 2159 ὑπὲρ
383 2114 464 2159 γᾶς,
495 2114 777 2150 convenientius
809 2127 896 2152 sane
922 2116 1008 2152 huic
1041 2116 1123 2152 loco
1149 2116 1259 2162 προτὶ
1284 2117 1356 2162 γᾶν
1383 2116 1579 2163 μέλαιναν,
1606 2118 1668 2152 sed

138 2160 356 2197 adversatur
373 2161 581 2207 paradosis,
599 2173 668 2198 nec
686 2162 796 2208 προτὶ
813 2163 899 2209 γαὶς
917 2165 1111 2209 μελαίναις
1129 2163 1327 2210 pluraliter
1346 2164 1550 2210 probabile.
1579 2165 1669 2200 Her-

138 2219 251 2244 mann
275 2207 470 2254 πτέρυγος,
495 2211 630 2255 postea
650 2208 835 2255 πτέρυγας
854 2213 892 2246 et
911 2208 1084 2255 περάτων
1104 2208 1174 2247 ἀπ’
1197 2210 1364 2257 αἰθέρος,
1392 2212 1564 2257 Hartung
1583 2211 1670 2247 ποτὶ

137 2255 208 2301 γᾶς
234 2256 348 2301 (quod
368 2266 443 2291 non
461 2258 605 2302 aptum)
630 2257 690 2293 vel
716 2255 816 2294 πεδὰ
842 2259 915 2304 γᾶν
941 2257 1133 2305 μέλαιναν.
1157 2280 1198 2285 —
1220 2259 1264 2294 V.
1288 2263 1343 2294 11.
1370 2259 1566 2299 δινεῦντες
1584 2258 1668 2304 ΒΜ,

137 2303 311 2348 δινῆντες
336 2302 406 2347 PC,
439 2303 612 2345 δινῦντες
643 2303 675 2340 G
700 2306 743 2340 ut
767 2306 890 2350 vulgo.
925 2327 968 2332 —
1001 2302 1125 2351 πτέρ’,
1157 2307 1185 2341 P
1211 2305 1339 2351 πτέρα.
1377 2327 1417 2331 -
1452 2302 1584 2351 ὥράνω
1610 2305 1668 2341 αἰ-

136 2348 254 2395 θέρος
274 2347 338 2386 διὰ
360 2348 495 2395 μέσσω,
520 2350 617 2386 APG
638 2347 786 2396 ὥρανῶ·
813 2351 931 2396 θέρος
951 2349 988 2389 δ’
1009 2350 1165 2399 ἄμεσπω
1185 2355 1230 2399 (Α
1251 2349 1344 2399 ἅμες
1363 2355 1449 2398 πω),
1469 2352 1496 2388 C
1516 2350 1668 2397 ὥρανῶ·

135 2395 252 2443 θέρος
285 2397 347 2442 (de
379 2397 520 2434 ultimis
553 2409 626 2433 non
660 2400 841 2444 constat),
872 2399 904 2435 D
931 2397 1239 2446 ἅπωρανώθερος
1264 2398 1328 2436 διὰ
1355 2399 1474 2446 μέσω,
1507 2400 1598 2436 item
1624 2401 1668 2446 R,

136 2445 201 2490 qui
226 2443 363 2491 μέσων,
389 2446 426 2481 Μ
453 2442 604 2490 οὖρανῶ
631 2444 789 2492 αίθέρος
814 2445 878 2482 διὰ
904 2445 1014 2493 μέσω.
1060 2448 1205 2483 Ahrens
1238 2448 1332 2484 coni.
1366 2445 1492 2483 πύκνα
1519 2449 1665 2483 δι’ννον-

135 2504 196 2533 τες
221 2491 335 2536 (idem
361 2495 474 2528 antea
506 2493 688 2537 δίνεντες)
715 2490 822 2538 πτέρ’
851 2491 920 2531 ἀπ’
949 2493 1082 2540 ὠράνω
1108 2492 1155 2530 θ’
1185 2494 1270 2536 ἕδος
1295 2494 1393 2530 πεδὰ
1420 2493 1549 2542 Λέσβω
1575 2491 1665 2538 αἶψ’

134 2535 628 2623 ἕ9ἰῖιξίᾬᾞέριΗὲΜΨ
652 2539 1244 2632 33520‘52‘120‘3'2‘'’vffieszsss
1260 2539 1666 2633 ’ἓηᾶζοῃῖὶξῖτψῗῗῖῗ

135 2630 212 2678 ἄρ’.
252 2634 359 2670 Blass
391 2616 490 2678 alati&
510 2598 782 2680 {egdsssiderat
817 2657 859 2662 —
887 2602 1075 2681 ἐξίκοντέ,
1108 2637 1145 2671 Μ
1173 2634 1364 2682 ἐξήκοντα,
1395 2637 1426 2671 D
1455 2633 1664 2680 ἐξήκοντος.

136 2701 180 2707 -
207 2678 252 2716 τὸ
278 2678 329 2726 δ’,
354 2682 387 2717 D
412 2683 452 2717 τί
473 2678 523 2717 δ’.
553 2702 594 2707 -
622 2678 802 2729 μάκαιρα,
828 2683 856 2718 Ρ
881 2681 1055 2729 μάκειρα.
1079 2706 1114 2709 —
1148 2683 1190 2719 V.
1214 2688 1268 2719 14.
1295 2680 1527 2729 μειδιάσαισ’
1551 2683 1664 2727 Neue,

134 2728 248 2774 vulgo
280 2726 509 2775 μειδιάσασ’.
550 2750 592 2756 -
633 2729 676 2764 V.
707 2734 760 2767 15.
787 2723 901 2776 δηῦτε
938 2731 1136 2775 Hermann,
1173 2728 1211 2765 δ’
1244 2731 1292 2776 ῆυ
1324 2744 1366 2766 το
1392 2731 1432 2775 Ρ,
1470 2727 1508 2765 δ’
1542 2724 1589 2776 ἦν
1621 2729 1663 2766 τὸ

135 2774 263 2811 ceteri.
291 2797 336 2803 —
362 2773 474 2812 κῶττι
500 2777 672 2823 Sylburg,
699 2777 737 2812 M
763 2774 864 2819 κῶτι,
891 2778 922 2812 D
948 2775 1038 2813 xn’itt
1064 2791 1125 2822 κα,
1151 2778 1263 2823 vulgo
1289 2774 1326 2812 ’t'
1354 2774 1442 2813 ὅττι.
1471 2799 1514 2804 -
1542 2778 1585 2814 V.
1608 2783 1662 2815 16.

135 2816 248 2867 δηῦτε
286 2824 488 2869 Hermann,
526 2821 564 2859 δ’
598 2838 689 2870 ηυτε
723 2825 764 2869 Ρ,
802 2822 887 2870 διήν
914 2837 951 2860 τε
979 2825 1026 2869 C,
1062 2821 1099 2860 δ’
1127 2821 1174 2870 ἦν
1200 2838 1237 2860 τε
1266 2826 1316 2870 G,
1355 2826 1469 2870 δεῦρο
1501 2825 1584 2861 ΜΒ.
1619 2847 1662 2852 -

136 2867 274 2916 κάλημι
297 2870 348 2916 Μ,
373 2874 538 2930 καλημμι
562 2871 707 2916 APCR,
742 2869 935 2917 κάλλημην
966 2872 1008 2909 D.
1044 2892 1088 2899 —-
1120 2874 1164 2907 V.
1194 2877 1247 2908 17.
1280 2869 1392 2908 κῶττι
1424 2886 1487 2918 μοι
1519 2872 1661 2919 scripsi,

136 2916 334 2964 legebatur
364 2915 402 2954 κ’
428 2914 492 2955 ’ἅττ
536 2917 630 2968 ἐμῷ,
662 2919 691 2955 Ρ
715 2916 817 2955 ’tritt'
846 2918 941 2968 ἐμῷ,
977 2919 1004 2956 C
1031 2916 1134 2956 κὸττι
1160 2916 1255 2967 ἐμῷ,
1287 2919 1359 2955 ΜΒ
1385 2919 1475 2956 χῶτι
1506 2917 1543 2966 γ’
1572 2918 1660 2969 ἐμῷ.
