1864 3126
0 2865 43 3126 ξιφήρεις-ης,
0 2347 28 2862 «ΜΨ-*π
0 2212 14 2338 *vr-v

773 117 1049 156 SfflONIDES.
1587 119 1674 162 491

140 226 327 265 Diodorus
356 226 425 264 has
456 238 601 284 pugnas
635 226 684 263 ad
708 226 766 263 01.
794 230 850 272 77,
876 231 898 262 3
924 227 1038 264 refert
1063 227 1129 275 (XI
1155 229 1235 274 60),
1260 227 1327 265 ita.
1339 228 1382 264 nt
1404 226 1502 264 nihil
1526 226 1677 264 obstare

139 274 327 321 videatur,
341 285 539 321 quominus
553 274 749 311 credamus
763 273 992 311 Simonidem
1013 274 1084 312 hoc
1103 275 1303 322 praeconio
1317 275 1510 312 Cimonem
1523 285 1676 311 exorna-

139 321 258 360 vium
288 322 355 359 sed
378 322 582 360 Diodorum
613 322 749 359 iustam
775 324 986 368 temporum
1012 323 1195 360 rationem
1229 334 1362 369 parum
1385 322 1588 369 diligenter
1611 322 1676 359 ob-

141 368 347 408 servavisse
371 370 463 407 eatis
489 381 672 417 snperqne
692 371 849 407 constat.
894 369 1021 416 Longe
1042 370 1152 406 aliter
1172 370 1366 415 Eusebius,
1392 370 1458 416 qui
1477 370 1549 407 hoc
1567 381 1675 416 proe—

139 417 233 455 lium
257 418 307 454 ad
333 417 390 455 Ol.
417 422 474 463 79,
499 422 522 453 4
546 417 677 455 refert:
715 417 781 454 sed
807 427 902 462 qnae
928 417 978 453 sit
1002 417 1059 453 illi
1083 418 1194 463 fides,
1221 418 1437 464 apparebit,
1463 418 1494 454 si
1518 417 1676 463 reliqua,

139 476 236 513 quae
259 465 314 503 ibi
339 467 525 511 recenset,
555 465 717 502 aliorum
747 468 944 502 auctorum
975 465 1049 501 fide
1074 465 1124 502 ad
1147 465 1263 502 iustos
1289 466 1453 502 calculos
1477 475 1675 502 revocave-

142 513 212 551 ris:
238 513 386 551 omissis
410 513 528 560 igitur
551 512 616 557 iis,
642 523 738 558 quae
762 524 838 549 non
862 512 954 549 licet
977 513 1068 549 satis
1093 515 1196 550 certo
1221 513 1270 549 ad
1296 513 1487 549 annalium
1507 513 1676 550 ordinem

140 572 331 607 revocare,
356 560 509 598 Eusebii
534 559 739 606 rationem
767 562 807 596 et
831 571 875 596 ex
901 560 1058 598 adverso
1079 561 1298 598 emendatos
1316 561 1470 597 annales
1490 559 1675 598 adscribo.

519 643 715 681 Eusebius.
1424 672 1427 674 .

139 691 197 730 01.
225 696 283 739 74,
307 696 341 730 4.
376 692 516 729 Xerxes
547 692 715 728 Athenas
749 690 921 728 incendio
953 692 1102 728 absum·
1141 692 1198 730 01.
1226 696 1283 738 75,
1312 697 1342 730 1.
1394 711 1396 713 ·

376 740 471 787 psit,
496 741 540 776 ut
560 739 639 786 ipse
658 738 747 776 Eus.
767 739 878 785 dicit,
904 739 1102 786 Callia(de)
1250 754 1254 758 ·

378 788 568 825 archonte.

140 836 199 872 01.
226 839 285 881 75,
312 840 343 872 1.
375 836 526 919 froc-ilia
549 835 599 872 ad
617 834 888 882 Thermopylas
914 836 954 872 et
971 835 1020 871 ad
1039 835 1103 871 Sa-
1141 835 1198 871 Ol.
1226 839 1283 880 75,
1312 839 1342 872 1.

392 894 565 919 aminem.

140 931 198 968 Ol.
225 935 283 973 75,
309 934 343 968 4.
374 930 490 967 Hiero
504 930 638 967 Geloni
651 929 820 967 succedit
837 930 898 976 (cf.
916 928 972 965 01.
990 934 1045 974 76,
1055 932 1101 975 2).
1142 930 1198 967 01.
1227 934 1284 975 75,
1310 935 1344 967 3.

139 979 197 1015 01.
223 983 281 1025 76,
309 982 340 1014 1.
372 978 521 1062 Pr<l>elia
554 978 604 1014 ad
635 978 810 1014 Plataeas
834 979 874 1014 et
897 977 998 1023 apud
1022 978 1103 1024 My·
1141 977 1199 1014 01.
1227 982 1283 1023 75,
1310 982 1342 1014 2.

377 1037 423 1062 ca
439 1037 496 1063 en.

139 1074 196 1110 01.
225 1077 281 1119 76,
308 1077 339 1110 4.
374 1073 557 1110 Pindarus
581 1073 769 1109 inclaruit.
905 1087 907 1089 ·
1142 1073 1198 1109 Ol.
1221 1077 1278 1117 75,
1301 1078 1330 1109 1.
1349 1074 1473 1119 (Diod.
1489 1074 1523 1109 S.
1540 1074 1589 1110 XI
1604 1074 1663 1119 26)

139 1121 197 1158 01.
225 1125 282 1166 77,
311 1126 341 1158 1.
373 1120 647 1157 Themistocles
678 1121 727 1156 ad
758 1121 888 1156 Persas
924 1120 1102 1166 confugit.
1142 1121 1197 1158 Ol.
1226 1125 1282 1166 75,
1311 1126 1340 1156 1.

138 1169 196 1206 01.
223 1173 280 1213 77,
306 1173 339 1206 2.
373 1169 422 1205 So
450 1168 577 1205 hocles
602 1167 765 1214 primam
783 1167 912 1204 docuit
935 1168 1101 1204 fabulam
1142 1169 1198 1205 Ol.
1226 1172 1283 1215 77,
1308 1172 1343 1205 4.

194 1218 199 1221 ’
376 1179 449 1262 (ciiJ
465 1215 580 1252 etiam
606 1215 664 1254 01.
691 1220 748 1260 78,
777 1217 821 1259 1).
853 1233 858 1237 ’
1189 1237 1194 1241 -

139 1262 196 1302 01.
223 1268 280 1310 78,
306 1268 340 1302 3.
375 1266 412 1309 a)
449 1263 714 1300 Themistoclis
757 1274 857 1300 mors
902 1263 1102 1310 (Diodorus

377 1359 417 1404 b)
445 1358 619 1395 Soc-rates
644 1360 766 1395 natus.
1142 1359 1198 1395 Ol.
1227 1363 1283 1404 77,
1309 1363 1331 1394 4
1358 1361 1444 1404 (sec.
1473 1359 1675 1405 Apollod.).

376 1407 410 1451 c)
436 1405 550 1452 Lapis
574 1406 621 1442 de
646 1405 751 1442 coelo
777 1405 925 1442 cecid'it.
1142 1407 1198 1443 Ol.
1227 1411 1284 1452 78,
1310 1411 1331 1443 2
1358 1406 1469 1453 (Plin.
1497 1407 1530 1442 11
1559 1408 1651 1452 149).

139 1455 197 1491 01.
223 1458 282 1498 79,
310 1459 340 1491 1.
374 1454 597 1490 Artaxerxes
623 1453 814 1490 Artabano
840 1453 1030 1490 successit.

139 1502 196 1539 01.
223 1505 280 1545 79,
308 1507 341 1537 3.
374 1501 526 1538 Siciliae
551 1501 732 1555 populare
757 1500 965 1547 imperium.
1142 1502 1200 1538 01.
1227 1506 1283 1548 78,
1310 1507 1342 1538 3.

141 1549 199 1586 01.
227 1553 284 1595 79,
309 1553 343 1585 4.
375 1550 414 1594 a)
440 1549 628 1585 Proehum
654 1548 702 1584 ad
728 1548 1053 1594 Eurymedontem.

375 1597 414 1642 b)
439 1596 537 1632 Solis
561 1595 734 1632 defectio.

141 1644 199 1681 Ol.
225 1648 283 1687 80,
310 1648 342 1680 1.
367 1643 614 1690 Anaxagorae
639 1655 749 1680 mors.
1141 1645 1197 1681 Ol.
1226 1648 1283 1689 78,
1312 1650 1329 1680 1
1358 1657 1428 1682 sec.
1456 1645 1676 1691 Apollodori

1188 1693 1394 1740 depravata
1418 1693 1600 1739 exempla.

141 1775 308 1820 Apparet
330 1774 459 1821 igitur,
485 1785 613 1810 omnes
639 1785 697 1810 res
715 1775 842 1821 gestas
862 1786 935 1811 non
954 1775 1075 1811 solum
1096 1786 1169 1811 non
1188 1775 1263 1811 suis
1282 1775 1390 1812 annis
1410 1775 1585 1820 adscribi,
1610 1776 1676 1812 sed

141 1821 273 1864 etiam,
299 1822 399 1867 quod
425 1822 544 1858 multo
570 1827 629 1858 est
652 1822 823 1868 gravius,
853 1822 995 1859 iustum
1019 1833 1143 1858 rerum
1170 1823 1336 1860 ordinem
1363 1824 1556 1860 turbatum
1583 1835 1674 1860 esse.

235 1869 319 1905 Non
351 1869 473 1905 minus
504 1869 543 1905 in
574 1870 739 1906 diversas
771 1871 898 1916 partes
924 1870 1121 1907 discedunt
1145 1870 1263 1906 nostri
1287 1871 1468 1908 homines.
1519 1871 1676 1917 Krtiger,

140 1917 206 1962 qui
231 1916 397 1952 omnium
421 1917 710 1964 diligentissime
735 1929 859 1954 rerum
890 1918 962 1954 hoc
987 1919 1155 1964 tempore
1181 1920 1369 1964 gestarum
1397 1918 1566 1955 ordinem
1619 1930 1674 1954 er-

141 1964 327 2001 scrutatus
346 1966 415 2007 est,
441 1965 598 2002 Diodori
615 1964 800 2002 rationem
814 1964 887 2010 (01.
903 1969 961 2010 77,
975 1967 1012 2011 3)
1025 1976 1179 2002 assensu
1199 1977 1265 2002 suo
1285 1966 1546 2013 comprobavit
1565 1931 1674 2010 (ΙΙ-ἐπ.

141 2011 245 2048 Stud.
259 2011 277 2046 I
290 2015 335 2048 52
349 2013 389 2048 et
402 2015 447 2048 64
455 2014 589 2058 seqq.);
617 2012 877 2050 Schneidewin
897 2013 938 2049 Ο.
953 2012 1110 2050 Mi‘illero
1130 2015 1282 2050 auctore
1300 2014 1368 2050 has
1388 2025 1534 2060 pugnas
1555 2014 1675 2050 multo

139 2061 226 2105 post
244 2059 463 2096 commissas
483 2071 562 2096 esse
581 2060 724 2105 statuit,
742 2060 872 2106 itaque
886 2059 1071 2097 Simonidi
1090 2072 1163 2097 non
1182 2062 1332 2097 tantum
1345 2062 1417 2098 hoc
1430 2062 1675 2108 epigramma,

142 2107 208 2143 sed
227 2107 341 2143 etiam
357 2111 423 2144 105
438 2108 478 2143 et
493 2111 559 2143 106
573 2108 749 2154 abrogat;
769 2107 919 2144 Clinton
940 2109 1034 2144 haec
1048 2108 1291 2154 quadriennio
1310 2111 1399 2155 post
1417 2109 1495 2145 sive
1510 2109 1567 2144 Ol.
1583 2112 1638 2152 78,
1654 2113 1676 2144 3

143 2154 323 2190 accidisse
347 2154 563 2201 arbitratur,
589 2166 747 2201 eumque
772 2157 977 2202 sequuntur
1002 2155 1128 2200 Grote,
1154 2155 1302 2192 Curtius
1327 2156 1422 2192 Hist.
1451 2156 1513 2192 Gr.
1541 2157 1573 2191 11
1597 2159 1676 2201 118,

145 2200 300 2237 Oncken
325 2202 446 2238 Athen
472 2203 548 2238 und
568 2202 696 2238 Hellas
717 2203 732 2238 1
749 2207 827 2241 130.
854 2203 991 2247 11135;
1015 2203 1177 2249 denique
1195 2203 1238 2241 A.
1261 2203 1447 2244 Schaefer,
1474 2203 1538 2249 qui
1559 2214 1677 2249 nuper

146 2248 269 2285 denuo
293 2249 454 2295 Krugeri
477 2249 641 2286 rationes
665 2250 894 2287 examinavit
925 2251 985 2296 (de
1016 2262 1140 2287 rerum
1171 2252 1258 2297 post
1288 2252 1428 2288 bellum
1455 2251 1553 2286 Pers.
1580 2254 1674 2297 gest.

147 2294 390 2342 temporibus.
434 2296 533 2342 Lips.
562 2300 680 2342 1865),
706 2309 850 2344 pugnas
875 2298 961 2334 illas
987 2298 1034 2335 ad
1061 2298 1116 2334 01.
1145 2303 1202 2343 78,
1228 2303 1250 2333 4
1274 2299 1466 2335 revocavit
1477 2298 1544 2344 **).

242 2343 323 2389 Ego
349 2355 433 2379 cum
459 2345 571 2380 antea
595 2343 805 2390 Krfigerum
830 2347 978 2381 secutus
1004 2345 1168 2382 Cimonis
1192 2345 1388 2382 victoriam
1414 2346 1462 2381 ad
1487 2345 1544 2381 Ol.
1572 2349 1628 2389 77,
1655 2350 1676 2381 8

147 2390 374 2432 retulissem,
407 2392 542 2437 postea
564 2390 734 2437 proximo
759 2403 857 2429 anno
883 2392 938 2428 01.
967 2397 1024 2438 77,
1049 2398 1071 2429 4
1097 2393 1253 2429 attribui
1285 2394 1347 2437 (de
1378 2393 1457 2429 vita
1481 2393 1678 2439 Sophoclis

175 2467 184 2475 .
204 2438 317 2483 xm),
342 2449 568 2484 quamquam
594 2450 690 2484 quae
715 2438 770 2475 ibi
795 2439 924 2486 scripsi
941 2452 1039 2476 nunc
1058 2451 1132 2476 non
1150 2439 1227 2476 iam
1246 2441 1347 2476 omni
1367 2451 1411 2476 ex
1431 2442 1538 2487 parte
1557 2442 1675 2476 tueor.
1704 2445 1792 2477 1171

174 2486 245 2521 unt
260 2487 386 2522 autem
405 2486 477 2522 hae
491 2486 728 2531 quaestiones
747 2487 862 2523 tantis
882 2486 1167 2524 difficultatibus
1186 2488 1402 2534 impeditae,
1423 2490 1465 2524 ut
1484 2488 1546 2523 vix
1564 2487 1678 2524 liceat

147 2532 331 2569 rationem
356 2544 576 2579 proponere,
601 2544 696 2579 quae
721 2533 816 2570 nulli
840 2535 1049 2571 calumniae
1074 2535 1123 2571 sit
1141 2535 1312 2571 obnoxia.
1359 2535 1473 2572 Velut
1491 2534 1677 2579 Schaefer,

148 2579 215 2626 qui
233 2580 354 2617 denuo
374 2580 466 2617 haec
485 2581 553 2617 sub
573 2591 727 2617 examen
747 2582 909 2626 vocavit,
935 2592 1019 2618 cum
1038 2582 1161 2619 eidem
1181 2594 1289 2628 anno,
1315 2594 1390 2629 quo
1409 2582 1541 2619 Cimon
1561 2582 1676 2620 victo-

242 2685 276 2730 *)
311 2686 540 2723 Eusebianos
580 2698 755 2724 numeros
797 2698 894 2724 nunc
930 2687 1114 2735 adscripsi
1150 2689 1465 2735 quemadmodum
1504 2688 1678 2726 Schoenii

147 2734 314 2771 recensio
339 2733 500 2771 exhibet.

220 2780 275 2826 **)
301 2781 374 2825 Qui
424 2785 485 2819 ost
510 2782 748 2818 Schaeferum
773 2793 831 2819 res
856 2782 927 2819 hac
949 2784 1078 2819 aetate
1104 2784 1228 2828 gestas
1259 2784 1494 2831 perstrinxit,
1527 2783 1677 2820 Pierson

151 2827 299 2870 (Philol.
326 2794 496 2875 xxgln)
527 2829 573 2866 de
610 2829 745 2875 proelii
778 2829 827 2866 ad
859 2829 1173 2876 Eurymedontem
1210 2834 1379 2878 tempore
1415 2842 1584 2868 assensus
1620 2833 1678 2868 est

153 2874 350 2914 Schaei'ero
375 2876 464 2923 (vid.
489 2877 515 2913 l.
540 2877 565 2913 1.
591 2889 628 2923 p.
655 2879 727 2924 66),
752 2877 799 2914 de
824 2876 908 2914 aliis
934 2878 1043 2914 rebus
1070 2877 1301 2916 dissentiens.
