1864 3126
184 146 273 189 430
526 126 527 130 ’
749 145 941 181 POETAE
967 145 1145 184 Mentor

185 258 316 296 verbis
348 257 582 306 Pausaniae,
614 256 682 306 qui
712 257 846 307 plures
876 257 1000 296 fuisse
1031 259 1207 297 tumulos
1238 259 1409 297 dilucide
1448 260 1591 299 testari
1619 261 1707 299 bre-

185 323 323 362 vitatis
361 322 495 372 gratia
529 322 669 360 noluit.
731 321 834 360 Item
871 324 1038 372 uterque
1076 323 1172 362 dicit
1209 323 1473 364 Athenienses
1517 337 1609 364 suos
1649 338 1707 364 se-

186 389 306 426 orsim
331 390 463 425 terrae
488 386 750 435 mandavisse,
784 389 826 425 at
851 387 1092 427 dissentiunt
1117 387 1165 426 de
1190 388 1332 427 ceteris
1359 389 1556 439 gentibus.
1605 390 1706 429 Pau-

187 453 318 491 sanias
355 452 461 490 haud
499 451 617 490 dubie
659 452 826 496 erravit,
863 452 925 491 his
963 464 1168 491 commune
1213 454 1438 503 sepulcrum
1475 455 1539 494 vel
1574 455 1707 505 'potius

186 519 487 556 monumentum
517 517 715 555 tribuens:
749 517 783 556 si
812 517 854 554 in
884 517 958 556 hoc
987 517 1142 556 tumulo
1175 518 1309 568 μνῆμα
1339 520 1511 570 χαλκοῦν
1534 520 1708 570 positum

185 583 340 632 fuisset,
373 581 469 620 socii
499 582 649 620 maiore
680 582 829 620 honore
860 582 991 621 forent
1022 582 1154 620 affecti
1185 594 1303 631 quam
1334 582 1636 624 Lacedaemonii
1666 586 1708 624 et

186 647 463 686 Athenienses.
513 646 598 685 Hoc
623 648 936 697 monumentum,
962 647 1066 696 quod
1087 647 1305 687 Pausanias
1331 661 1434 687 unus
1460 650 1709 699 memoravit,

187 713 361 751 Graecos
389 713 431 749 in
461 712 694 750 memoriam
719 711 909 750 victoriae
935 711 1183 751 Plataeensis
1209 714 1445 754 excitavisse
1470 715 1598 765 credo,
1629 715 1707 753 fuit

186 778 311 827 igitur
342 778 475 827 μνῆμα
499 771 700 827 Ἑλλήνων
730 772 876 816 κοινόν.
937 777 1162 816 Pausaniae
1194 790 1304 817 error
1334 779 1494 819 videtur
1524 780 1616 819 inde
1645 793 1707 819 re-

185 842 393 892 petendus,
425 842 529 892 quod
562 842 664 881 circa
689 843 762 881 hoc
786 843 1087 880 monumentum
1111 843 1258 881 tumuli
1282 846 1504 883 ceterarum
1528 844 1708 895 gentium

186 909 301 946 erant
333 907 416 946 siti:
453 907 618 945 titulum
655 906 760 945 enim
790 906 882 944 huic
919 909 1173 946 monumento
1210 921 1289 947 non
1324 909 1448 948 fuisse
1486 909 1709 948 subiectum

186 973 322 1022 arguit
353 972 457 1011 Plut.
489 972 558 1011 vit.
590 971 754 1011 Aristid.
784 973 849 1022 19,
869 972 937 1021 qui
962 985 1049 1011 cum
1075 974 1213 1012 contra
1237 973 1483 1013 Herodotum
1508 974 1709 1014 disserens

189 1037 418 1076 adhibuerit
448 1037 696 1087 epigramma
725 1037 768 1074 in
798 1049 869 1075 ara
898 1036 1005 1076 Iovis
1036 1038 1281 1077 Liberatoris
1312 1039 1558 1090 inscriptum,
1589 1039 1708 1078 huius

187 1103 433 1141 monumenti
464 1103 628 1141 titulum
653 1114 731 1140 non
757 1099 1181 1156 praetermississet*):
1206 1116 1299 1142 nam
1324 1104 1526 1143 commode
1549 1105 1709 1155 poterat

187 1167 248 1206 uti
289 1167 528 1206 Plutarchus
566 1168 640 1206 hac
676 1167 951 1216 inscriptione,
991 1180 1069 1217 qua
1105 1169 1267 1218 planum
1302 1168 1425 1206 fiebat
1461 1169 1535 1207 hoc
1571 1181 1707 1208 monu-

189 1235 369 1271 mentum
400 1234 471 1271 aut
500 1233 550 1271 ab
589 1232 770 1270 omnibus
809 1231 971 1270 Graecis
1010 1232 1052 1269 in
1091 1233 1232 1282 proelii
1268 1233 1500 1271 memoriam
1536 1236 1607 1272 aut
1641 1233 1708 1272 ho-

186 1297 275 1335 nori
306 1296 550 1346 reliquorum
582 1297 776 1336 sociorum
802 1295 1026 1334 dedicatum
1057 1309 1155 1335 esse.

306 1361 461 1400 Omisso
501 1362 627 1412 igitur
658 1361 879 1410 Pausaniae
914 1362 1143 1400 testimonio
1179 1362 1381 1402 Herodoto
1418 1362 1647 1402 confidimus
1685 1376 1709 1402 a.

185 1425 352 1475 singulis
383 1426 571 1476 gentibus
602 1428 780 1465 mortuos
813 1426 978 1464 seorsim
1010 1428 1188 1477 sepultos
1221 1440 1324 1466 esse:
1363 1429 1544 1467 recenset
1574 1430 1708 1467 autem

185 1491 345 1539 praeter
375 1490 708 1530 Lacedaemonios
741 1493 782 1530 et
811 1490 1076 1530 Athenienses
1108 1493 1282 1532 tumulos
1315 1493 1593 1543 Tegeatarum,
1621 1493 1707 1546 ‚Me-

185 1556 426 1607 garensium,
458 1552 820 1609 Phliasioriim**),
853 1558 990 1606 aperte
1021 1557 1223 1606 professus
1255 1558 1423 1597 aliorum
1454 1560 1711 1597 monumenta

185 1622 325 1669 postea
356 1621 492 1660 addita
524 1634 621 1670 esse,
655 1623 767 1661 velut
791 1618 1192 1673 Aeginetarum.***)
1254 1622 1331 1662 Sed
1356 1623 1419 1662 hic
1445 1635 1599 1673 quoque
1630 1635 1710 1661 non

187 1688 271 1724 tam
316 1686 474 1725 vanitas
520 1686 780 1734 Graecorum,
819 1698 938 1736 quam
969 1686 1190 1726 Pausaniae
1229 1689 1270 1727 et
1305 1688 1708 1727 Lacedaemoniorum

185 1751 399 1789 insolentia
430 1751 636 1800 culpanda,
663 1751 731 1801 qui
756 1751 941 1790 videntur
971 1753 1241 1802 compluribus
1272 1753 1459 1803 gentibus
1496 1753 1606 1791 tituli
1642 1753 1709 1791 ho-

186 1828 322 1854 norem
352 1815 562 1855 invidisse:
594 1816 636 1853 in
666 1816 886 1866 Aeginetas
917 1817 1023 1854 certe
1059 1828 1139 1855 non
1169 1816 1274 1855 cadit
1306 1816 1572 1868 opprobrium,
1604 1817 1708 1867 quod

187 1880 414 1918 Herodotus
435 1880 616 1919 omnibus
636 1880 698 1919 his
718 1880 814 1918 facit
832 1876 1208 1932 (ἐπαισχυνομένους
1226 1882 1270 1934 τῇ
1289 1876 1453 1921 ἀπεστοῖ
1465 1883 1534 1932 τῆς
1552 1873 1710 1935 μᾶχὴς),

186 1956 357 1994 namque
400 1944 485 1993 ipse
529 1944 756 1983 Herodotus
794 1956 931 1983 eorum
967 1945 1100 1994 copias
1138 1946 1180 1983 in
1216 1945 1298 1983 acie
1335 1949 1515 1984 recenset
1552 1946 1608 1984 IX
1641 1947 1708 1994 28,

187 2009 287 2047 adde
323 2008 380 2046 IX
423 2010 475 2047 79
516 2012 557 2047 et
595 2009 662 2047 80.
723 2008 914 2047 Fortasse
950 2010 1084 2048 nullus
1109 1996 1322 2059 ‘Aegineta
1358 2010 1400 2048 in
1436 2011 1526 2059 ipso
1558 2009 1708 2059 proelio

188 2074 350 2122 occisus,
382 2074 430 2110 ut
459 2085 596 2111 eorum
622 2074 754 2123 copias
780 2087 942 2123 prorsus
968 2076 1146 2125 integras
1173 2087 1221 2113 ex
1244 2075 1318 2113 hoc
1343 2075 1578 2125 gravissimo
1603 2075 1708 2114 bello

187 2137 416 2177 discessisse
460 2150 540 2176 non
571 2141 633 2177 est
663 2138 889 2178 verisimile.
951 2140 1042 2190 Ipse
1082 2139 1308 2182 Herodotus
1344 2139 1402 2177 IX
1435 2141 1490 2178 70
1530 2141 1710 2178 recenset

188 2206 286 2254 quot
333 2202 519 2252 Spartani
537 2198 612 2257 ἣν
660 2204 880 2255 Tegeatae,
930 2205 1195 2244 Athenienses
1250 2204 1292 2242 in
1339 2205 1490 2254 proelio
1539 2206 1707 2243 mortem

189 2268 372 2318 obierint,
404 2268 460 2306 IX
493 2269 546 2308 69
580 2269 874 2320 Megarensium
906 2272 948 2310 et
978 2270 1244 2309 Phliasiorum
1274 2269 1467 2319 plurimos
1498 2269 1539 2307 in
1574 2281 1711 2320 pugna

284 2459 318 2503 ²⁸)
344 2458 586 2494 Plutarchum
607 2458 915 2504 Chaeronensem,
942 2459 1007 2505 qui
1031 2459 1133 2494 urbis
1159 2461 1197 2494 et
1221 2458 1302 2504 agri
1320 2458 1594 2495 Plataeensium
1614 2458 1708 2494 anti—

191 2507 356 2550 quitates
381 2505 667 2559 diligentissime
692 2487 947 2552 investigavit,
974 2507 1065 2542 haec
1089 2507 1173 2541 loca
1196 2506 1406 2542 visitavisse
1431 2508 1572 2542 certum
1598 2508 1665 2541 est.

290 2552 346 2598 **)
371 2553 511 2588 Horum
538 2553 689 2588 nomina
713 2553 812 2598 pilae
838 2554 1086 2598 ostentabant,
1112 2553 1236 2599 elogia
1259 2556 1384 2588 utrum
1415 2553 1544 2588 addita
1574 2551 1712 2588 fuerint

140 2626 146 2633 .
189 2612 317 2644 necne,
344 2601 536 2644 incertum,
562 2611 649 2635 nam
674 2600 883 2636 Herodotus
902 2601 948 2636 de
973 2601 1253 2646 epigrammatis
1271 2602 1383 2646 tacet,
1407 2599 1609 2635 Pausanias
1628 2601 1709 2635 tan-

190 2650 269 2682 tum
303 2629 502 2683 Simonidis
537 2647 702 2682 carmina
733 2647 1012 2682 Atheniensium
1053 2649 1091 2683 et
1120 2647 1495 2683 Lacedaemoniorum
1532 2646 1709 2692 sepulcris

191 2695 378 2740 adscripta
408 2696 600 2730 memorat.
651 2694 724 2730 Sed
754 2694 956 2730 verisimile
987 2695 1055 2730 has
1085 2706 1231 2739 quoque
1262 2694 1356 2740 pilas
1388 2694 1510 2747 elogio
1544 2704 1616 2729 non
1649 2704 1708 2729 ca-

189 2742 318 2782 ruisse
345 2741 389 2776 cf.
416 2742 463 2776 ad
490 2741 627 2776 Simon.
654 2752 709 2786 ep.
740 2745 817 2776 102.
846 2745 923 2778 103.

283 2788 359 2833 ***)
385 2788 509 2823 Verba
533 2788 715 2824 Herodoti
738 2799 850 2833 supra
874 2801 908 2833 p.
935 2792 1004 2824 429
1030 2790 1069 2824 et
1093 2792 1162 2823 427
1187 2788 1375 2834 adscripsi.

278 2837 314 2879 †)
341 2835 560 2870 Helotarum
585 2835 791 2871 occisorum
815 2846 1025 2880 numerum,
1045 2846 1155 2881 quem
1179 2836 1279 2871 haud
1304 2835 1477 2881 exiguum
1502 2834 1615 2871 fuisse
1640 2847 1708 2880 par

190 2882 256 2925 est,
282 2882 491 2917 Herodotus
516 2893 588 2918 non
613 2881 805 2918 indicavit.
