1864 3126
236 166 321 209 196
544 186 546 189 ·
796 167 989 204 POETAE
1013 167 1191 204 MELICI.

227 279 334 316 mine
366 279 458 328 epig
460 279 810 329 rammatographo
842 279 1115 330 cogitandum,
1153 279 1221 329 qui
1258 279 1363 318 unde
1394 279 1518 318 fuerit
1548 280 1754 332 oriundus,

227 343 268 381 in
299 340 431 381 medio
463 343 655 394 relinquo,
685 356 777 382 nam
809 344 914 394 quod
939 344 1205 395 Mitylenaeus
1236 346 1413 393 vocatur,
1437 344 1610 384 fortasse
1634 345 1753 384 libra-

227 409 377 447 riorum
409 410 692 447 commentum:
729 409 827 448 item
863 410 974 447 aetas
1011 409 1180 458 incerta,
1220 409 1297 447 nisi
1327 408 1433 460 quod
1475 409 1660 449 Romanis
1691 405 1758 448 do-

227 474 470 513 minantibus
514 474 623 513 vixit.
685 475 818 513 Antea
854 474 1091 525 Vespasiani
1140 477 1182 513 et
1224 474 1306 512 Titi
1351 474 1508 513 saeculo
1551 474 1758 525 adscripsi,

228 645 387 680 eundem
419 646 613 680 accentum
646 657 734 690 prae
767 657 804 681 se
844 646 955 690 ferat,
993 646 1168 681 Addaeus
1203 647 1316 704 poeta
1346 645 1596 691 Mitylenaeus
1630 646 1754 682 nullus

229 693 378 727 omnino
398 692 546 727 videtur
564 691 836 728 fi1isse2unum
857 694 972 739 epigr.
994 693 1064 728 VII
1083 697 1162 736 305,
1189 693 1289 738 quod
1305 690 1475 728 Ἀδδαίου
1494 695 1755 738 Μιτυληναίου

227 739 443 775 inscribitur
468 741 580 783 (nova
605 740 805 776 collatione
830 740 891 775 hic
917 742 1039 782 careo)
1072 740 1202 776 Alcaei
1227 740 1446 785 Mitylenaei
1470 751 1550 776 esse
1575 743 1685 786 puto.
1711 751 1757 776 ex

227 787 274 822 iis
305 798 399 831 quae
432 786 651 832 simpliciter
678 783 848 823 Ἀδὸαίου
880 787 1059 833 inscripta
1093 789 1194 830 sunt,
1234 798 1328 832 quae
1361 788 1475 832 vulgo
1507 787 1555 822 ad
1587 787 1754 823 Adaeum

227 834 471 869 Macedonem
495 833 623 869 referri
650 834 789 878 solent,
821 835 894 869 duo
922 834 988 879 (lX
1012 838 1091 870 544.
1123 835 1155 869 X
1180 837 1239 879 20)
1271 834 1455 880 elegantis
1479 834 1621 880 ingenii
1643 836 1757 880 poeta

227 881 395 926 indigna,
421 881 578 916 fortasse
603 881 695 917 item
724 882 850 917 Alcaei
880 881 1098 926 Mitylenaei
1130 884 1226 918 sunt
1335 881 1493 917 Iunioris
1517 880 1648 917 Alcaei
1678 881 1757 936 epi-

228 929 437 973 grammata
468 939 547 964 esse
577 928 752 964 videntur
782 929 832 963 VI
863 932 950 972 218,
982 929 1080 974 quod
1117 928 1301 964 celebrem
1332 928 1474 964 chriam
1514 929 1671 971 tractat,
1702 930 1758 964 in-

229 975 409 1032 scriptum
428 974 460 1010 A
480 974 534 1016 εἰς
553 973 593 1010 τὸ
617 972 709 1011 αυτό
730 972 902 1020 ἀλκαίου,
929 987 1020 1011 corr.
1047 975 1194 1011 addidit
1220 976 1470 1021 μιτυλιναίου,
1495 975 1587 1011 item
1606 976 1756 1011 V11429

229 1034 319 1058 corr.
347 1019 506 1058 ἀλκαίου
533 1025 789 1068 μιτυληιαιόυ,
815 1023 948 1069 quibus
974 1034 997 1058 a
1022 1034 1112 1059 corr.
1140 1025 1179 1058 et
1196 1022 1223 1058 C
1249 1023 1338 1058 alia
1349 1022 1516 1058 subiecta
1540 1024 1637 1066 sunt,
1661 1034 1757 1068 quae

228 1070 312 1105 vide
345 1080 392 1115 ap
395 1070 444 1105 ud
476 1070 695 1106 Iacobsium.
747 1071 800 1106 De
832 1070 1102 1116 epigrammate
1140 1070 1179 1105 in
1210 1069 1364 1105 Hesiodi
1394 1070 1574 1106 honorem
1606 1069 1756 1106 condito

228 1116 298 1151 VII
323 1082 415 1152 55pA
447 1116 501 1157 εἰς
531 1114 598 1152 τὸν
631 1114 749 1152 αὐτὸν
782 1114 959 1162 ἀλκαίου,
990 1129 1081 1153 corr.
1108 1118 1266 1162 ποιητοῦ
1299 1118 1540 1163 μιτυληναίου
1571 1113 1594 1162 ἢ
1621 1128 1757 1163 μησση-

227 1165 311 1199 νίου
343 1164 507 1208 haesito,
538 1167 662 1200 utrum
695 1164 831 1200 iuniori
862 1165 1001 1200 Alcaeo
1027 1176 1074 1199 an
1106 1164 1291 1200 Messenio
1316 1164 1365 1199 sit
1394 1164 1647 1200 tribuendum.
1680 1175 1757 1200 car-

228 1222 313 1246 men
338 1211 438 1246 haud
463 1211 674 1257 inelegans,
703 1213 767 1247 sed
793 1223 865 1247 non
890 1211 1015 1257 prodit
1039 1212 1232 1257 ingentem
1259 1211 1446 1257 spiritum,
1474 1222 1585 1256 quem
1609 1212 1646 1246 in
1673 1222 1755 1266 ger-

228 1258 349 1294 manis
380 1258 555 1294 Messenii
586 1259 867 1305 epigrammatis
898 1259 973 1295 fere
1005 1258 1332 1304 deprehendimus,
1367 1259 1480 1294 etiam
1503 1258 1543 1294 in
1575 1258 1691 1312 epigr.
1717 1259 1757 1294 in

229 1306 432 1341 Homerum
464 1306 578 1342 Anth.
609 1307 688 1342 Pal
714 1306 783 1341 VII
811 1311 848 1351 1,
880 1307 978 1351 quod
1009 1308 1041 1341 A
1077 1306 1296 1351 simpliciter
1324 1303 1488 1341 Ἀλκαίου
1518 1307 1666 1341 nomine
1699 1317 1757 1341 ex·

232 1353 354 1395 hibet,
396 1353 461 1389 sed
494 1364 585 1389 corr.
607 1354 785 1410 ποιητοῦ
823 1355 1024 1411 μεσσηνίου
1062 1353 1226 1398 addidit,
1261 1353 1360 1388 idem
1405 1352 1563 1388 subiecit
1594 1346 1703 1394 οὗτος
1735 1350 1756 1388 ὅ

233 1398 389 1441 ἅλκαῖος
420 1397 489 1436 οὐκ
521 1395 567 1445 ἦν
600 1397 620 1436 ὁ
648 1404 887 1446 μιτυληναῖος
918 1397 960 1441 ὃς
991 1395 1037 1444 ἦν
1070 1397 1111 1436 ἐν
1142 1404 1219 1440 τοῖς
1251 1397 1397 1445 χρόνοις
1421 1400 1612 1435 πιττακοῦ.
1662 1401 1757 1435 Item

233 1447 409 1483 Messenii
439 1448 540 1482 haud
565 1447 676 1483 dubie
709 1450 781 1483 est
790 1448 893 1483 aliud
917 1447 954 1482 in
980 1448 1180 1483 Homerum
1207 1446 1438 1505 poematium
1462 1447 1531 1482 VII
1555 1451 1595 1492 5,
1627 1458 1762 1507 quam-

234 1506 347 1540 quam
379 1494 607 1555 Mitylenaeo
640 1495 878 1538 adscribitur,
909 1507 996 1530 nam
1030 1493 1063 1529 A
1094 1493 1148 1535 εἰς
1178 1493 1244 1529 τὸν
1270 1491 1386 1529 αὐτὸν
1413 1491 1487 1539 ἅδη
1489 1497 1571 1539 λον,
1604 1505 1695 1530 corr.
1723 1492 1762 1530 οἷ

233 1541 276 1577 δέ
303 1554 420 1600 φασιν
454 1543 617 1577 Αλκαίου
648 1544 919 1587 Μυτιληναίου.
969 1541 1139 1586 Denique
1170 1541 1249 1577 iure
1281 1541 1463 1577 Messenio
1465 1507 1665 1577 ⁷⁷tribilitur
1688 1541 1759 1576 VII

231 1593 300 1624 412
324 1586 489 1624 Ἀλκαίου
509 1591 726 1634 Μεσσηνίου
747 1589 800 1630 εἰς
819 1586 975 1634 Πυλάδη
979 1603 1011 1633 ν,
1038 1589 1102 1624 sed
1122 1589 1219 1624 male
1239 1589 1286 1624 ad
1310 1588 1579 1634 pantomimum
1598 1589 1707 1634 Augu
1710 1588 1758 1624 sti

231 1638 355 1672 aetate
388 1637 529 1672 clarum
563 1636 741 1680 refertur,
771 1637 1038 1682 intelligendus
1070 1638 1127 1672 est
1156 1636 1211 1682 Py
1213 1601 1335 1672 ladesp
1348 1635 1598 1679 citharoedus,
1630 1636 1756 1671 Philo-

231 1683 423 1728 poemenis
451 1685 490 1719 et
513 1684 643 1719 Alcaei
668 1684 842 1720 Messenii
875 1684 1052 1729 aequalis,
1083 1684 1129 1718 de
1161 1694 1232 1727 quo
1264 1683 1348 1718 vide
1381 1684 1428 1718 ad
1459 1682 1622 1719 Timoth.
1653 1683 1697 1718 fr.
1723 1686 1756 1718 8.

230 1751 274 1812 X
290 1731 500 1813 tiimietssiea
524 1731 707 1814 Dilegsenio
733 1731 808 1766 alia
838 1731 1109 1777 epigrammata
1138 1731 1317 1775 adespota
1346 1729 1622 1776 vindicaverim,
1654 1729 1758 1766 velut

263 1790 287 1813 n
335 1789 356 1813 o
454 1790 512 1814 an.

420 1874 608 1929 Κοίρανος
633 1869 836 1930 Εὐρώπας,
863 1869 882 1907 ὁ
908 1872 973 1907 καὶ
1000 1871 1057 1907 εἰν
1081 1869 1143 1907 ἁλὶ
1168 1871 1233 1907 καὶ
1261 1869 1358 1906 κατὰ
1385 1870 1517 1917 χέρσον

491 1918 624 1955 τόσσον
650 1917 747 1963 αναξ
772 1920 946 1962 θνατῶν,
973 1917 1068 1959 Ζευς
1093 1930 1183 1954 οσον
1209 1915 1435 1964 ἅθανατων,

422 1966 581 2016 Εἰνοδία
607 1964 653 2002 τὰ
679 1964 830 2012 λάφυρα
856 1964 951 2002 κατὰ
977 1964 1151 2023 θρασέος
1166 1963 1339 2023 Κιροάδα

491 2004 570 2049 καὶ
580 2013 721 2050 τέκνων
746 2015 812 2050 καὶ
836 2010 924 2055 ὅλας
948 2014 1023 2063 ’γᾶς
1046 2009 1151 2048 ἔθετ’
1175 2009 1407 2058 Ὀδρυσίδος,

420 2058 506 2101 υἴὸς
524 2059 712 2118 ἕϋμμελία
739 2063 976 2119 Δαματρίου·
1003 2074 1027 2095 α
1055 2059 1098 2096 δὲ
1125 2061 1310 2095 Φιλίππου

489 2105 584 2151 δόξα
609 2106 726 2144 πάλαι
750 2110 870 2144 θείων
896 2121 984 2153 ulyxi
1009 2106 1145 2154 βέβακε
1170 2105 1334 2152 θρόνων.

227 2203 269 2238 hi
293 2203 391 2238 enim
423 2214 550 2238 versus
581 2213 729 2248 prorsus
754 2201 931 2237 Messenii
955 2201 1088 2247 poetae
1117 2200 1303 2246 ingenium
1331 2201 1512 2245 referunt,
1547 2201 1592 2236 cf.
1624 2201 1754 2237 Alcaei

229 2262 377 2286 carmen
402 2250 514 2286 Anth.
542 2250 591 2285 IX
616 2253 685 2285 518
711 2249 771 2294 (de
796 2250 869 2284 hoc
894 2248 1009 2294 epigr.
1037 2249 1083 2283 ab
1111 2247 1376 2292 interpretibus
1400 2249 1498 2284 male
1523 2248 1652 2284 habito
1677 2249 1754 2284 dixi

228 2298 364 2334 Philol.
397 2297 535 2332 XXXII
566 2301 635 2333 678
649 2299 756 2342 seq.),
790 2296 854 2331 ubi
886 2295 1083 2341 Philippus
1114 2307 1178 2331 rex
1211 2295 1323 2340 plane
1348 2295 1395 2330 ad
1420 2295 1578 2331 eundem
1602 2295 1753 2331 modum

229 2345 401 2380 laudibus
434 2343 594 2380 effertur.
645 2343 718 2379 Sed
749 2343 915 2389 ambigo,
948 2342 995 2378 ad
1027 2342 1214 2387 quodnam
1244 2343 1390 2388 tempus
1424 2342 1654 2397 epigramma
1682 2343 1754 2378 hoc

230 2392 462 2427 Planudeum
493 2391 726 2427 referendum
757 2391 826 2426 sit.
858 2371 1008 2435 Philipp
1011 2402 1074 2424 um
1105 2389 1315 2425 novissimis
1349 2389 1497 2435 imperii
1531 2390 1636 2425 annis
1668 2401 1750 2424 cum

231 2439 382 2484 Odrysis
408 2438 550 2474 bellum
575 2438 733 2492 gessisse
759 2439 922 2474 constat:
949 2437 1013 2472 sed
1038 2438 1164 2472 tamen
1187 2436 1275 2471 huic
1293 2437 1454 2482 tempori
1478 2436 1576 2472 istud
1602 2437 1751 2482 quidem

228 2486 466 2532 praeconium
497 2497 572 2521 non
604 2485 694 2521 satis
726 2485 920 2528 convenit,
951 2495 1070 2538 neque
1100 2485 1188 2518 tunc
1220 2484 1268 2518 ab
1293 2483 1430 2519 Alcaeo
1464 2485 1636 2529 poterant
1658 2483 1751 2519 haec

229 2533 362 2574 scribi,
389 2544 616 2587 quamquam
639 2534 772 2578 poetae
798 2532 944 2567 animus
968 2531 1122 2566 minime
1148 2533 1319 2566 constans
1343 2531 1432 2566 fuit.
1466 2530 1613 2566 videtur
1636 2530 1753 2576 igitur

229 2581 424 2626 Philippus
450 2580 525 2615 iam
547 2581 658 2616 antea
676 2579 946 2625 expeditionem
967 2578 1145 2614 adversus
1166 2577 1326 2622 Odrysas
1347 2577 1562 2623 suscepisse,
1588 2577 1750 2622 scripsit-

229 2639 301 2672 que
326 2629 418 2662 haec
443 2627 601 2663 Alcaeus
633 2638 675 2663 eo
700 2629 883 2672 tempore,
917 2637 989 2670 quo
1023 2624 1190 2670 Philippi
1214 2626 1338 2670 partes
1361 2625 1594 2669 sequebatur.
1643 2624 1750 2660 Eius—

230 2676 316 2710 dem
334 2675 464 2710 Alcaei
487 2674 588 2710 haud
607 2673 716 2710 dubie
737 2675 824 2709 sunt
841 2674 913 2708 duo
932 2671 1132 2718 poematia,
1152 2682 1247 2717 quae
1266 2671 1487 2707 Plutarchus
1506 2671 1571 2706 vit.
1591 2671 1748 2707 Flamin.

230 2733 259 2758 c.
283 2726 325 2756 12
346 2721 520 2765 servavit,
545 2721 584 2756 id
603 2721 703 2778 quod
721 2721 834 2756 etiam
853 2721 999 2755 Hecker
1018 2719 1255 2755 existimavit.
1294 2718 1462 2763 Denique
1480 2718 1618 2754 Alcaeo
1631 2719 1750 2754 vindi—

230 2769 392 2804 caverim
418 2768 650 2814 epigramma
674 2765 816 2814 ἄδηλον
834 2766 947 2803 Anth.
967 2767 1044 2802 Pal.
1063 2767 1115 2802 VI
1136 2770 1215 2811 171,
1240 2766 1341 2811 quod
1364 2764 1514 2801 videtur
1533 2765 1748 2802 adolescens

229 2815 449 2860 condidisse,
474 2818 676 2861 antequam
696 2815 925 2851 Rhodiorum
945 2814 1111 2850 colossus
1129 2814 1249 2849 terrae
1268 2813 1371 2848 motu
1390 2823 1538 2848 eversus
1559 2814 1633 2858 est,
1657 2812 1748 2854 item

230 2863 331 2943 alissd
350 2860 576 2945 ὓοιδέσσιεοτον
606 2862 718 2899 Anth.
745 2862 813 2898 VII
839 2866 906 2897 723
931 2863 970 2897 et
999 2861 1068 2897 VII
1094 2864 1180 2904 238,
1213 2860 1311 2905 quod
1342 2859 1463 2896 Adaei
1493 2871 1627 2896 nomen
1658 2870 1747 2905 prae

229 2920 268 2943 ΒΘ
309 2920 348 2944 el*
