1864 3126
592 123 899 162 FRAGMENTA
925 120 1191 160 ADESPOTA.
1288 169 1290 171 Ι
1568 117 1653 163 729

116 240 326 291 adscribit,
367 239 438 280 sed
477 237 651 279 rhetoris
693 236 861 277 alicuius
903 236 1133 276 testimonio
1173 235 1321 285 utimr,
1365 234 1471 285 quod
1511 233 1654 274 vitium

117 306 363 347 oona-uisse
401 305 586 357 apparet:
624 305 716 344 fort.
753 299 1018 353 Θεοδέκτης
1055 301 1289 353 legendum,
1331 303 1376 340 ut
1413 301 1448 340 is
1480 300 1521 339 in
1552 300 1655 340 Rhe-

117 371 254 413 toricis
284 384 333 411 ex
363 370 619 422 dithyrambo
650 369 783 420 aliquo
815 367 1016 416 attulerit,
1055 367 1120 407 vel
1155 362 1425 419 Θεόδωρος,
1456 366 1480 405 i.
1513 379 1546 405 e.
1579 366 1656 416 By-

117 438 271 480 zantius
302 437 449 476 artium
482 436 668 486 scriptor,
706 447 824 486 quem
855 432 1099 473 Aristoteles
1138 432 1288 483 passim
1325 431 1500 471 adhibet.
1561 430 1656 481 Ipsa

117 503 244 545 verba
273 498 444 555 φόρμιγξ
475 497 645 554 ἅχορδος
675 501 850 540 fortasse
884 499 1069 539 Timothei
1101 500 1205 538 sunt.

844 628 939 671 128.

240 719 413 759 Demetr.
445 717 494 757 de
526 717 621 756 eloe.
654 718 678 756 9
686 718 705 755 1
720 730 728 754 :
768 712 955 767 Ληπτέον
993 711 1036 753 δὲ
1067 711 1132 753 καὶ
1164 709 1337 753 σύνθετα
1374 708 1547 765 ὀνόματα
1556 741 1568 762 ,
1607 708 1655 752 οὗ

119 780 164 824 τὰ
196 784 566 837 διθυραμβικῶς
597 781 844 835 συγκείμενα,
870 775 957 820 οἷον
986 775 1316 831 θεοπεράτους
1346 774 1530 826 πλάνας
1561 773 1656 818 οὐδὲ

119 846 270 902 άστρω
280 865 303 889 ν
334 849 387 890 δο
396 845 451 902 ρύ
460 863 581 899 πυρο
590 863 612 887 ν
639 843 805 900 στρατό
814 862 847 886 ν.
880 846 947 885 ubi
972 841 1240 897 θεοπεράτους
1266 844 1358 885 Ald.
1384 844 1510 895 Cant„
1535 844 1657 894 vulgo

118 910 395 967 θεοτεράτους,
437 914 553 953 vind.
594 908 838 965 θεοπεράτας
879 907 1022 965 (supra
1062 905 1131 966 ov)
1142 939 1153 962 ‚
1194 911 1336 950 deinde
1379 910 1468 949 Ald.
1501 906 1658 963 ἄστρον,

121 981 220 1020 Mor.
252 975 490 1032 δορύπτρον,
523 978 635 1019 Cant.
668 972 1030 1031 ἆστροδορύπυρον.

238 1194 407 1235 Aristot.
445 1194 537 1234 Eth.
574 1194 660 1233 Nie.
697 1193 776 1232 VII
818 1196 861 1234 7:
904 1188 960 1232 ‘H
999 1188 1036 1232 δ’
1085 1190 1300 1244 ἐπιθυμία,
1331 1186 1537 1243 .καθάπερ
1585 1185 1658 1242 τὴν

117 1257 356 1314 Ἀφροδίτην
387 1260 502 1312 φασί·
536 1255 846 1300 Δολοπλόκου
877 1255 965 1312 γάρ
996 1258 1355 1311 Κυπρογενοῦς.
1386 1257 1457 1296 ubi
1487 1257 1548 1296 Lb
1580 1257 1658 1295 Δο-

121 1323 326 1375 λοπλόκας.
387 1326 576 1366 Fortasse
616 1325 954 1377 redintegrandus
993 1325 1102 1363 locus
1140 1336 1215 1374 ope
1248 1322 1457 1374 Hesychii:
1496 1323 1660 1373 Κυπρο-

122 1390 304 1446 γενέος·
341 1386 545 1443 προπόλου
583 1386 687 1444 (cod.
725 1384 968 1444 πρόπολον)·
1005 1390 1242 1443 προαγωγοῦ
1285 1383 1386 1442 (cod.
1425 1382 1661 1440 πρόαγγον),

36 1451 40 1458 ’
122 1459 171 1498 ut
200 1458 254 1499 sit
285 1457 556 1498 scribendum:

405 1548 960 1571 uLU--Luu-uu..

407 1595 662 1648 Δολοπλόκας
692 1593 769 1653 γὰρ
800 1596 1079 1653 Κυπρογενέος
1110 1592 1325 1651 πρόπολον.

123 1686 200 1737 Ap.
231 1686 326 1726 Hes.
359 1685 488 1726 scribo
520 1681 798 1738 Κυπρογενέος
827 1679 1046 1736 πρόπολον·
1078 1678 1332 1736 προάγγελον.

850 1811 944 1854 130.

243 1900 361 1940 Plato
393 1900 563 1941 Menona
596 1900 650 1940 77
665 1898 719 1939 A:
757 1900 884 1939 Δοκεῖ
914 1897 1052 1938 τοίνυν
1089 1913 1175 1951 μοι,
1214 1890 1245 1938 ὦ
1277 1894 1503 1950 Σώκρατες,
1544 1892 1661 1950 ἀρετὴ

125 1961 245 2016 εἶναι,
281 1962 465 2019 καθάπερ
501 1959 523 2006 ὃ
554 1959 718 2018 ποιητὴς
757 1962 878 2018 λέγει,
915 1963 1099 2017 χαίρειν
1135 1978 1180 2004 τε
1217 1966 1406 2004 καλοῖσι
1445 1959 1664 2019 (καλοῦσι

125 2029 244 2086 ΣΤΥ)
281 2030 358 2072 καὶ
397 2027 650 2072 δύνασθαι.
690 2028 756 2070 καὶ
794 2026 869 2084 ἐγὼ
907 2031 1020 2071 τοῦτο
1044 2027 1158 2084 ,λέγω
1203 2023 1348 2082 άρετὴν
1390 2028 1666 2081 ἐπιθυμοῦντα

125 2099 204 2137 τῶν
233 2099 366 2137 καλῶν
405 2093 578 2138 δυνατὸν
609 2092 709 2137 εἶναι
746 2096 988 2148 πορίζεσθαι.
1052 2095 1161 2135 Clari
1192 2097 1354 2146 poetae,
1395 2096 1567 2134 fortasse
1605 2095 1664 2134 Si-

126 2165 293 2203 monidis
323 2164 387 2204 vel
418 2164 588 2204 Pindari
618 2164 750 2203 locum
781 2163 896 2202 Plato
928 2162 1124 2212 respicere
1156 2161 1336 2211 videtur,
1369 2173 1415 2199 ac
1446 2161 1580 2200 nescio
1613 2172 1665 2199 an

127 2229 206 2267 huc
236 2227 359 2267 etiam
390 2228 622 2269 Aristotelis
653 2230 778 2268 verba
808 2227 1019 2267 referenda
1050 2227 1132 2265 sint
1162 2226 1282 2266 Polit,
1313 2225 1410 2263 VIII
1444 2227 1482 2273 5,
1513 2225 1584 2264 ubi
1615 2226 1664 2264 de

128 2294 304 2333 musicae
334 2294 466 2333 studio
498 2295 698 2345 disputat:
730 2296 850 2333 ταῦτα
881 2288 956 2347 γὰρ
986 2291 1024 2332 τί
1052 2291 1117 2331 δεῖ
1142 2286 1366 2342 μανθάνειν
1392 2286 1551 2341 αὐτούς,
1576 2286 1660 2330 ἀλλ’

129 2354 201 2411 οὐχ
241 2355 381 2410 ἑτέρων
419 2354 638 2407 ἀκούοντας
675 2354 834 2411 ὀρθῶς
868 2373 911 2399 τε
943 2357 1126 2410 χαίρειν
1161 2355 1239 2396 καὶ
1281 2352 1524 2396 δύνασθαι
1564 2357 1665 2408 κρί-

130 2438 250 2475 νειν,
282 2419 412 2476 ῶσπερ
451 2423 493 2464 οἱ
520 2420 736 2472 Λάκωνες·
773 2422 916 2465 ἐκεῖνοι
951 2419 1026 2476 γὰρ
1057 2416 1106 2463 οὗ
1145 2418 1419 2475 μανθάνοντες
1455 2418 1562 2474 ’ὅμως
1599 2418 1666 2463 δύ-

130 2505 270 2530 νανται
299 2489 449 2541 κρίνειν
479 2485 627 2542 ὀρθῶς,
661 2485 714 2538 ὥς
745 2490 857 2541 φασί,
888 2485 934 2529 τὰ
966 2485 1111 2542 χρηστά
1142 2487 1208 2528 καὶ
1243 2485 1290 2528 τά
1321 2484 1374 2540 μὴ
1412 2483 1559 2540 χρηστὰ
1589 2490 1668 2528 τῶν

130 2557 269 2608 μελῶν.
300 2554 371 2594 ubi
399 2567 479 2596 non
509 2568 610 2606 opus
635 2555 839 2607 Spengelii
864 2554 1106 2596 correctione
1132 2554 1281 2607 χαίρειν
1313 2549 1558 2593 δύνασθαι
1588 2552 1667 2593 καὶ

130 2620 302 2673 κρίνειν,
343 2628 584 2672 quamquam
623 2622 745 2672 paulo
787 2623 881 2662 ante
920 2621 1092 2672 legimus
1135 2615 1208 2671 τὴν
1247 2615 1443 2671 μουσικὴν
1482 2614 1523 2659 τὸ
1563 2611 1668 2670 ἦθος

132 2678 252 2728 ποιόν
282 2702 317 2726 τι
349 2687 495 2734 ποιεῖν,
535 2683 747 2734 ἐθίζουσαν
778 2682 1023 2726 δύνασθαι
1054 2686 1237 2739 χαίρειν
1270 2680 1445 2737 ὀρθῶς,
1486 2686 1527 2723 et
1562 2684 1669 2724 infra.

131 2765 164 2792 c.
195 2753 239 2792 6:
285 2749 369 2792 ἐπεὶ
405 2752 475 2791 τοῦ
510 2750 660 2803 κρίνειν
696 2747 810 2803 χάριν
848 2749 1017 2804 μετέχειν
1056 2751 1120 2792 δεῖ
1150 2753 1230 2790 τῶν
1266 2749 1411 2805 ἔργων,
1449 2745 1514 2789 διὰ
1554 2751 1669 2790 τοῦτο

135 2812 208 2870 χρὴ
239 2815 357 2866 νέους
387 2814 460 2868 μὲν
490 2813 607 2864 ὄντας
637 2818 809 2869 χρῆσθαι
838 2819 920 2865 τοῖς
945 2815 1094 2871 ἔργοις,
1124 2813 1411 2869 πρεσβυτέρους
1442 2812 1486 2855 δὲ
1515 2812 1669 2869 γενομέ-

135 2897 231 2930 νους
260 2884 338 2922 τῶν
370 2879 440 2934 μὲν
460 2880 598 2935 ·ἐ’ργων
628 2877 835 2933 ἀφεῖσθαι,
867 2878 1112 2923 δύνασθαι
1155 2879 1204 2922 δὲ
1241 2877 1293 2921 τὰ
1330 2876 1448 2920 καλὰ
1485 2880 1667 2933 κρίνειν
