1864 3126
205 153 292 195 522
510 151 512 157 ⁴
772 132 964 191 ΡὸΕΤΑΕ
990 157 1164 195 MELICI.

203 266 284 311 κῶς
314 265 531 316 scripsisse,
551 267 791 307 mentionem
818 269 1021 318 popularis
1049 270 1268 310 cantilenae
1291 271 1420 321 possis
1443 272 1539 312 illuc
1561 274 1724 326 referre,

206 331 275 369 sed
306 333 465 380 poterat
503 334 621 381 poeta
658 332 779 371 etiam
816 333 857 371 in
895 333 1061 387 epinicio
1099 336 1163 375 vel
1199 336 1277 375 alio
1313 338 1486 376 carmine
1522 338 1723 380 commode

203 396 264 434 uti
295 395 452 435 decreto
483 399 714 448 pervagato.

811 514 895 556 190
908 513 958 557 B.
990 516 1124 570 [113.]

323 597 438 636 Mich.
478 598 635 638 Psellus
682 597 768 651 περὶ
811 598 932 653 ἐνεργ.
970 601 1075 653 δαιμ.
1116 616 1152 651 p.
1185 603 1228 641 5:
1272 604 1384 642 Κατα
1426 603 1658 657 Σιμωνίδην
1699 600 1722 647 ὃ

201 657 316 714 λόγος
346 664 424 701 τῶν
454 659 692 716 πραγμάτων
723 660 839 704 εἰκών
869 663 982 705 ἐστιν.
1013 667 1090 706 nisi
1121 667 1224 706 forte
1254 669 1551 720 apophthegm
1580 670 1654 710 est.

830 781 1094 835 191.[114]

318 866 433 905 Plato
466 866 514 906 de
546 866 712 916 Republ.
744 867 764 905 I
798 869 880 906 331
914 867 966 906 E:
1003 866 1106 921 Λέγε
1137 864 1208 920 δή,
1240 863 1353 908 εἷπον
1383 865 1479 922 ἐγώ,
1516 864 1567 909 σὺ
1598 865 1621 910 ὃ
1650 871 1722 911 τοῦ

196 926 316 983 λόγου
356 926 618 982 κληρονόμος,
657 930 697 970 τί
735 928 815 986 φῂς
853 928 923 972 τὸν
958 933 1191 985 Σιμωνίδην
1226 930 1387 986 λέγοντα
1423 929 1556 987 ὀρθῶς
1596 932 1721 988 λέγειν

195 994 283 1046 περὶ
315 989 700 1047 δικαιοσύνης;”Ότι,
724 989 750 1048 ἦ
777 993 814 1035 δ’
842 994 901 1048 ὅς,
926 994 968 1038 τὸ
998 994 1050 1038 τὰ
1081 992 1372 1050 ι’φειλόμενα
1402 995 1576 1054 ἑκάστῳ
1607 995 1721 1041 ἄπο-

196 1056 389 1100 διδόναι
430 1056 624 1101 δίκαιόν
665 1059 762 1112 ἐστι,
801 1064 915 1102 τοῦτο
953 1061 1077 1116 λέγων
1115 1063 1229 1103 δοκεῖ
1258 1062 1386 1117 ἔμοιγε
1422 1066 1549 1113 καλῶς
1584 1062 1721 1118 λέγειν.

197 1125 257 1165 Of.
288 1126 340 1165 ib.
374 1128 458 1165 332
479 1126 527 1166 A.
561 1128 646 1166 334
666 1127 698 1165 E
732 1129 773 1166 et
805 1129 888 1167 335
910 1128 959 1168 D.
1018 1129 1196 1179 Respicit]
1235 1129 1312 1168 huc
1349 1129 1514 1169 Proclus
1553 1130 1605 1169 ad
1641 1131 1721 1169 He—

199 1192 296 1231 siod.
329 1191 401 1243 Op.
431 1206 470 1231 v.
503 1193 604 1232 707:
642 1192 871 1244 Σιμωνίδης
907 1195 1007 1246 γοῦν
1036 1189 1182 1246 ταύτην
1212 1188 1314 1233 εἶναι
1345 1190 1602 1247 δικαιοσύνην
1633 1191 1719 1247 ὡρί-

198 1268 304 1309 σατο,
335 1252 430 1305 τοὺς
461 1256 601 1308 φίλους
631 1250 676 1297 εὖ
706 1261 845 1298 ποιεῖν.

828 1373 911 1416 192
956 1374 1090 1428 [118]
1165 1428 1168 1431 ,

313 1438 450 1499 Theon
486 1460 790 1511 Progymnasm.
830 1460 851 1499 I
883 1461 966 1500 215
1000 1460 1130 1499 Walz:
1170 1456 1239 1499 Ἐκ
1282 1458 1326 1499 δὲ
1360 1461 1430 1500 τοῦ
1469 1456 1719 1513 ἀσυμφόρου,

193 1520 250 1564 ὅτι
281 1525 480 1578 βλαβερῶς
510 1528 698 1577 παραινεῖ
722 1525 952 1577 Σιμωνίδης
982 1525 1133 1572 παίζειν
1169 1523 1212 1565 ἕν
1248 1526 1302 1581 τῷ
1331 1525 1404 1580 βίῳ
1436 1524 1502 1565 καὶ
1532 1523 1620 1578 περὶ
1649 1541 1719 1578 μη-

193 1586 262 1629 δὲν
293 1585 425 1638 ἁπλῶς
456 1586 702 1637 σπουδάζειν.

823 1706 1086 1759 193.[126]
1718 1687 1849 1740 ·1192'

311 1793 417 1832 Plut.
450 1792 499 1831 de
529 1793 580 1831 Is.
613 1794 654 1831 e‘c
685 1791 786 1831 Osir.
819 1805 851 1833 c.
884 1793 958 1831 23:
990 1787 1115 1831 Ὀκνῶ
1156 1790 1218 1842 δέ,
1256 1788 1308 1844 μὴ
1345 1794 1459 1833 τοῦτο
1495 1785 1522 1846 ᾖ
1551 1787 1598 1831 τὰ
1628 1787 1713 1831 ἆκί-

192 1872 289 1909 νητα
319 1861 444 1897 κινεῖν
475 1856 540 1896 καὶ
570 1860 796 1907 πολεμεῖν
827 1852 875 1896 οὗ
908 1852 984 1909 (sic
1015 1857 1249 1910 AEFGHV,
1274 1859 1395 1908 vulgo
1421 1851 1483 1912 ἐν)
1514 1858 1571 1911 τῷ
1601 1859 1724 1897 πολ-’
1751 1870 1754 1873 ’

192 1924 252 1978 λῷ
292 1919 462 1976 χρόνῳ,
504 1918 603 1961 κατὰ
642 1921 893 1973 Σιμωνίδην,
937 1917 1079 1973 μόνον,
1122 1925 1315 1970 πολλοῖς
1358 1918 1397 1962 δ’
1442 1917 1716 1974 ἀνθρώπων

192 1987 386 2027 ἔθνεσιν
416 1985 482 2026 καὶ
511 1985 663 2039 γένεσιν
701 1982 878 2038 κατόχοις
913 1981 991 2026 ὑπὸ
1026 1989 1095 2038 τῆς
1131 1983 1229 2039 πρὸς
1264 1983 1356 2035 τοὺς
1391 1983 1514 2035 θεοὺς
1552 1981 1716 2035 τούτους

193 2048 402 2104 ὁσιότητος.
433 2052 537 2091 Item
566 2052 638 2092 vii.
666 2051 782 2091 Thes.
808 2064 838 2090 c.
867 2052 938 2090 10:
975 2051 1027 2091 Οἱ
1053 2047 1298 2105 Μεγαρόθεν
1328 2054 1566 2105 συγγραφεῖς
1596 2046 1716 2103 ὁμόσε

130 2163 134 2166 ,
190 2120 236 2172 τῇ
268 2113 382 2171 φήμῃ
413 2117 635 2170 βαδίζοντες
672 2115 738 2155 καὶ
774 2118 826 2172 τῷ
862 2118 1014 2172 πολλῷ
1050 2113 1200 2172 χρόνῳ
1237 2112 1334 2156 κατὰ
1364 2116 1595 2169 Σιμωνίδην
1631 2130 1712 2156 πο-

190 2185 444 2235 λεμοῦντες
487 2179 574 2223 οὔτε
616 2177 805 2234 ὑβριστὴν
847 2174 936 2222 οὔτε
977 2178 1122 2236 λῃστὴν
1159 2179 1362 2235 γεγονέναι
1400 2177 1469 2222 τὸν
1507 2177 1714 2234 Σκείρωνά

192 2260 327 2300 φασιν.
390 2248 562 2288 Videtur
592 2249 711 2298 poeta
742 2248 905 2298 dixisse,
936 2248 1042 2287 nolle
1075 2261 1117 2288 se
1147 2248 1304 2287 fabulas
1336 2247 1384 2286 de
1422 2247 1498 2286 diis
1536 2247 1608 2286 aut
1646 2247 1712 2286 he-

190 2315 326 2353 roibus
365 2305 537 2353 traditas'
577 2313 791 2364 refingere,
834 2314 1021 2364 quonjam
1051 2313 1220 2352 arduum
1251 2313 1304 2352 εἰῇ
1333 2313 1540 2364 negotium
1569 2313 1713 2364 famae,

190 2392 309 2430 quam
339 2379 531 2430 temporis
563 2380 744 2418 vetustas
777 2381 817 2417 et
859 2378 1040 2429 gentium
1070 2390 1283 2418 consensus
1314 2377 1545 2426 firmaverit,
1576 2377 1713 2416 adver-

190 2446 281 2485 sari.
354 2445 476 2483 Recte
519 2443 675 2483 monuit
716 2443 915 2493 Bernays'
941 2437 1127 2496 (Hermes
1165 2443 1202 2481 V
1247 2438 1351 2494 301)
1397 2443 1475 2481 huc
1515 2441 1711 2492 respicere

189 2510 358 2549 Aristot.
389 2509 474 2548 Pol.
504 2508 545 2546 II
578 2510 622 2557 2,
664 2510 718 2547 10
755 2503 826 2560 χρὴ
863 2506 1066 2560 προσέχειν
1104 2509 1158 2563 τῷ
1195 2508 1326 2562 πολλῷ
1363 2502 1489 2561 χρόνῳ
1527 2504 1593 2545 καὶ
1629 2508 1712 2554 τοῖς

189 2578 347 2623 πολλοῖς
384 2573 506 2614 ἔτεσιν
542 2569 759 2626 (ἔθνεσιν
796 2574 974 2613 restissuiiz
1010 2567 1228 2626 Bernays),
1264 2570 1308 2611 ἐν
1344 2566 1403 2619 οἷς
1441 2566 1513 2610 οὐκ
1549 2565 1600 2609 ὅίν
1629 2568 1711 2609 ἕλα-

189 2644 284 2691 θεν,
315 2639 350 2679 εἰ
380 2641 497 2678 ταῦτα
526 2640 653 2687 καλῶς
684 2634 795 2691 εἶχεν.
857 2640 1036 2689 Bernays
1067 2638 1191 2678 refert
1220 2638 1317 2676 haec
1342 2636 1393 2675 ad
1417 2647 1575 2675 carmen
1606 2635 1711 2675 unde

190 2706 240 2745 fr.
274 2707 326 2745 19
361 2697 576 2755 sumptum.

819 2818 913 2860 194.
945 2817 1080 2871 [222]

309 2904 453 2944 Athen.
486 2905 523 2943 V
554 2906 639 2944 210
657 2905 710 2944 B:
736 2899 807 2944 Ἐν
839 2905 1024 2944 Φλιοῦντι
1053 2898 1150 2942 κατὰ
1179 2916 1252 2954 την
1281 2895 1559 2953 πολεμάρχειον
1590 2896 1708 2940 στοὰν

1851 1314 1864 1413 13
