1864 3126
808 167 1043 207 ALCAEUS.
1609 167 1688 211 171

701 277 777 323 IV.
809 277 1158 323 ΕΡΩΤῙΚΑ.

773 387 842 430 55.
874 387 964 441 [41.
995 387 1084 440 42]

217 466 406 514 Ἰόπλοδί
441 466 559 526 ἅγνα
589 467 893 527 μελλιχόμειδε
926 466 1136 525 Σάπφοι,

232 539 353 584 θέλω
384 557 426 584 τι
456 542 638 597 Ἑείπην,
669 537 784 584 ἀλλά
817 557 870 598 με
901 538 1063 585 κωλύει
1095 541 1243 592 asem.

822 672 891 716 56.
926 672 1032 727 [40.]

235 755 372 810 Δέξαι
404 771 457 812 με
488 754 768 812 κωμάζοντα,
801 754 944 810 δέξαι,
975 756 1189 811 λίσσομαί
1216 766 1288 811 σε,
1320 757 1573 812 λίσσομαι..

257 910 316 947 Fr.
344 913 399 946 55.
449 909 494 945 V.
524 915 552 946 1.
602 909 831 956 Hephaestio
863 922 898 956 p.
932 912 999 945 80:
1040 910 1245 966 Τρίμετρον
1283 907 1326 945 δὲ
1359 905 1621 966 ἀκατάληπτον
1654 906 1695 945 τὸ

162 956 297 994 τούτου
322 958 542 1002 περιττεῦον
568 958 730 1015 συλλαβῇ
757 958 813 1015 τῇ
827 957 1041 1007 τελευταίᾳ,
1066 955 1311 1014 καλούμενον
1343 955 1385 993 δὲ
1407 952 1601 992 Ἀλκαϊκόν
1628 959 1697 992 δω-

161 1002 459 1063 δεκασύλλαβον,
498 1004 596 1041 οἷον·
626 1001 653 1040 Ι
659 1002 768 1041 οπλο
777 1018 798 1050 χ
847 1006 921 1040 κτλ.
1032 985 1188 1040 ἰόπλοκ’
1222 1001 1323 1050 ἄγνα
1354 1004 1448 1040 ΑΡΕ
1484 1003 1569 1050 (nisi
1595 1005 1695 1050 quod

161 1049 289 1099 ἁγνά),
315 1049 462 1088 ἰόπλοκ’
491 1050 590 1109 ἁγνοὶ
618 1052 661 1096 8,
687 1050 834 1098 ἰόπλοχ’
861 1049 961 1098 ἁγνα
987 1052 1114 1098 vulgo,
1139 1050 1311 1098 psilosim
1336 1051 1412 1088 iam
1433 1051 1709 1088 Schneidewin-

161 1100 340 1137 restituit.
368 1121 411 1127 —
438 1097 695 1147 μελλιχόμειὸε
723 1100 860 1145 ΑΡΕ8,
891 1101 934 1135 ιιι
959 1099 1147 1135 Hermann
1172 1099 1349 1145 restituit,
1376 1097 1611 1145 μελιχόμειὸε
1640 1100 1695 1144 Fl,

161 1146 421 1195 μελιχόμειδες
446 1147 484 1193 C,
511 1148 626 1194 vulgo
651 1128 916 1194 μειλιχόμειδε.
960 1147 1133 1184 Formam
1158 1147 1446 1204 μειλιχομείὸης,
1472 1158 1593 1206 quam
1611 1159 1698 1193 sup-

161 1195 308 1250 peditat
326 1177 531 1241 Hesychius
556 1195 838 1241 (interpretatur
856 1192 1085 1241 ποαΰγελως,
1111 1191 1315 1241 ἡδύγελως,
1339 1191 1465 1240 ἡδεῖα,
1490 1192 1696 1251 πραΰνοος)

161 1242 307 1299 respuit
329 1243 475 1280 numeri
499 1243 569 1279 lex.
602 1263 646 1270 —
685 1242 723 1279 V.
750 1247 782 1280 2.
815 1242 969 1279 adiunxi
994 1254 1038 1279 ex
1063 1242 1265 1279 Aristotele
1290 1242 1399 1278 Rhet.
1425 1242 1442 1277 I
1467 1246 1505 1278 9:
1541 1239 1598 1278 Τὰ
1625 1239 1698 1288 γὰρ

162 1287 297 1336 αἰσχρὰ
324 1289 567 1348 αἰσχύνονται
594 1290 659 1326 καὶ
682 1288 854 1336 λέγοντες
878 1290 942 1326 καὶ
969 1289 1177 1337 μέλλοντες,
1209 1302 1334 1348 ωσπερ
1365 1289 1430 1325 καὶ
1454 1287 1607 1335 Σαπφώ
1634 1302 1698 1325 πε-

164 1338 321 1385 ποίηκεν
347 1335 521 1380 εἰπόντος
545 1338 612 1375 τοῦ
635 1334 852 1374 Ἀλκαίου·
882 1336 1005 1374 Θέλω
1031 1340 1106 1374 κτλ.
1151 1336 1205 1373 Αἰ
1227 1333 1265 1373 δ’
1293 1332 1399 1383 ἦχες
1423 1340 1498 1373 κτλ.
1530 1336 1697 1383 (Sappho

163 1386 206 1422 fr.
233 1386 306 1430 29).
356 1385 409 1422 Cf.
442 1386 558 1423 etiam
590 1386 709 1422 cram.
742 1387 810 1422 An.
846 1385 963 1421 Paris.
995 1385 1011 1420 Ι
1038 1389 1126 1431 266,
1152 1389 1209 1421 25.
1243 1405 1286 1410 -
1318 1384 1462 1431 ,Ρείπην
1497 1385 1697 1429 Hermann,

163 1430 198 1469 τ’
225 1431 337 1478 εἰπῆν
363 1435 433 1478 Ac,
460 1430 494 1469 τ’
524 1432 645 1470 scum
673 1432 830 1476 QYbe.
859 1451 903 1459 -——
929 1429 1022 1469 ἀλλὰ
1050 1434 1088 1468 et
1113 1443 1216 1478 seqq.
1243 1443 1315 1468 om.
1344 1431 1407 1468 Zb.
1458 1431 1577 1468 Affert
1601 1433 1695 1468 haec

164 1481 274 1516 Anna
299 1480 425 1517 Comn.
452 1481 557 1518 Alex.
584 1480 652 1516 XV
678 1483 747 1517 486
772 1481 837 1517 sed
862 1491 983 1517 errore
1010 1480 1198 1526 Sapphica
1223 1479 1371 1515 dicens.
1403 1477 1619 1535 ἠβουλόμην
1653 1478 1695 1516 δε

165 1527 230 1564 καὶ
261 1528 389 1564 πᾶσαν
420 1526 489 1585 τὴν
521 1528 595 1564 τῶν
627 1530 844 1586 Βογομίλων
874 1525 1133 1584 διηγήσασθαι
1165 1528 1327 1572 αιρεσιν,
1358 1523 1452 1562 ἄλλά
1485 1539 1529 1573 με
1557 1524 1696 1563 κωλύει

164 1574 228 1612 καὶ
254 1573 387 1618 αἰδώς,
413 1589 463 1617 ως
487 1573 562 1612 πού
589 1587 704 1622 φησιν
731 1572 754 1622 ἡ
779 1573 875 1621 καλὴ
901 1572 1064 1620 Σαπφώ.
1109 1574 1284 1621 Hartung
1309 1572 1446 1610 κωλύει
1471 1588 1525 1615 τις
1547 1577 1552 1619 Ι
1581 1575 1699 1616 mem«,-

165 1623 324 1668 scripsit.
369 1623 484 1659 Recte
510 1635 570 1659 me
596 1624 663 1660 hos
683 1623 776 1660 duos
803 1622 1006 1659 versiculos
1031 1622 1265 1668 copulavisse
1290 1623 1441 1675 praeter
1461 1621 1554 1658 alios
1582 1621 1696 1658 etiam

164 1670 342 1707 Welcker
366 1671 528 1717 largitur
552 1670 611 1706 ΚΙ.
633 1670 821 1707 Schriften
847 1671 863 1706 I
886 1674 966 1714 111,
991 1669 1162 1716 quamvis
1189 1669 1279 1706 olim
1305 1668 1523 1705 dubitanter
1548 1669 1696 1706 locutus

165 1717 211 1754 de
230 1717 359 1755 Alcaei
379 1728 503 1755 amore
530 1729 621 1773 erga
645 1718 830 1764 poetriam
855 1718 1063 1763 aequalem.
1099 1718 1154 1754 De
1179 1716 1237 1762 iis,
1262 1717 1398 1762 quibus
1422 1717 1516 1753 haec
1541 1718 1696 1762 temere,

164 1766 254 1801 ficta
278 1765 463 1806 videntur,
489 1765 554 1811 qui
577 1765 716 1802 Alcaeo
736 1766 808 1802 hoc
827 1776 976 1801 carmen
995 1764 1224 1808 abiudicant,
1250 1729 1327 1800 dixi
1346 1763 1395 1800 ad
1415 1764 1489 1810 Sap
1491 1764 1552 1810 p.h
1573 1765 1616 1800 fr.
1638 1768 1694 1800 29.

166 1813 356 1896 8Ὴοιοει,
380 1815 423 1849 ιιι
446 1778 514 1849 deq
517 1824 671 1850 numero
697 1825 731 1851 v.
758 1817 797 1857 2,
831 1813 896 1870 qui
928 1811 1101 1849 Alcaicus
1133 1776 1489 1857 hendecasyllabusp
1501 1811 1701 1848 videbatur

222 1863 272 1896 λω
306 1874 341 1896 τι
371 1859 490 1906 fetum
494 1874 532 1905 ν,
565 1857 658 1897 ἄλλά
690 1873 735 1907 με
762 1858 897 1896 κωλύει
927 1863 931 1904 Ι
960 1858 1096 1904 Αἰδώς,
1122 1871 1244 1895 meam
1271 1858 1553 1904 discriptionem
1579 1861 1697 1896 tuear.

167 1908 248 1954 Ego
273 1907 402 1943 addidi
428 1909 545 1949 αἴὸως
557 1908 890 1965 hendecasyllabo,
915 1909 958 1943 ut
982 1907 1057 1943 iam
1077 1920 1111 1944 v.
1132 1911 1153 1942 2
1172 1907 1286 1961 plane
1305 1908 1488 1952 congruat
1507 1918 1591 1943 cum
1614 1919 1649 1943 v.
1667 1912 1697 1943 1.

167 1919 437 2013 Existimabam
468 1952 604 1992 κωλύει
630 1958 669 1992 et
693 1957 810 1996 αἴδως
835 1955 1060 2013 coalescere,
1092 1957 1135 1991 ut
1166 1958 1224 1991 est
1246 1953 1287 1990 in
1312 1953 1502 2012 Sapphico
1528 1966 1636 1990 versu
1666 1959 1697 1998 1,

168 2003 230 2038 11:
256 2000 382 2039 πύκνα
408 2003 602 2044 δινεῦντες
625 2000 734 2048 πτέρ’
767 2000 836 2039 απ’
870 1999 1004 2047 ωράνω
1037 2003 1207 2050 αἴθεΙρος
1237 1999 1302 2037 διὰ
1334 1999 1468 2047 μέσσω.
1529 2002 1636 2046 Quod
1669 2002 1700 2038 si

167 2050 416 2104 synaloephae
450 2052 632 2097 asperitas
669 2050 850 2093 offendat,
887 2050 1090 2086 videndum
1122 2062 1170 2086 an
1200 2049 1298 2086 forte
1330 2049 1532 2085 Aeolenses
1563 2051 1700 2094 poetae

166 2097 304 2142 passim
330 2098 371 2133 in
395 2097 454 2133 his
479 2098 648 2134 versibus
674 2079 865 2143 dactylum
890 2098 1175 2144 geminaverint,
1204 2096 1505 2142 quandoquidem
1525 2062 1699 2142 dapctylus

167 2144 229 2180 hic
253 2147 312 2181 est
335 2144 450 2181 trium
475 2147 698 2192 temporum,
730 2148 773 2181 ut
796 2145 991 2182 commode
1017 2145 1057 2181 in
1081 2146 1205 2182 locum
1235 2145 1403 2180 trochaei
1428 2144 1594 2189 potuerit
1619 2155 1699 2179 snc-

167 2192 309 2229 cedere.
337 2192 509 2229 Vicissim
522 2193 680 2230 Alcman
699 2195 738 2230 et
752 2192 936 2230 Corinna
925 2206 964 2229 ιιι
982 2191 1213 2239 logaoedicis
1226 2191 1453 2228 carminibus
1473 2191 1700 2227 interserunt

167 2251 306 2282 versus,
332 2240 371 2275 in
392 2239 530 2294 quibus
555 2240 724 2286 dactylus
749 2241 860 2287 plane
886 2252 960 2277 non
985 2241 1187 2286 comparet.
1238 2238 1405 2282 Accedit,
1431 2239 1530 2283 quod
1557 2239 1700 2274 Seneca

168 2287 207 2322 in
231 2287 435 2332 tragoediis
461 2287 618 2324 eandem
643 2287 837 2330 licentiam
856 2287 1037 2324 admisit
1026 2300 1066 2323 ιιι
1086 2286 1284 2334 Sapphicis
1302 2285 1480 2331 versibus,
1508 2285 1579 2321 nisi
1600 2285 1700 2332 quod

169 2333 372 2370 secundum
398 2335 436 2370 et
458 2335 613 2372 ,tertium
637 2335 761 2372 locum
786 2337 972 2382 occupant
995 2335 1150 2381 dactyli,
1175 2337 1218 2371 ut

550 2405 590 2441 Si
614 2416 686 2460 qua
712 2406 934 2443 Parrhasiae
958 2405 1129 2453 glacialis
1154 2405 1272 2441 Ursae

549 2453 663 2489 Troia
687 2465 761 2507 qua
783 2453 906 2490 iaceat
929 2454 1082 2500 regione
1108 2454 1319 2489 monstrans

551 2500 704 2537 Sumere
731 2499 944 2538 innumeras
969 2500 1123 2537 solitum
1146 2500 1295 2546 figuras.

170 2571 369 2626 Tragicum
400 2571 571 2615 latinum,
602 2583 828 2626 quamquam
858 2570 1091 2618 rhythmicae
1122 2570 1214 2606 artis
1246 2582 1319 2606 non
1350 2569 1440 2606 satis
1501 2581 1630 2606 narum
1662 2574 1702 2606 et

171 2617 321 2664 saepius
346 2619 610 2665 magistrorum
635 2619 846 2665 praeceptis
871 2619 970 2656 male
995 2618 1272 2672 obsequentem,
1298 2618 1392 2653 haec
1418 2618 1482 2652 nul
1500 2628 1522 2652 ο
1547 2619 1699 2653 auctore

171 2676 329 2702 novasse
360 2677 434 2703 ιιοιι
460 2666 654 2703 credibile:
681 2666 856 2703 videntur
885 2666 1019 2703 Graeci
1049 2664 1195 2701 metrici
1227 2665 1323 2700 hanc
1355 2663 1475 2710 ipsam
1507 2663 1701 2700 licentiam

170 2713 368 2758 agnovisse
406 2713 445 2749 in
482 2713 723 2750 Aeolensium
760 2715 957 2759 poetarum
996 2712 1174 2749 versibus.
1230 2709 1360 2757 Neque
1398 2711 1499 2757 apud
1535 2710 1700 2768 tragicos

171 2761 302 2806 poetas
327 2760 494 2797 eiusdem
521 2761 695 2798 licentiae
724 2761 895 2807 exempla
918 2759 1071 2804 desunt,
1101 2758 1274 2806 quamvis
1298 2770 1322 2795 a
1345 2758 1482 2795 nostris
1507 2759 1700 2806 magistris

170 2818 245 2843 non
270 2807 345 2844 siut
369 2807 637 2846 animadversa.

267 2878 326 2914 Fr.
359 2883 415 2915 56.
466 2879 668 2926 Hephaest.
707 2883 769 2915 30·
811 2882 906 2924 Tem
886 2875 1052 2925 ρᾰμετρα
1091 2875 1152 2923 δέ,
1190 2875 1272 2914 οἷον
1305 2874 1347 2913 τὸ
1380 2878 1447 2914 τοῦ
1476 2874 1695 2915 Ἀλκαίου·

173 2923 319 2970 Δέξαι
343 2929 419 2962 κτλ.
469 2925 612 2963 Eadem
637 2926 760 2964 Schol.
786 2927 906 2974 Heph.
935 2930 1002 2964 168
1028 2927 1067 2962 et
1092 2924 1217 2962 Schol.
1243 2923 1432 2972 Aristoph.
1452 2925 1550 2962 Plut.
1571 2930 1640 2963 ³02
1659 2932 1699 2963 et
1755 2947 1758 2951 ·

1024 3071 1051 3080 κ
