1864 3126
233 132 319 173 614
518 128 519 132 ’
641 124 647 131 ’
801 129 992 166 POETAE
1016 129 1194 166 MELIGI.

233 257 319 282 sum
353 244 472 281 etiam
506 245 660 291 spectat
690 243 806 281 Phot.
840 243 935 290 259,
973 243 1042 280 13:
1074 238 1345 293 Μεσαύχενες·
1378 241 1420 282 οἵ
1446 237 1658 293 ἆσκοτηδὲς
1687 237 1757 283 αὖ·

231 306 338 359 χένες
370 305 461 359 (scr.
493 308 534 347 οἵ
562 304 693 346 ἀσκοί·
732 307 771 346 οἱ
801 304 843 345 δὲ
875 303 1133 359 δεσαύχενες).
1194 307 1307 346 Adde
1340 307 1510 357 Hesyoh.
1539 321 1576 347 v.
1607 301 1756 347 Δεσαῦ-

231 386 338 423 χενες
369 375 411 411 et
442 374 507 411 Et.
542 374 590 411 M.
627 373 723 422 258,
757 374 824 411 29.
889 372 965 410 Sed
1002 385 1137 411 veram
1174 372 1383 411 lectionem
1420 372 1578 411 videtur
1615 371 1757 411 Pollux

233 438 455 477 servavisse
486 438 527 476 II
564 436 663 476 136:
703 433 912 488 βυσαύχην
950 434 992 475 δὲ
1024 431 1044 475 ὃ
1075 431 1167 484 τοὺς
1198 434 1268 487 μὲν
1300 432 1432 487 ὤμους
1462 431 1658 487 ἀνέλκων,
1687 433 1757 478 τὸν

232 499 275 540 δὲ
307 498 453 553 αὐχένα
485 500 703 551 συνέλκων,
742 498 790 541 ὃν
822 500 1032 553 ἐπίβουλον
1059 497 1316 552 Ἀριστοτέλης
1348 505 1670 553 φυσιογνωμονεῖ
1695 497 1757 554 (in

232 568 587 618 Physiognomicis,
625 580 726 618 quae
767 568 888 617 vulgo
930 566 1159 605 Aristotelis
1199 567 1357 604 nomine
1397 565 1599 615 feruntur,
1643 578 1757 606 voca·

233 634 372 678 bulum
404 646 483 672 non
514 633 675 682 legitur,
709 633 777 670 sed
809 645 873 670 res
906 631 1154 679 significatur
1179 644 1210 670 c.
1238 633 1280 670 6:
1314 626 1372 678 οἷς
1403 628 1446 669 δὲ
1477 626 1625 682 βραχὺς
1654 627 1758 684 ὅῖγαν

232 694 430 750 τράχηλος,
469 687 701 750 ἐπίβουλοι)
744 694 809 735 καὶ
842 693 1141 749 βυσαύχενας
1181 692 1272 744 τοὺς
1302 692 1448 743 ἀσκοὺς
1474 691 1758 747 Ἀριστοφάνης

233 761 431 813 κέκληκεν,
463 775 587 812 eaque
619 763 736 802 lectio
762 763 922 801 videbar
955 762 1075 800 etiam
1101 761 1151 799 ab
1184 761 1383 812 Hesychio
1414 763 1635 800 memorata
1659 773 1757 812 esse,

233 828 300 866 ubi
328 829 445 867 scrib.
466 826 563 867 ἔνιοι
589 824 631 865 δὲ
659 823 725 866 διοὶ
747 828 818 866 τοῦ
840 827 863 865 δ
881 823 1079 879 γράφουσι
1099 822 1326 878 δεσαύχενες
1346 824 1412 864 καὶ
1431 820 1756 878 (βυσαύχενες)

234 888 282 931 οὐ
313 894 450 939 καλῶς.
511 893 703 943 Hartung
734 888 994 944 βυσσαύχενες
1026 892 1210 942 requirit,
1250 892 1296 931 cf.
1330 892 1559 930 Xenarchus
1590 892 1685 931 Ath.
1716 891 1757 930 II

236 960 288 997 63
311 959 359 996 F:
391 953 505 996 κοῦτε
536 953 740 1008 βυσαύχην
771 959 870 1004 θεᾶς
901 959 1036 1007 Δηοῦς
1068 953 1250 1004 σύνοικος
1288 951 1455 1009 γηγενὴς
1492 953 1654 1008 βολβός,
1692 957 1760 996 ubi

235 1023 408 1062 Dindorf
436 1023 531 1061 item
563 1018 796 1074 βυσσαύχην
828 1022 1004 1061 coniecit.

836 1177 916 1220 ΥΜ
924 1177 1159 1221 ΕΝΑΙΟΣ.

971 1289 1034 1330 13.

331 1354 497 1380 ύύυ-
521 1357 755 1381 ......

334 1427 453 1484 Γάμε
483 1430 604 1472 θεῶν
636 1412 922 1485 λαμπρότατε.

759 1655 1242 1689 ΕΠΙΓΡΑΜΜΑΤΑ.
1671 1658 1760 1690 1265

954 1751 1053 1792 *14.

333 1840 474 1886 Αὐτοὶ
506 1841 590 1899 γὰρ
623 1842 697 1886 διὰ
730 1846 1006 1901 Παρνασσοῦ
1038 1879 1046 1887 .
1068 1878 1076 1887 .
1098 1879 1106 1887 .
1126 1879 1135 1889 .

391 1913 690 1971 χρυσορόφων
722 1914 953 1971 Νυμφέων
986 1919 1089 1957 εἵσω
1124 1914 1266 1973 (ἴσαν)
1298 1913 1530 1972 θαλάμων.

331 2068 470 2103 F1.13.
522 2067 698 2103 Athen.1
725 2068 807 2103 6A:
836 2062 956 2108 Οὗτος
982 2065 1210 2112 (Φιλόξενος)
1237 2067 1291 2108 εἰς
1309 2065 1475 2113 Ἔφεσον
1500 2066 1762 2109 καταπλεύσας

237 2112 361 2170 εὑρών
384 2111 451 2159 τὴν
479 2112 699 2170 ὀψοπωλίαν
725 2112 859 2160 κενήν,
886 2112 1050 2150 ἐπύθετο
1076 2113 1143 2159 τὴν
1170 2114 1312 2150 αἴτι’·αν
1346 2115 1409 2151 καὶ
1420 2114 1571 2173 μαθὼν
1597 2129 1655 2151 οτι
1681 2116 1759 2151 πᾶν

236 2162 290 2203 εἰς
315 2159 459 2207 γάμους
485 2159 777 2220 συνηγόρασται,
812 2160 1041 2220 λουσαμενος
1066 2163 1191 2221 παρῆν
1200 2158 1375 2220 ἄκλητος
1405 2160 1455 2203 ὡς
1486 2160 1551 2198 τὸν
1583 2164 1759 2219 νυμφίον.

236 2210 312 2244 Καὶ
328 2208 430 2269 μετὰ
457 2206 498 2244 τὸ
526 2211 683 2245 δειπνον
709 2207 805 2258 ᾄσας
825 2207 1085 2255 Ῥμέναιον,
1121 2205 1165 2245 οὗ
1194 2206 1213 2254 ἡ
1240 2207 1355 2270 ἀρχῇ·
1390 2207 1509 2256 Γάμε
1542 2213 1583 2246 θ.
1608 2214 1639 2246 λ
1665 2207 1759 2246 πάν-

236 2270 302 2298 τας
321 2254 632 2316 ἐψυχαγώγησεν·
645 2251 713 2314 ἦν
740 2256 787 2292 δὲ
815 2255 1228 2314 διθυραμβοποιός.
1254 2258 1318 2292 καὶ
1339 2255 1358 2293 ὁ
1359 2259 1551 2315 νυμφίος,
1573 2254 1762 2301 Φιλόξενε,

237 2303 338 2347 εἷπε,
369 2303 434 2339 καὶ
466 2302 600 2347 αὔριον
633 2298 704 2339 ὧδε
739 2306 922 2349 δειπνεις;
954 2304 1018 2339 καὶ
1054 2301 1073 2340 ὃ
1108 2301 1321 2349 Φιλόξενος,
1353 2301 1402 2340 ἂν
1434 2302 1548 2350 ὄψον,
1583 2303 1674 2350 ἔφη,
1707 2303 1757 2351 μὴ

238 2352 341 2397 πωλῇ
368 2364 432 2391 τις.
483 2351 614 2386 Suidas
640 2364 673 2387 v.
702 2350 899 2394 Φιλόξενος
924 2353 1137 2387 Λευκαδίου
1170 2351 1309 2387 similia
1334 2354 1460 2388 narrat
1485 2353 1530 2388 de
1555 2352 1760 2388 Philoxeno

237 2399 439 2434 Leucadio:
466 2399 652 2444 uteunque
679 2401 822 2434 statuas
848 2400 893 2434 de
919 2399 986 2434 illa
1009 2399 1286 2434 narratiuncula
1305 2399 1365 2444 (ef.
1385 2411 1479 2444 quae
1498 2399 1604 2435 dix-i·
1593 2411 1633 2435 111
1651 2399 1759 2436 Com-

236 2447 389 2481 mentat.
417 2446 462 2481 de
489 2446 589 2483 Com.
617 2447 692 2481 Att.
716 2447 799 2483 Ant.
820 2447 916 2491 211),
942 2458 1070 2481 ansam
1096 2446 1130 2482 ei
1156 2447 1369 2492 praebuisse
1385 2412 1542 2483 qvideizur
1566 2445 1760 2482 Philoxeni

236 2495 371 2538 poeizae
397 2504 545 2528 carmen
571 2494 741 2538 aliquod,
768 2493 827 2529 oui
847 2492 1045 2540 Ὑμέναιος
1069 2505 1203 2530 nomen
1229 2494 1318 2539 fuit,
1351 2505 1466 2539 quare
1492 2505 1565 2530 non
1589 2493 1760 2529 dubitavi

235 2543 274 2575 in
300 2541 468 2576 ordinem
493 2540 668 2587 recipere.

310 2635 388 2669 Fr.
419 2639 471 2670 14.
524 2635 700 2681 Antigon.
726 2635 822 2671 Hist
848 2635 980 2671 Mirab.
1011 2640 1077 2671 127
1103 2637 1218 2693 (141)·
1252 2634 1302 2672 Οἵ
1331 2635 1474 2681 Δελφοὶ
1506 2633 1547 2671 δὲ
1573 2633 1757 2681 λέγουσιν,

236 2678 295 2718 ὅτι
321 2679 362 2718 ἐν
387 2683 437 2730 τῷ
464 2683 676 2739 Παρνασσῶ
703 2681 798 2718 κατά
825 2696 929 2724 τινας
954 2683 1132 2742 χρόνους
1136 2681 1176 2718 τὸ
1203 2680 1401 2729 Κωρυκιον
1433 2683 1640 2740 φαίνεσθαι
1674 2696 1759 2740 χρυ·

237 2727 391 2770 σοειδὲς.
443 2727 512 2765 Διὸ
541 2730 604 2765 καὶ
630 2743 696 2765 τον
723 2728 924 2773 Φιλόξενον
951 2729 1078 2771 οὐδεὶς
1108 2744 1157 2766 αν
1189 2730 1437 2766 εἰκαιολαλεῐν
1469 2731 1570 2765 εἴποι
1599 2727 1756 2775 λέγονθ’

237 2788 370 2817 ουτως·
397 2772 508 2813 αὐτοὶ
533 2780 607 2813 κτλ.
633 2799 680 2804 -
706 2778 748 2813 V.
777 2782 806 2813 1.
834 2774 961 2821 αὐτοὶ,
992 2778 1204 2835 Emperius‚
1236 2778 1300 2823 qui
1330 2777 1466 2823 lyricos
1491 2788 1661 2831 numeros
1687 2777 1759 2814 sibi

239 2823 526 2868 deprehendisse
551 2825 652 2860 visus
678 2827 745 2867 est,
771 2821 868 2870 αὐγή
895 2825 954 2861 vel
979 2822 1076 2870 αϋτή
1103 2825 1197 2862 coni.
1247 2825 1382 2860 Versus
1406 2824 1490 2860 fort.
1517 2823 1570 2860 sic
1594 2823 1757 2860 redinte-

237 2871 417 2915 grandus.
444 2869 586 2917 πτύχας
610 2868 851 2918 ἠνεμοέσσας.
878 2893 921 2898 -
948 2871 991 2908 V.
1019 2877 1051 2909 2.
1077 2874 1163 2908 ἴσαν
1189 2872 1318 2909 adieci.
