<?xml version="1.0" encoding="UTF-8"?>
<!DOCTYPE html PUBLIC "-//W3C//DTD XHTML 1.0 Transitional//EN"
    "http://www.w3.org/TR/xhtml1/DTD/xhtml1-transitional.dtd">
<html xmlns="http://www.w3.org/1999/xhtml" xml:lang="en" lang="en">
 <head>
  <title>
</title>
<meta http-equiv="Content-Type" content="text/html;charset=utf-8" />
  <meta name='ocr-system' content='tesseract 3.04.00' />
  <meta name='ocr-capabilities' content='ocr_page ocr_carea ocr_par ocr_line ocrx_word'/>
</head>
<body>
  <div class='ocr_page' id='page_1' title='image "./poetaelyricigrae03berguoft_0266.png"; bbox 0 0 1864 3126; ppageno 0'>
   <div class='ocr_carea' id='block_1_1' title="bbox 199 136 1155 185">
    <p class='ocr_par' dir='ltr' id='par_1_1' title="bbox 199 136 1155 185">
     <span class='ocr_line' id='line_1_1' title="bbox 199 136 1155 185; baseline -0.007 -5"><span class='ocrx_word' id='word_1_1' title='bbox 199 138 285 180; x_wconf 79' lang='lat'><em>256</em></span> <span class='ocrx_word' id='word_1_2' title='bbox 515 182 516 185; x_wconf 8' lang='grc' dir='ltr'><strong>Ἴ</strong></span> <span class='ocrx_word' id='word_1_3' title='bbox 761 136 953 172; x_wconf 81' lang='lat' dir='ltr'>POETAE</span> <span class='ocrx_word' id='word_1_4' title='bbox 978 136 1155 173; x_wconf 68' lang='lat' dir='ltr'>Mnmcr</span> 
     </span>
    </p>
   </div>
   <div class='ocr_carea' id='block_1_2' title="bbox 292 242 1719 372">
    <p class='ocr_par' dir='ltr' id='par_1_2' title="bbox 292 242 1719 372">
     <span class='ocr_line' id='line_1_2' title="bbox 292 242 1719 303; baseline -0.001 -14"><span class='ocrx_word' id='word_1_5' title='bbox 292 244 500 303; x_wconf 83' lang='grc' dir='ltr'><em>βαρύνει,</em></span> <span class='ocrx_word' id='word_1_6' title='bbox 531 246 623 288; x_wconf 93' lang='grc' dir='ltr'><em>Δία</em></span> <span class='ocrx_word' id='word_1_7' title='bbox 652 242 691 287; x_wconf 82' lang='grc' dir='ltr'><em>τ’</em></span> <span class='ocrx_word' id='word_1_8' title='bbox 727 243 874 302; x_wconf 79' lang='grc' dir='ltr'><em>ἄγριοι</em></span> <span class='ocrx_word' id='word_1_9' title='bbox 1628 256 1719 289; x_wconf 84' lang='grc'>1014</span> 
     </span>
     <span class='ocr_line' id='line_1_3' title="bbox 412 315 934 372; baseline 0 -13"><span class='ocrx_word' id='word_1_10' title='bbox 412 317 622 372; x_wconf 76' lang='grc' dir='ltr'><em>χειμῶνες</em></span> <span class='ocrx_word' id='word_1_11' title='bbox 651 315 934 372; x_wconf 77' lang='grc' dir='ltr'><em>κατάγουσιν.</em></span> 
     </span>
    </p>
   </div>
   <div class='ocr_carea' id='block_1_3' title="bbox 292 435 1064 1036">
    <p class='ocr_par' dir='ltr' id='par_1_3' title="bbox 292 435 1064 1036">
     <span class='ocr_line' id='line_1_4' title="bbox 857 435 1064 489; baseline -0.005 -12"><span class='ocrx_word' id='word_1_12' title='bbox 857 436 895 478; x_wconf 85' lang='lat'><em>7.</em></span> <span class='ocrx_word' id='word_1_13' title='bbox 929 435 1064 489; x_wconf 87' lang='lat'>[131.]</span> 
     </span>
     <span class='ocr_line' id='line_1_5' title="bbox 413 510 856 573; baseline -0.002 -13"><span class='ocrx_word' id='word_1_14' title='bbox 413 515 485 560; x_wconf 83' lang='grc' dir='ltr'><em>Σὺ</em></span> <span class='ocrx_word' id='word_1_15' title='bbox 514 515 601 573; x_wconf 81' lang='grc' dir='ltr'><em>γὰρ</em></span> <span class='ocrx_word' id='word_1_16' title='bbox 633 510 685 572; x_wconf 76' lang='grc' dir='ltr'><em>ἧς</em></span> <span class='ocrx_word' id='word_1_17' title='bbox 716 514 856 572; x_wconf 81' lang='grc' dir='ltr'><em>ἔμοιγ’</em></span> 
     </span>
     <span class='ocr_line' id='line_1_6' title="bbox 296 585 530 644; baseline 0 -13"><span class='ocrx_word' id='word_1_18' title='bbox 296 585 530 644; x_wconf 77' lang='grc' dir='ltr'><em>ἀστεμφής.</em></span> 
     </span>
     <span class='ocr_line' id='line_1_7' title="bbox 472 682 1034 735; baseline -0.009 -6"><span class='ocrx_word' id='word_1_19' title='bbox 472 726 475 729; x_wconf 88' lang='grc'><em>.</em></span> <span class='ocrx_word' id='word_1_20' title='bbox 887 682 927 724; x_wconf 83' lang='grc'><em>8.</em></span> <span class='ocrx_word' id='word_1_21' title='bbox 959 682 1034 735; x_wconf 82' lang='grc'><em>[8.]</em></span> 
     </span>
     <span class='ocr_line' id='line_1_8' title="bbox 292 760 976 820; baseline -0.004 -12"><span class='ocrx_word' id='word_1_22' title='bbox 292 762 403 820; x_wconf 80' lang='grc' dir='ltr'><em>Ἐγώ</em></span> <span class='ocrx_word' id='word_1_23' title='bbox 436 762 479 807; x_wconf 81' lang='grc' dir='ltr'><em>δ’</em></span> <span class='ocrx_word' id='word_1_24' title='bbox 515 760 611 807; x_wconf 77' lang='grc' dir='ltr'><em>οὔτ’</em></span> <span class='ocrx_word' id='word_1_25' title='bbox 647 760 704 807; x_wconf 70' lang='grc' dir='ltr'><em>ἂν</em></span> <span class='ocrx_word' id='word_1_26' title='bbox 733 760 976 819; x_wconf 82' lang='grc' dir='ltr'><em>Ἀμαλθίης</em></span> 
     </span>
     <span class='ocr_line' id='line_1_9' title="bbox 295 832 981 892; baseline -0.004 -12"><span class='ocrx_word' id='word_1_27' title='bbox 295 838 542 892; x_wconf 83' lang='grc' dir='ltr'><em>βουλοίμην</em></span> <span class='ocrx_word' id='word_1_28' title='bbox 572 835 722 892; x_wconf 84' lang='grc' dir='ltr'><em>κέρας,</em></span> <span class='ocrx_word' id='word_1_29' title='bbox 755 832 849 878; x_wconf 80' lang='grc' dir='ltr'><em>οὔτ’</em></span> <span class='ocrx_word' id='word_1_30' title='bbox 884 837 981 877; x_wconf 79' lang='grc' dir='ltr'><em>ἔτεα</em></span> 
     </span>
     <span class='ocr_line' id='line_1_10' title="bbox 295 903 939 963; baseline -0.003 -13"><span class='ocrx_word' id='word_1_31' title='bbox 295 905 567 963; x_wconf 79' lang='grc' dir='ltr'><em>πεντήκοντά</em></span> <span class='ocrx_word' id='word_1_32' title='bbox 598 923 644 949; x_wconf 89' lang='grc' dir='ltr'><em>τε</em></span> <span class='ocrx_word' id='word_1_33' title='bbox 673 905 747 949; x_wconf 85' lang='grc' dir='ltr'><em>καὶ</em></span> <span class='ocrx_word' id='word_1_34' title='bbox 779 903 939 949; x_wconf 80' lang='grc' dir='ltr'><em>ἑκατόν</em></span> 
     </span>
     <span class='ocr_line' id='line_1_11' title="bbox 418 979 985 1036; baseline -0.002 -14"><span class='ocrx_word' id='word_1_35' title='bbox 418 979 680 1036; x_wconf 77' lang='grc' dir='ltr'><em>Ταρτησσοῦ</em></span> <span class='ocrx_word' id='word_1_36' title='bbox 711 979 985 1033; x_wconf 84' lang='grc' dir='ltr'><em>βασιλεῦσαι.</em></span> 
     </span>
    </p>
   </div>
   <div class='ocr_carea' id='block_1_4' title="bbox 180 1124 1789 2924">
    <p class='ocr_par' dir='ltr' id='par_1_4' title="bbox 180 1124 1789 2546">
     <span class='ocr_line' id='line_1_12' title="bbox 201 1124 1726 1189; baseline -0.002 -22"><span class='ocrx_word' id='word_1_37' title='bbox 201 1132 267 1168; x_wconf 87' lang='grc' dir='ltr'><em>καὶ</em></span> <span class='ocrx_word' id='word_1_38' title='bbox 293 1129 460 1177; x_wconf 76' lang='grc' dir='ltr'><em>οὐρανὸν</em></span> <span class='ocrx_word' id='word_1_39' title='bbox 487 1128 681 1189; x_wconf 76' lang='grc' dir='ltr'><em>ὀνομάζει·</em></span> <span class='ocrx_word' id='word_1_40' title='bbox 716 1128 792 1165; x_wconf 73' lang='grc' dir='ltr'><em>ἔστι</em></span> <span class='ocrx_word' id='word_1_41' title='bbox 823 1128 866 1165; x_wconf 71' lang='grc' dir='ltr'><em>δὲ</em></span> <span class='ocrx_word' id='word_1_42' title='bbox 893 1124 1000 1183; x_wconf 72' lang='grc' dir='ltr'><em>οὗτρς</em></span> <span class='ocrx_word' id='word_1_43' title='bbox 1031 1126 1118 1175; x_wconf 73' lang='grc' dir='ltr'><em>ἄχρι</em></span> <span class='ocrx_word' id='word_1_44' title='bbox 1149 1130 1214 1175; x_wconf 86' lang='grc' dir='ltr'><em>τῆς</em></span> <span class='ocrx_word' id='word_1_45' title='bbox 1245 1126 1362 1187; x_wconf 79' lang='grc' dir='ltr'><em>ζώνης</em></span> <span class='ocrx_word' id='word_1_46' title='bbox 1392 1130 1458 1174; x_wconf 87' lang='grc' dir='ltr'><em>τῆς</em></span> <span class='ocrx_word' id='word_1_47' title='bbox 1483 1126 1637 1175; x_wconf 79' lang='grc' dir='ltr'><em>σελήνης</em></span> <span class='ocrx_word' id='word_1_48' title='bbox 1661 1129 1726 1165; x_wconf 84' lang='grc' dir='ltr'><em>καὶ</em></span> 
     </span>
     <span class='ocr_line' id='line_1_13' title="bbox 199 1174 1724 1224; baseline -0.002 -9"><span class='ocrx_word' id='word_1_49' title='bbox 199 1180 274 1215; x_wconf 81' lang='grc' dir='ltr'><em>τῶν</em></span> <span class='ocrx_word' id='word_1_50' title='bbox 300 1179 516 1223; x_wconf 75' lang='grc' dir='ltr'><em>πλανητῶν·</em></span> <span class='ocrx_word' id='word_1_51' title='bbox 543 1179 673 1224; x_wconf 85' lang='grc' dir='ltr'><em>αμέλει</em></span> <span class='ocrx_word' id='word_1_52' title='bbox 698 1177 763 1213; x_wconf 85' lang='grc' dir='ltr'><em>καὶ</em></span> <span class='ocrx_word' id='word_1_53' title='bbox 788 1174 906 1217; x_wconf 80' lang='grc' dir='ltr'><em>πύλας</em></span> <span class='ocrx_word' id='word_1_54' title='bbox 932 1177 1096 1222; x_wconf 77' lang='grc' dir='ltr'><em>οὐρανοῦ</em></span> <span class='ocrx_word' id='word_1_55' title='bbox 1121 1175 1166 1212; x_wconf 76' lang='grc' dir='ltr'><em>τὰ</em></span> <span class='ocrx_word' id='word_1_56' title='bbox 1192 1177 1290 1222; x_wconf 83' lang='grc' dir='ltr'><em>νέφη</em></span> <span class='ocrx_word' id='word_1_57' title='bbox 1318 1175 1494 1222; x_wconf 77' lang='grc' dir='ltr'><em>ονομοὶζει</em></span> <span class='ocrx_word' id='word_1_58' title='bbox 1527 1176 1565 1222; x_wconf 84' lang='lat' dir='ltr'>(i.</span> <span class='ocrx_word' id='word_1_59' title='bbox 1591 1188 1622 1213; x_wconf 88' lang='lat' dir='ltr'><em>e.</em></span> <span class='ocrx_word' id='word_1_60' title='bbox 1648 1177 1724 1212; x_wconf 85' lang='lat' dir='ltr'>Ho-</span> 
     </span>
     <span class='ocr_line' id='line_1_14' title="bbox 201 1221 1726 1271; baseline -0.001 -10"><span class='ocrx_word' id='word_1_61' title='bbox 201 1238 335 1271; x_wconf 80' lang='lat' dir='ltr'>merus,</span> <span class='ocrx_word' id='word_1_62' title='bbox 369 1227 442 1262; x_wconf 89' lang='lat' dir='ltr'>vid.</span> <span class='ocrx_word' id='word_1_63' title='bbox 476 1226 517 1262; x_wconf 93' lang='lat' dir='ltr'><em>Il.</em></span> <span class='ocrx_word' id='word_1_64' title='bbox 552 1239 568 1261; x_wconf 89' lang='grc' dir='ltr'><em>ε</em></span> <span class='ocrx_word' id='word_1_65' title='bbox 604 1226 697 1269; x_wconf 84' lang='grc'>749).</span> <span class='ocrx_word' id='word_1_66' title='bbox 745 1221 965 1269; x_wconf 73' lang='grc' dir='ltr'><em>Ἀνακρέων·</em></span> <span class='ocrx_word' id='word_1_67' title='bbox 998 1224 1080 1269; x_wconf 83' lang='grc' dir='ltr'><em>μεὶς</em></span> <span class='ocrx_word' id='word_1_68' title='bbox 1109 1223 1178 1269; x_wconf 77' lang='grc' dir='ltr'><em>μὲν</em></span> <span class='ocrx_word' id='word_1_69' title='bbox 1211 1223 1257 1269; x_wconf 87' lang='grc' dir='ltr'><em>δὴ</em></span> <span class='ocrx_word' id='word_1_70' title='bbox 1290 1221 1526 1269; x_wconf 80' lang='grc' dir='ltr'><em>Ποσειδηϊὼν</em></span> <span class='ocrx_word' id='word_1_71' title='bbox 1560 1223 1726 1269; x_wconf 74' lang='grc' dir='ltr'><em>ἕστηκεν,</em></span> 
     </span>
     <span class='ocr_line' id='line_1_15' title="bbox 201 1268 1727 1320; baseline -0.003 -11"><span class='ocrx_word' id='word_1_72' title='bbox 201 1272 341 1319; x_wconf 80' lang='grc' dir='ltr'><em>νεφέλη</em></span> <span class='ocrx_word' id='word_1_73' title='bbox 368 1270 405 1308; x_wconf 82' lang='grc' dir='ltr'><em>δ’</em></span> <span class='ocrx_word' id='word_1_74' title='bbox 434 1269 535 1318; x_wconf 77' lang='grc' dir='ltr'><em>ὕδωρ</em></span> <span class='ocrx_word' id='word_1_75' title='bbox 562 1270 657 1320; x_wconf 82' lang='grc' dir='ltr'><em>βαρὺ</em></span> <span class='ocrx_word' id='word_1_76' title='bbox 683 1268 721 1306; x_wconf 85' lang='grc' dir='ltr'><em>δ’</em></span> <span class='ocrx_word' id='word_1_77' title='bbox 749 1269 875 1316; x_wconf 75' lang='grc' dir='ltr'><em>ἄγριοι</em></span> <span class='ocrx_word' id='word_1_78' title='bbox 899 1272 1079 1316; x_wconf 84' lang='grc' dir='ltr'><em>χειμῶνες</em></span> <span class='ocrx_word' id='word_1_79' title='bbox 1103 1269 1342 1316; x_wconf 78' lang='grc' dir='ltr'><em>κατάγουσιν.</em></span> <span class='ocrx_word' id='word_1_80' title='bbox 1387 1270 1460 1307; x_wconf 85' lang='lat' dir='ltr'><em>Sed</em></span> <span class='ocrx_word' id='word_1_81' title='bbox 1484 1271 1727 1307; x_wconf 75' lang='lat' dir='ltr'>Anacreontis</span> 
     </span>
     <span class='ocr_line' id='line_1_16' title="bbox 202 1318 1728 1364; baseline -0.003 -7"><span class='ocrx_word' id='word_1_82' title='bbox 202 1321 457 1357; x_wconf 71' lang='lat' dir='ltr'>testimonium</span> <span class='ocrx_word' id='word_1_83' title='bbox 489 1320 529 1355; x_wconf 89' lang='lat' dir='ltr'><em>in</em></span> <span class='ocrx_word' id='word_1_84' title='bbox 553 1320 717 1355; x_wconf 85' lang='lat' dir='ltr'>alienum</span> <span class='ocrx_word' id='word_1_85' title='bbox 749 1319 872 1354; x_wconf 76' lang='lat' dir='ltr'>locimi</span> <span class='ocrx_word' id='word_1_86' title='bbox 904 1319 1087 1354; x_wconf 81' lang='lat' dir='ltr'>delatum:</span> <span class='ocrx_word' id='word_1_87' title='bbox 1118 1318 1191 1354; x_wconf 79' lang='lat' dir='ltr'>fuit</span> <span class='ocrx_word' id='word_1_88' title='bbox 1223 1318 1451 1364; x_wconf 74' lang='lat' dir='ltr'>adscriptum</span> <span class='ocrx_word' id='word_1_89' title='bbox 1482 1330 1515 1354; x_wconf 84' lang='lat' dir='ltr'><em>v.</em></span> <span class='ocrx_word' id='word_1_90' title='bbox 1545 1322 1611 1354; x_wconf 87' lang='lat'><em>188</em></span> <span class='ocrx_word' id='word_1_91' title='bbox 1642 1319 1728 1363; x_wconf 79' lang='lat' dir='ltr'>post</span> 
     </span>
     <span class='ocr_line' id='line_1_17' title="bbox 202 1364 1726 1412; baseline -0.003 -7"><span class='ocrx_word' id='word_1_92' title='bbox 202 1369 335 1405; x_wconf 83' lang='lat' dir='ltr'>verba:</span> <span class='ocrx_word' id='word_1_93' title='bbox 361 1367 425 1403; x_wconf 87' lang='grc' dir='ltr'><em>καὶ</em></span> <span class='ocrx_word' id='word_1_94' title='bbox 441 1364 591 1403; x_wconf 83' lang='grc' dir='ltr'><em>Ἀττικοὶ</em></span> <span class='ocrx_word' id='word_1_95' title='bbox 610 1364 676 1402; x_wconf 88' lang='grc' dir='ltr'><em>τὸν</em></span> <span class='ocrx_word' id='word_1_96' title='bbox 695 1366 782 1411; x_wconf 85' lang='grc' dir='ltr'><em>περὶ</em></span> <span class='ocrx_word' id='word_1_97' title='bbox 807 1367 1017 1411; x_wconf 81' lang='grc' dir='ltr'><em>χειμερίους</em></span> <span class='ocrx_word' id='word_1_98' title='bbox 1041 1364 1182 1411; x_wconf 76' lang='grc' dir='ltr'><em>τροπὰς</em></span> <span class='ocrx_word' id='word_1_99' title='bbox 1206 1366 1306 1412; x_wconf 85' lang='grc' dir='ltr'><em>μῆνα</em></span> <span class='ocrx_word' id='word_1_100' title='bbox 1326 1365 1568 1401; x_wconf 81' lang='grc' dir='ltr'><em>Ποσειδεῶνα</em></span> <span class='ocrx_word' id='word_1_101' title='bbox 1594 1365 1726 1400; x_wconf 75' lang='grc' dir='ltr'><em>καλου-</em></span> 
     </span>
     <span class='ocr_line' id='line_1_18' title="bbox 203 1412 1733 1460; baseline -0.003 -9"><span class='ocrx_word' id='word_1_102' title='bbox 203 1426 273 1460; x_wconf 88' lang='grc' dir='ltr'><em>σιν,</em></span> <span class='ocrx_word' id='word_1_103' title='bbox 299 1415 339 1451; x_wconf 84' lang='lat' dir='ltr'>id</span> <span class='ocrx_word' id='word_1_104' title='bbox 364 1415 463 1460; x_wconf 86' lang='lat' dir='ltr'>quod</span> <span class='ocrx_word' id='word_1_105' title='bbox 488 1414 701 1460; x_wconf 79' lang='lat' dir='ltr'>planissime</span> <span class='ocrx_word' id='word_1_106' title='bbox 727 1415 884 1458; x_wconf 66' lang='lat' dir='ltr'>appareb</span> <span class='ocrx_word' id='word_1_107' title='bbox 909 1424 963 1448; x_wconf 79' lang='lat' dir='ltr'><em>ex.</em></span> <span class='ocrx_word' id='word_1_108' title='bbox 978 1412 1188 1458; x_wconf 75' lang='lat' dir='ltr'>Eustathio‚</span> <span class='ocrx_word' id='word_1_109' title='bbox 1213 1413 1277 1458; x_wconf 91' lang='lat' dir='ltr'><em>qui</em></span> <span class='ocrx_word' id='word_1_110' title='bbox 1302 1413 1459 1448; x_wconf 88' lang='lat' dir='ltr'>eundem</span> <span class='ocrx_word' id='word_1_111' title='bbox 1485 1412 1733 1448; x_wconf 69' lang='lat' dir='ltr'>Anacreonizis&#39;</span> 
     </span>
     <span class='ocr_line' id='line_1_19' title="bbox 202 1456 1728 1506; baseline -0.003 -8"><span class='ocrx_word' id='word_1_112' title='bbox 202 1464 326 1499; x_wconf 89' lang='lat' dir='ltr'>locum</span> <span class='ocrx_word' id='word_1_113' title='bbox 351 1473 424 1497; x_wconf 91' lang='lat' dir='ltr'>non</span> <span class='ocrx_word' id='word_1_114' title='bbox 451 1462 529 1497; x_wconf 87' lang='lat' dir='ltr'>sine</span> <span class='ocrx_word' id='word_1_115' title='bbox 554 1461 693 1506; x_wconf 79' lang='lat' dir='ltr'>insigni</span> <span class='ocrx_word' id='word_1_116' title='bbox 715 1460 918 1505; x_wconf 68' lang='lat' dir='ltr'>scripburae.</span> <span class='ocrx_word' id='word_1_117' title='bbox 937 1460 1118 1496; x_wconf 70' lang='lat' dir='ltr'>varietate</span> <span class='ocrx_word' id='word_1_118' title='bbox 1145 1460 1296 1495; x_wconf 72' lang='lat' dir='ltr'>exhibet</span> <span class='ocrx_word' id='word_1_119' title='bbox 1314 1460 1356 1495; x_wconf 90' lang='lat' dir='ltr'><em>Il.</em></span> <span class='ocrx_word' id='word_1_120' title='bbox 1379 1464 1481 1502; x_wconf 83' lang='lat'>1012,</span> <span class='ocrx_word' id='word_1_121' title='bbox 1503 1464 1539 1495; x_wconf 88' lang='lat'><em>1:</em></span> <span class='ocrx_word' id='word_1_122' title='bbox 1567 1456 1636 1495; x_wconf 86' lang='grc' dir='ltr'><em>Διὸ</em></span> <span class='ocrx_word' id='word_1_123' title='bbox 1663 1459 1728 1494; x_wconf 83' lang='grc' dir='ltr'><em>καὶ</em></span> 
     </span>
     <span class='ocr_line' id='line_1_20' title="bbox 203 1503 1728 1554; baseline -0.002 -9"><span class='ocrx_word' id='word_1_124' title='bbox 203 1509 241 1546; x_wconf 84' lang='grc' dir='ltr'><em>οἷ</em></span> <span class='ocrx_word' id='word_1_125' title='bbox 261 1508 409 1545; x_wconf 80' lang='grc' dir='ltr'><em>Ἀττικοὶ</em></span> <span class='ocrx_word' id='word_1_126' title='bbox 442 1507 509 1545; x_wconf 86' lang='grc' dir='ltr'><em>τὸν</em></span> <span class='ocrx_word' id='word_1_127' title='bbox 539 1509 626 1553; x_wconf 88' lang='grc' dir='ltr'><em>περὶ</em></span> <span class='ocrx_word' id='word_1_128' title='bbox 651 1509 861 1554; x_wconf 79' lang='grc' dir='ltr'><em>χειμερίους</em></span> <span class='ocrx_word' id='word_1_129' title='bbox 885 1505 1027 1550; x_wconf 84' lang='grc' dir='ltr'><em>τροπὰς</em></span> <span class='ocrx_word' id='word_1_130' title='bbox 1057 1507 1158 1553; x_wconf 87' lang='grc' dir='ltr'><em>μῆνα</em></span> <span class='ocrx_word' id='word_1_131' title='bbox 1183 1508 1428 1543; x_wconf 83' lang='grc' dir='ltr'><em>Ποσειὸεῶνα</em></span> <span class='ocrx_word' id='word_1_132' title='bbox 1453 1507 1647 1551; x_wconf 85' lang='grc' dir='ltr'><em>καλοῦσιν,</em></span> <span class='ocrx_word' id='word_1_133' title='bbox 1680 1503 1728 1547; x_wconf 81' lang='grc' dir='ltr'><em>ὡς</em></span> 
     </span>
     <span class='ocr_line' id='line_1_21' title="bbox 198 1550 1789 1609; baseline -0.003 -16"><span class='ocrx_word' id='word_1_134' title='bbox 198 1555 420 1601; x_wconf 78' lang='grc' dir='ltr'><em>Ἀνακρέων·</em></span> <span class='ocrx_word' id='word_1_135' title='bbox 448 1556 546 1597; x_wconf 83' lang='grc' dir='ltr'><em>Μεὶς</em></span> <span class='ocrx_word' id='word_1_136' title='bbox 570 1555 639 1602; x_wconf 78' lang='grc' dir='ltr'><em>μὲν</em></span> <span class='ocrx_word' id='word_1_137' title='bbox 666 1552 712 1599; x_wconf 81' lang='grc' dir='ltr'><em>δὴ</em></span> <span class='ocrx_word' id='word_1_138' title='bbox 741 1552 979 1600; x_wconf 81' lang='grc' dir='ltr'><em>Ποσειὸηϊών</em></span> <span class='ocrx_word' id='word_1_139' title='bbox 999 1554 1142 1600; x_wconf 73' lang='grc' dir='ltr'><em>ἕστηκε,</em></span> <span class='ocrx_word' id='word_1_140' title='bbox 1168 1553 1325 1599; x_wconf 80' lang='grc' dir='ltr'><em>νεφέλαι</em></span> <span class='ocrx_word' id='word_1_141' title='bbox 1349 1551 1388 1589; x_wconf 79' lang='grc' dir='ltr'><em>δ’</em></span> <span class='ocrx_word' id='word_1_142' title='bbox 1415 1550 1526 1589; x_wconf 76' lang='grc' dir='ltr'><em>ὕδατι</em></span> <span class='ocrx_word' id='word_1_143' title='bbox 1546 1551 1728 1609; x_wconf 67' lang='grc' dir='ltr'><em>βαρῦνον·</em></span> <span class='ocrx_word' id='word_1_144' title='bbox 1778 1579 1789 1595; x_wconf 72' lang='grc'><em>,</em></span> 
     </span>
     <span class='ocr_line' id='line_1_22' title="bbox 201 1600 1729 1650; baseline -0.003 -10"><span class='ocrx_word' id='word_1_145' title='bbox 201 1618 275 1650; x_wconf 88' lang='grc' dir='ltr'><em>ται,</em></span> <span class='ocrx_word' id='word_1_146' title='bbox 307 1602 434 1650; x_wconf 75' lang='grc' dir='ltr'><em>ἄγριοι</em></span> <span class='ocrx_word' id='word_1_147' title='bbox 466 1604 508 1639; x_wconf 79' lang='grc' dir='ltr'><em>δὲ</em></span> <span class='ocrx_word' id='word_1_148' title='bbox 542 1603 723 1649; x_wconf 84' lang='grc' dir='ltr'><em>χειμῶνες</em></span> <span class='ocrx_word' id='word_1_149' title='bbox 755 1603 1000 1647; x_wconf 80' lang='grc' dir='ltr'><em>παταγοῦσιν.</em></span> <span class='ocrx_word' id='word_1_150' title='bbox 1051 1602 1289 1637; x_wconf 69' lang='lat' dir='ltr'>Eustathium</span> <span class='ocrx_word' id='word_1_151' title='bbox 1321 1604 1468 1637; x_wconf 79' lang='lat' dir='ltr'>secutus</span> <span class='ocrx_word' id='word_1_152' title='bbox 1500 1613 1602 1647; x_wconf 79' lang='lat' dir='ltr'>prius</span> <span class='ocrx_word' id='word_1_153' title='bbox 1627 1600 1729 1636; x_wconf 89' lang='lat' dir='ltr'>edidi</span> 
     </span>
     <span class='ocr_line' id='line_1_23' title="bbox 202 1644 1726 1699; baseline -0.003 -12"><span class='ocrx_word' id='word_1_154' title='bbox 202 1649 313 1687; x_wconf 70' lang='grc' dir='ltr'><em>’ὕδατι</em></span> <span class='ocrx_word' id='word_1_155' title='bbox 349 1649 594 1699; x_wconf 86' lang='grc' dir='ltr'><em>βαρύνονται,</em></span> <span class='ocrx_word' id='word_1_156' title='bbox 633 1647 685 1685; x_wconf 78' lang='grc' dir='ltr'><em>ἴδ’</em></span> <span class='ocrx_word' id='word_1_157' title='bbox 719 1647 844 1695; x_wconf 74' lang='grc' dir='ltr'><em>ἄγριοι</em></span> <span class='ocrx_word' id='word_1_158' title='bbox 869 1663 901 1694; x_wconf 87' lang='grc' dir='ltr'><em>χ.</em></span> <span class='ocrx_word' id='word_1_159' title='bbox 927 1662 1031 1691; x_wconf 85' lang='grc' dir='ltr'><em>πατ.,</em></span> <span class='ocrx_word' id='word_1_160' title='bbox 1070 1660 1114 1684; x_wconf 82' lang='lat' dir='ltr'><em>ac</em></span> <span class='ocrx_word' id='word_1_161' title='bbox 1139 1649 1498 1694; x_wconf 66' lang='lat' dir='ltr'>praetereaeonieci</span> <span class='ocrx_word' id='word_1_162' title='bbox 1522 1647 1662 1693; x_wconf 78' lang='grc' dir='ltr'><em>νεφέλη</em></span> <span class='ocrx_word' id='word_1_163' title='bbox 1689 1644 1726 1682; x_wconf 83' lang='grc' dir='ltr'><em>δ’</em></span> 
     </span>
     <span class='ocr_line' id='line_1_24' title="bbox 203 1692 1730 1745; baseline -0.003 -11"><span class='ocrx_word' id='word_1_164' title='bbox 203 1696 305 1745; x_wconf 67' lang='grc' dir='ltr'><em>’ὕδωρ</em></span> <span class='ocrx_word' id='word_1_165' title='bbox 337 1703 526 1743; x_wconf 80' lang='grc' dir='ltr'><em>καταρρεῖ,</em></span> <span class='ocrx_word' id='word_1_166' title='bbox 559 1695 653 1744; x_wconf 82' lang='grc' dir='ltr'><em>βαρὺ</em></span> <span class='ocrx_word' id='word_1_167' title='bbox 689 1694 727 1732; x_wconf 82' lang='grc' dir='ltr'><em>δ’</em></span> <span class='ocrx_word' id='word_1_168' title='bbox 762 1696 818 1740; x_wconf 63' lang='grc' dir='ltr'><em>ὤ,</em></span> <span class='ocrx_word' id='word_1_169' title='bbox 850 1697 946 1731; x_wconf 87' lang='lat' dir='ltr'>unde</span> <span class='ocrx_word' id='word_1_170' title='bbox 980 1696 1235 1732; x_wconf 84' lang='lat' dir='ltr'><strong>Schneidewin</strong></span> <span class='ocrx_word' id='word_1_171' title='bbox 1266 1695 1425 1741; x_wconf 75' lang='grc' dir='ltr'><em>νεφέλαι</em></span> <span class='ocrx_word' id='word_1_172' title='bbox 1457 1693 1494 1730; x_wconf 82' lang='grc' dir='ltr'><em>δ’</em></span> <span class='ocrx_word' id='word_1_173' title='bbox 1529 1692 1614 1731; x_wconf 71' lang='grc' dir='ltr'><em>ὕδει</em></span> <span class='ocrx_word' id='word_1_174' title='bbox 1645 1696 1730 1741; x_wconf 89' lang='lat' dir='ltr'>(hoc</span> 
     </span>
     <span class='ocr_line' id='line_1_25' title="bbox 204 1741 1729 1791; baseline -0.003 -10"><span class='ocrx_word' id='word_1_175' title='bbox 204 1748 357 1790; x_wconf 85' lang='lat' dir='ltr'>Barnes)</span> <span class='ocrx_word' id='word_1_176' title='bbox 383 1744 606 1791; x_wconf 79' lang='grc' dir='ltr'><em>πλήθουσιν,</em></span> <span class='ocrx_word' id='word_1_177' title='bbox 633 1742 728 1790; x_wconf 83' lang='grc' dir='ltr'><em>βαρὺ</em></span> <span class='ocrx_word' id='word_1_178' title='bbox 755 1741 792 1779; x_wconf 82' lang='grc' dir='ltr'><em>δ’</em></span> <span class='ocrx_word' id='word_1_179' title='bbox 820 1742 856 1779; x_wconf 78' lang='grc' dir='ltr'><em>ἄ.</em></span> <span class='ocrx_word' id='word_1_180' title='bbox 883 1757 914 1789; x_wconf 82' lang='grc' dir='ltr'><em>χ.</em></span> <span class='ocrx_word' id='word_1_181' title='bbox 941 1744 1184 1789; x_wconf 79' lang='grc' dir='ltr'><em>παταγεῦσιν.</em></span> <span class='ocrx_word' id='word_1_182' title='bbox 1235 1743 1307 1779; x_wconf 79' lang='lat' dir='ltr'><em>Se‘d</em></span> <span class='ocrx_word' id='word_1_183' title='bbox 1334 1743 1522 1778; x_wconf 66' lang='lat' dir='ltr'>Eustasshii</span> <span class='ocrx_word' id='word_1_184' title='bbox 1546 1743 1659 1778; x_wconf 81' lang='lat' dir='ltr'>lectio</span> <span class='ocrx_word' id='word_1_185' title='bbox 1684 1753 1729 1777; x_wconf 84' lang='lat' dir='ltr'><em>ex</em></span> 
     </span>
     <span class='ocr_line' id='line_1_26' title="bbox 209 1788 1730 1838; baseline -0.002 -10"><span class='ocrx_word' id='word_1_186' title='bbox 209 1793 409 1829; x_wconf 75' lang='lat' dir='ltr'>manifesta</span> <span class='ocrx_word' id='word_1_187' title='bbox 438 1792 675 1838; x_wconf 69' lang='lat' dir='ltr'>grammatici</span> <span class='ocrx_word' id='word_1_188' title='bbox 708 1791 934 1827; x_wconf 75' lang='lat' dir='ltr'>correctione</span> <span class='ocrx_word' id='word_1_189' title='bbox 969 1793 1068 1835; x_wconf 71' lang='lat' dir='ltr'>orta,</span> <span class='ocrx_word' id='word_1_190' title='bbox 1100 1791 1227 1835; x_wconf 82' lang='lat' dir='ltr'>itaque</span> <span class='ocrx_word' id='word_1_191' title='bbox 1251 1802 1348 1826; x_wconf 86' lang='lat' dir='ltr'>nunc</span> <span class='ocrx_word' id='word_1_192' title='bbox 1375 1790 1505 1835; x_wconf 81' lang='lat' dir='ltr'>scripsi</span> <span class='ocrx_word' id='word_1_193' title='bbox 1529 1788 1730 1835; x_wconf 78' lang='grc' dir='ltr'><em>νεφέλας</em></span> 
     </span>
     <span class='ocr_line' id='line_1_27' title="bbox 204 1835 1754 1888; baseline -0.002 -13"><span class='ocrx_word' id='word_1_194' title='bbox 204 1837 241 1875; x_wconf 80' lang='grc' dir='ltr'><em>δ’</em></span> <span class='ocrx_word' id='word_1_195' title='bbox 269 1837 387 1885; x_wconf 73' lang='grc' dir='ltr'><em>ὕδωρ</em></span> <span class='ocrx_word' id='word_1_196' title='bbox 423 1838 630 1888; x_wconf 81' lang='grc' dir='ltr'><em>βαρύνει,</em></span> <span class='ocrx_word' id='word_1_197' title='bbox 663 1840 750 1874; x_wconf 88' lang='grc' dir='ltr'><em>Διά</em></span> <span class='ocrx_word' id='word_1_198' title='bbox 781 1835 815 1873; x_wconf 89' lang='grc' dir='ltr'><em>τ’</em></span> <span class='ocrx_word' id='word_1_199' title='bbox 844 1836 880 1873; x_wconf 83' lang='grc' dir='ltr'><em>ἅ.</em></span> <span class='ocrx_word' id='word_1_200' title='bbox 906 1851 936 1883; x_wconf 85' lang='grc' dir='ltr'><em>χ.</em></span> <span class='ocrx_word' id='word_1_201' title='bbox 963 1836 1259 1883; x_wconf 73' lang='grc' dir='ltr'><em>κατάγουσινι</em></span> <span class='ocrx_word' id='word_1_202' title='bbox 1286 1839 1324 1873; x_wconf 74' lang='lat' dir='ltr'><em>et</em></span> <span class='ocrx_word' id='word_1_203' title='bbox 1353 1837 1554 1873; x_wconf 85' lang='lat' dir='ltr'>novissima</span> <span class='ocrx_word' id='word_1_204' title='bbox 1579 1837 1754 1882; x_wconf 90' lang='lat' dir='ltr'>quidem·</span> 
     </span>
     <span class='ocr_line' id='line_1_28' title="bbox 205 1883 1730 1932; baseline -0.002 -10"><span class='ocrx_word' id='word_1_205' title='bbox 205 1887 244 1922; x_wconf 91' lang='lat' dir='ltr'><em>in</em></span> <span class='ocrx_word' id='word_1_206' title='bbox 270 1888 456 1932; x_wconf 62' lang='lat' dir='ltr'>infiegrum</span> <span class='ocrx_word' id='word_1_207' title='bbox 482 1887 655 1922; x_wconf 72' lang='lat' dir='ltr'>restituta</span> <span class='ocrx_word' id='word_1_208' title='bbox 680 1897 758 1921; x_wconf 79' lang='lat' dir='ltr'>esse</span> <span class='ocrx_word' id='word_1_209' title='bbox 783 1886 1004 1921; x_wconf 69' lang='lat' dir='ltr'>documenizo</span> <span class='ocrx_word' id='word_1_210' title='bbox 1025 1887 1082 1920; x_wconf 75' lang='lat' dir='ltr'><em>est</em></span> <span class='ocrx_word' id='word_1_211' title='bbox 1106 1885 1209 1920; x_wconf 90' lang='lat' dir='ltr'>locus</span> <span class='ocrx_word' id='word_1_212' title='bbox 1227 1885 1373 1920; x_wconf 75' lang='lat' dir='ltr'>Horatii</span> <span class='ocrx_word' id='word_1_213' title='bbox 1397 1885 1514 1930; x_wconf 88' lang='lat' dir='ltr'>Epod.</span> <span class='ocrx_word' id='word_1_214' title='bbox 1539 1889 1592 1929; x_wconf 88' lang='lat'><em>13,</em></span> <span class='ocrx_word' id='word_1_215' title='bbox 1615 1889 1645 1928; x_wconf 90' lang='lat'><em>1,</em></span> <span class='ocrx_word' id='word_1_216' title='bbox 1666 1883 1730 1928; x_wconf 92' lang='lat' dir='ltr'><em>qui</em></span> 
     </span>
     <span class='ocr_line' id='line_1_29' title="bbox 207 1932 1731 1980; baseline -0.002 -11"><span class='ocrx_word' id='word_1_217' title='bbox 207 1936 336 1980; x_wconf 75' lang='lat' dir='ltr'>aperte</span> <span class='ocrx_word' id='word_1_218' title='bbox 356 1936 448 1969; x_wconf 82' lang='lat' dir='ltr'>haec</span> <span class='ocrx_word' id='word_1_219' title='bbox 467 1933 638 1969; x_wconf 80' lang='lat' dir='ltr'>imitatus</span> <span class='ocrx_word' id='word_1_220' title='bbox 658 1935 732 1968; x_wconf 76' lang='lat' dir='ltr'>est:</span> <span class='ocrx_word' id='word_1_221' title='bbox 758 1932 943 1978; x_wconf 80' lang='lat' dir='ltr'>„Horrida</span> <span class='ocrx_word' id='word_1_222' title='bbox 960 1934 1164 1977; x_wconf 76' lang='lat' dir='ltr'>tempestas</span> <span class='ocrx_word' id='word_1_223' title='bbox 1184 1933 1327 1968; x_wconf 89' lang='lat' dir='ltr'>coelum</span> <span class='ocrx_word' id='word_1_224' title='bbox 1348 1932 1534 1967; x_wconf 77' lang='lat' dir='ltr'>contraxit</span> <span class='ocrx_word' id='word_1_225' title='bbox 1551 1935 1584 1966; x_wconf 79' lang='lat' dir='ltr'><em>et</em></span> <span class='ocrx_word' id='word_1_226' title='bbox 1601 1932 1731 1967; x_wconf 76' lang='lat' dir='ltr'>imbres</span> 
     </span>
     <span class='ocr_line' id='line_1_30' title="bbox 207 1978 1731 2027; baseline -0.003 -10"><span class='ocrx_word' id='word_1_227' title='bbox 207 1982 390 2027; x_wconf 74' lang='lat' dir='ltr'><em>Nivesque</em></span> <span class='ocrx_word' id='word_1_228' title='bbox 420 1983 603 2017; x_wconf 79' lang='lat' dir='ltr'>deducunt</span> <span class='ocrx_word' id='word_1_229' title='bbox 632 1980 769 2015; x_wconf 83' lang='lat' dir='ltr'>Iovem:</span> <span class='ocrx_word' id='word_1_230' title='bbox 805 1991 902 2014; x_wconf 91' lang='lat' dir='ltr'>nunc</span> <span class='ocrx_word' id='word_1_231' title='bbox 933 1990 1051 2023; x_wconf 87' lang='lat' dir='ltr'>mare,</span> <span class='ocrx_word' id='word_1_232' title='bbox 1083 1991 1180 2014; x_wconf 87' lang='lat' dir='ltr'>nunc</span> <span class='ocrx_word' id='word_1_233' title='bbox 1210 1979 1326 2014; x_wconf 83' lang='lat' dir='ltr'>siluae</span> <span class='ocrx_word' id='word_1_234' title='bbox 1351 1978 1521 2014; x_wconf 86' lang='lat' dir='ltr'>Threicio</span> <span class='ocrx_word' id='word_1_235' title='bbox 1546 1979 1731 2023; x_wconf 87' lang='lat' dir='ltr'>Aquilone</span> 
     </span>
     <span class='ocr_line' id='line_1_31' title="bbox 209 2024 1730 2071; baseline -0.003 -7"><span class='ocrx_word' id='word_1_236' title='bbox 209 2030 380 2064; x_wconf 76' lang='lat' dir='ltr'>sonant.“</span> <span class='ocrx_word' id='word_1_237' title='bbox 425 2030 500 2063; x_wconf 87' lang='grc' dir='ltr'><em>Δία</em></span> <span class='ocrx_word' id='word_1_238' title='bbox 524 2041 563 2063; x_wconf 89' lang='grc' dir='ltr'><em>τε</em></span> <span class='ocrx_word' id='word_1_239' title='bbox 589 2027 711 2062; x_wconf 86' lang='lat' dir='ltr'>facilis</span> <span class='ocrx_word' id='word_1_240' title='bbox 737 2038 781 2062; x_wconf 83' lang='lat' dir='ltr'><em>ac</em></span> <span class='ocrx_word' id='word_1_241' title='bbox 806 2026 964 2071; x_wconf 84' lang='lat' dir='ltr'>simplex</span> <span class='ocrx_word' id='word_1_242' title='bbox 989 2027 1047 2061; x_wconf 76' lang='lat' dir='ltr'><em>est</em></span> <span class='ocrx_word' id='word_1_243' title='bbox 1071 2026 1294 2070; x_wconf 73' lang='lat' dir='ltr'>emendatio,</span> <span class='ocrx_word' id='word_1_244' title='bbox 1319 2024 1547 2070; x_wconf 77' lang='grc' dir='ltr'><em>κατάγουσιν</em></span> <span class='ocrx_word' id='word_1_245' title='bbox 1573 2025 1730 2060; x_wconf 88' lang='lat' dir='ltr'>scholio—</span> 
     </span>
     <span class='ocr_line' id='line_1_32' title="bbox 180 2072 1730 2121; baseline -0.003 -10"><span class='ocrx_word' id='word_1_246' title='bbox 180 2119 182 2121; x_wconf 25' lang='lat'>,</span> <span class='ocrx_word' id='word_1_247' title='bbox 210 2089 290 2111; x_wconf 86' lang='lat' dir='ltr'><em>rum</em></span> <span class='ocrx_word' id='word_1_248' title='bbox 317 2076 404 2111; x_wconf 89' lang='lat' dir='ltr'>libri</span> <span class='ocrx_word' id='word_1_249' title='bbox 430 2074 690 2121; x_wconf 73' lang='lat' dir='ltr'>suppeditan&#39;o:</span> <span class='ocrx_word' id='word_1_250' title='bbox 722 2074 848 2118; x_wconf 77' lang='lat' dir='ltr'>itaque</span> <span class='ocrx_word' id='word_1_251' title='bbox 873 2074 948 2108; x_wconf 85' lang='lat' dir='ltr'><em>iam</em></span> <span class='ocrx_word' id='word_1_252' title='bbox 973 2073 1011 2107; x_wconf 85' lang='lat' dir='ltr'><em>in</em></span> <span class='ocrx_word' id='word_1_253' title='bbox 1037 2073 1092 2108; x_wconf 87' lang='lat' dir='ltr'><em>ed.</em></span> <span class='ocrx_word' id='word_1_254' title='bbox 1119 2077 1140 2107; x_wconf 89' lang='lat'><strong>3</strong></span> <span class='ocrx_word' id='word_1_255' title='bbox 1168 2084 1242 2108; x_wconf 89' lang='lat' dir='ltr'><em>nou</em></span> <span class='ocrx_word' id='word_1_256' title='bbox 1267 2073 1435 2108; x_wconf 79' lang='lat' dir='ltr'>dubitavi</span> <span class='ocrx_word' id='word_1_257' title='bbox 1466 2073 1561 2108; x_wconf 87' lang='lat' dir='ltr'>hanc</span> <span class='ocrx_word' id='word_1_258' title='bbox 1587 2072 1730 2108; x_wconf 86' lang='lat' dir='ltr'>coniec-</span> 
     </span>
     <span class='ocr_line' id='line_1_33' title="bbox 209 2119 1731 2168; baseline -0.003 -10"><span class='ocrx_word' id='word_1_259' title='bbox 209 2125 333 2158; x_wconf 75' lang='lat' dir='ltr'>turam</span> <span class='ocrx_word' id='word_1_260' title='bbox 358 2123 532 2168; x_wconf 87' lang='lat' dir='ltr'>recipere.</span> <span class='ocrx_word' id='word_1_261' title='bbox 583 2122 704 2157; x_wconf 85' lang='lat' dir='ltr'>Minus</span> <span class='ocrx_word' id='word_1_262' title='bbox 731 2125 832 2156; x_wconf 87' lang='lat' dir='ltr'>certa</span> <span class='ocrx_word' id='word_1_263' title='bbox 855 2120 1020 2166; x_wconf 89' lang='lat' dir='ltr'>priorum</span> <span class='ocrx_word' id='word_1_264' title='bbox 1045 2120 1242 2155; x_wconf 84' lang='lat' dir='ltr'>verborum</span> <span class='ocrx_word' id='word_1_265' title='bbox 1267 2120 1490 2164; x_wconf 80' lang='lat' dir='ltr'>emendatio,</span> <span class='ocrx_word' id='word_1_266' title='bbox 1522 2119 1607 2155; x_wconf 91' lang='lat' dir='ltr'>dedi</span> <span class='ocrx_word' id='word_1_267' title='bbox 1632 2119 1731 2165; x_wconf 87' lang='lat' dir='ltr'>quod</span> 
     </span>
     <span class='ocr_line' id='line_1_34' title="bbox 210 2165 1732 2212; baseline -0.004 -6"><span class='ocrx_word' id='word_1_268' title='bbox 210 2172 248 2206; x_wconf 78' lang='lat' dir='ltr'><em>et</em></span> <span class='ocrx_word' id='word_1_269' title='bbox 272 2171 467 2205; x_wconf 75' lang='lat' dir='ltr'>institutae</span> <span class='ocrx_word' id='word_1_270' title='bbox 494 2169 699 2205; x_wconf 78' lang='lat' dir='ltr'>sententiae</span> <span class='ocrx_word' id='word_1_271' title='bbox 726 2168 898 2203; x_wconf 81' lang='lat' dir='ltr'>convenit</span> <span class='ocrx_word' id='word_1_272' title='bbox 923 2170 962 2203; x_wconf 75' lang='lat' dir='ltr'><em>et</em></span> <span class='ocrx_word' id='word_1_273' title='bbox 985 2167 1034 2202; x_wconf 84' lang='lat' dir='ltr'><em>ad</em></span> <span class='ocrx_word' id='word_1_274' title='bbox 1057 2167 1238 2202; x_wconf 89' lang='lat' dir='ltr'>librorum</span> <span class='ocrx_word' id='word_1_275' title='bbox 1257 2167 1417 2212; x_wconf 74' lang='lat' dir='ltr'>vestigia</span> <span class='ocrx_word' id='word_1_276' title='bbox 1440 2177 1557 2212; x_wconf 88' lang='lat' dir='ltr'>prope</span> <span class='ocrx_word' id='word_1_277' title='bbox 1575 2165 1732 2210; x_wconf 77' lang='lat' dir='ltr'>accedit,</span> 
     </span>
     <span class='ocr_line' id='line_1_35' title="bbox 207 2211 1731 2262; baseline -0.003 -9"><span class='ocrx_word' id='word_1_278' title='bbox 207 2216 370 2262; x_wconf 84' lang='grc' dir='ltr'><em>νεφέλας</em></span> <span class='ocrx_word' id='word_1_279' title='bbox 390 2214 427 2252; x_wconf 81' lang='grc' dir='ltr'><em>δ’</em></span> <span class='ocrx_word' id='word_1_280' title='bbox 447 2213 551 2261; x_wconf 71' lang='grc' dir='ltr'><em>ὕδωρ</em></span> <span class='ocrx_word' id='word_1_281' title='bbox 573 2213 740 2262; x_wconf 82' lang='grc' dir='ltr'><em>βαρύνει.</em></span> <span class='ocrx_word' id='word_1_282' title='bbox 783 2215 931 2261; x_wconf 81' lang='lat' dir='ltr'>Sauppe</span> <span class='ocrx_word' id='word_1_283' title='bbox 950 2212 1178 2260; x_wconf 80' lang='grc' dir='ltr'><em>Ποσιδηϊών,</em></span> <span class='ocrx_word' id='word_1_284' title='bbox 1199 2213 1354 2260; x_wconf 77' lang='grc' dir='ltr'><em>ἕστηκεν</em></span> <span class='ocrx_word' id='word_1_285' title='bbox 1375 2212 1422 2249; x_wconf 72' lang='grc' dir='ltr'><em>δὲ</em></span> <span class='ocrx_word' id='word_1_286' title='bbox 1443 2212 1560 2259; x_wconf 81' lang='grc' dir='ltr'><em>νέφη</em></span> <span class='ocrx_word' id='word_1_287' title='bbox 1579 2211 1731 2249; x_wconf 73' lang='grc' dir='ltr'><em>πυλὼν</em></span> 
     </span>
     <span class='ocr_line' id='line_1_36' title="bbox 211 2261 1731 2312; baseline -0.003 -11"><span class='ocrx_word' id='word_1_288' title='bbox 211 2262 439 2309; x_wconf 80' lang='grc' dir='ltr'><em>Οὐρανοῖ,</em></span> <span class='ocrx_word' id='word_1_289' title='bbox 465 2262 560 2312; x_wconf 79' lang='grc' dir='ltr'><em>βαρὺ</em></span> <span class='ocrx_word' id='word_1_290' title='bbox 587 2266 661 2299; x_wconf 86' lang='grc' dir='ltr'><em>κτλ.</em></span> <span class='ocrx_word' id='word_1_291' title='bbox 689 2262 748 2299; x_wconf 89' lang='lat' dir='ltr'><em>cui</em></span> <span class='ocrx_word' id='word_1_292' title='bbox 773 2261 992 2298; x_wconf 74' lang='lat' dir='ltr'>correctioni</span> <span class='ocrx_word' id='word_1_293' title='bbox 1017 2261 1299 2297; x_wconf 62' lang='lat' dir='ltr'>fundamentum</span> <span class='ocrx_word' id='word_1_294' title='bbox 1325 2261 1533 2297; x_wconf 75' lang='lat' dir='ltr'>detractum</span> <span class='ocrx_word' id='word_1_295' title='bbox 1559 2263 1617 2296; x_wconf 81' lang='lat' dir='ltr'><em>est</em></span> <span class='ocrx_word' id='word_1_296' title='bbox 1635 2262 1731 2296; x_wconf 82' lang='lat' dir='ltr'>Aua-</span> 
     </span>
     <span class='ocr_line' id='line_1_37' title="bbox 208 2307 1729 2354; baseline -0.004 -6"><span class='ocrx_word' id='word_1_297' title='bbox 208 2312 368 2348; x_wconf 77' lang='lat' dir='ltr'>creontis</span> <span class='ocrx_word' id='word_1_298' title='bbox 395 2311 607 2347; x_wconf 71' lang='lat' dir='ltr'>testimonio</span> <span class='ocrx_word' id='word_1_299' title='bbox 633 2310 680 2346; x_wconf 84' lang='lat' dir='ltr'><em>ad</em></span> <span class='ocrx_word' id='word_1_300' title='bbox 706 2323 740 2347; x_wconf 90' lang='lat' dir='ltr'><em>v.</em></span> <span class='ocrx_word' id='word_1_301' title='bbox 769 2313 835 2345; x_wconf 91' lang='lat'><em>188</em></span> <span class='ocrx_word' id='word_1_302' title='bbox 860 2309 1054 2352; x_wconf 74' lang='lat' dir='ltr'>revocato,</span> <span class='ocrx_word' id='word_1_303' title='bbox 1081 2309 1254 2354; x_wconf 75' lang='lat' dir='ltr'>Hartung</span> <span class='ocrx_word' id='word_1_304' title='bbox 1277 2309 1415 2354; x_wconf 76' lang='lat' dir='ltr'>partim</span> <span class='ocrx_word' id='word_1_305' title='bbox 1441 2307 1534 2343; x_wconf 89' lang='lat' dir='ltr'>meis</span> <span class='ocrx_word' id='word_1_306' title='bbox 1559 2307 1729 2343; x_wconf 85' lang='lat' dir='ltr'>emenda-</span> 
     </span>
     <span class='ocr_line' id='line_1_38' title="bbox 210 2352 1732 2404; baseline -0.003 -10"><span class='ocrx_word' id='word_1_307' title='bbox 210 2359 372 2395; x_wconf 82' lang='lat' dir='ltr'>tionibus</span> <span class='ocrx_word' id='word_1_308' title='bbox 398 2370 485 2394; x_wconf 83' lang='lat' dir='ltr'>usus</span> <span class='ocrx_word' id='word_1_309' title='bbox 511 2357 660 2404; x_wconf 76' lang='lat' dir='ltr'>scripsii:</span> <span class='ocrx_word' id='word_1_310' title='bbox 684 2356 840 2402; x_wconf 84' lang='grc' dir='ltr'><em>νεφέλαι</em></span> <span class='ocrx_word' id='word_1_311' title='bbox 869 2353 907 2391; x_wconf 82' lang='grc' dir='ltr'><em>δ’</em></span> <span class='ocrx_word' id='word_1_312' title='bbox 935 2352 1021 2391; x_wconf 70' lang='grc' dir='ltr'><em>ὕδει</em></span> <span class='ocrx_word' id='word_1_313' title='bbox 1047 2357 1255 2402; x_wconf 79' lang='grc' dir='ltr'><em>βρίθονται,</em></span> <span class='ocrx_word' id='word_1_314' title='bbox 1282 2356 1357 2390; x_wconf 90' lang='grc' dir='ltr'><em>Δία</em></span> <span class='ocrx_word' id='word_1_315' title='bbox 1383 2353 1421 2390; x_wconf 79' lang='grc' dir='ltr'><em>δ’</em></span> <span class='ocrx_word' id='word_1_316' title='bbox 1452 2353 1577 2400; x_wconf 77' lang='grc' dir='ltr'><em>ἄγριοι</em></span> <span class='ocrx_word' id='word_1_317' title='bbox 1601 2355 1732 2400; x_wconf 77' lang='grc' dir='ltr'><em>χειμῶ-</em></span> 
     </span>
     <span class='ocr_line' id='line_1_39' title="bbox 207 2401 1732 2451; baseline -0.004 -9"><span class='ocrx_word' id='word_1_318' title='bbox 207 2420 270 2448; x_wconf 88' lang='grc' dir='ltr'><em>νες</em></span> <span class='ocrx_word' id='word_1_319' title='bbox 298 2406 543 2451; x_wconf 80' lang='grc' dir='ltr'><em>παταγοῦσιν,</em></span> <span class='ocrx_word' id='word_1_320' title='bbox 570 2405 670 2451; x_wconf 90' lang='lat' dir='ltr'>quod</span> <span class='ocrx_word' id='word_1_321' title='bbox 684 2403 824 2440; x_wconf 84' lang='lat' dir='ltr'>Graece</span> <span class='ocrx_word' id='word_1_322' title='bbox 849 2403 924 2439; x_wconf 88' lang='lat' dir='ltr'>dici</span> <span class='ocrx_word' id='word_1_323' title='bbox 942 2413 1016 2438; x_wconf 91' lang='lat' dir='ltr'>non</span> <span class='ocrx_word' id='word_1_324' title='bbox 1035 2404 1170 2448; x_wconf 62' lang='lat' dir='ltr'>possest.</span> <span class='ocrx_word' id='word_1_325' title='bbox 1204 2403 1308 2438; x_wconf 78' lang='lat' dir='ltr'>Blass</span> <span class='ocrx_word' id='word_1_326' title='bbox 1321 2402 1509 2438; x_wconf 71' lang='lat' dir='ltr'>Eustathii</span> <span class='ocrx_word' id='word_1_327' title='bbox 1522 2401 1732 2447; x_wconf 85' lang='grc' dir='ltr'><em>παταγοῦσι</em></span> 
     </span>
     <span class='ocr_line' id='line_1_40' title="bbox 208 2445 1732 2499; baseline -0.004 -10"><span class='ocrx_word' id='word_1_328' title='bbox 208 2453 361 2499; x_wconf 70' lang='lat' dir='ltr'>profer-12,</span> <span class='ocrx_word' id='word_1_329' title='bbox 392 2464 513 2499; x_wconf 84' lang='lat' dir='ltr'>neque</span> <span class='ocrx_word' id='word_1_330' title='bbox 545 2464 671 2489; x_wconf 84' lang='lat' dir='ltr'>versus</span> <span class='ocrx_word' id='word_1_331' title='bbox 703 2450 901 2497; x_wconf 84' lang='lat' dir='ltr'>supplendi</span> <span class='ocrx_word' id='word_1_332' title='bbox 931 2450 1136 2496; x_wconf 89' lang='lat' dir='ltr'>periculum</span> <span class='ocrx_word' id='word_1_333' title='bbox 1166 2449 1266 2486; x_wconf 71' lang='lat' dir='ltr'>fecib.</span> <span class='ocrx_word' id='word_1_334' title='bbox 1299 2470 1343 2476; x_wconf 92' lang='lat'>—</span> <span class='ocrx_word' id='word_1_335' title='bbox 1374 2450 1418 2486; x_wconf 92' lang='lat' dir='ltr'><em>V.</em></span> <span class='ocrx_word' id='word_1_336' title='bbox 1454 2453 1484 2484; x_wconf 88' lang='lat'><em>1.</em></span> <span class='ocrx_word' id='word_1_337' title='bbox 1518 2445 1732 2494; x_wconf 78' lang='grc' dir='ltr'><em>Ποσιδηϊών</em></span> 
     </span>
     <span class='ocr_line' id='line_1_41' title="bbox 209 2495 958 2546; baseline -0.003 -10"><span class='ocrx_word' id='word_1_338' title='bbox 209 2501 361 2536; x_wconf 85' lang='lat' dir='ltr'>Fischer</span> <span class='ocrx_word' id='word_1_339' title='bbox 387 2501 463 2544; x_wconf 82' lang='lat' dir='ltr'>alii,</span> <span class='ocrx_word' id='word_1_340' title='bbox 489 2500 685 2546; x_wconf 80' lang='lat' dir='ltr'>legebatur</span> <span class='ocrx_word' id='word_1_341' title='bbox 710 2495 958 2543; x_wconf 77' lang='grc' dir='ltr'><em>Ποσειδηϊών.</em></span> 
     </span>
    </p>

    <p class='ocr_par' dir='ltr' id='par_1_5' title="bbox 213 2537 1731 2641">
     <span class='ocr_line' id='line_1_42' title="bbox 306 2537 1731 2590; baseline -0.005 -7"><span class='ocrx_word' id='word_1_342' title='bbox 306 2549 364 2583; x_wconf 82' lang='lat' dir='ltr'>Fr.</span> <span class='ocrx_word' id='word_1_343' title='bbox 392 2552 423 2584; x_wconf 84' lang='lat'><em>7.</em></span> <span class='ocrx_word' id='word_1_344' title='bbox 476 2547 598 2583; x_wconf 86' lang='lat' dir='ltr'>Schol.</span> <span class='ocrx_word' id='word_1_345' title='bbox 624 2547 731 2582; x_wconf 90' lang='lat' dir='ltr'>Hom.</span> <span class='ocrx_word' id='word_1_346' title='bbox 759 2545 800 2582; x_wconf 87' lang='grc' dir='ltr'><em>ΙΙ.</em></span> <span class='ocrx_word' id='word_1_347' title='bbox 826 2559 847 2590; x_wconf 93' lang='grc' dir='ltr'><em>γ</em></span> <span class='ocrx_word' id='word_1_348' title='bbox 875 2549 960 2580; x_wconf 80' lang='lat'>219:</span> <span class='ocrx_word' id='word_1_349' title='bbox 992 2541 1015 2590; x_wconf 83' lang='grc' dir='ltr'>ἡ</span> <span class='ocrx_word' id='word_1_350' title='bbox 1042 2545 1152 2589; x_wconf 79' lang='grc' dir='ltr'><em>διπλῆ</em></span> <span class='ocrx_word' id='word_1_351' title='bbox 1184 2541 1277 2590; x_wconf 84' lang='grc' dir='ltr'><em>πρὸς</em></span> <span class='ocrx_word' id='word_1_352' title='bbox 1301 2541 1342 2578; x_wconf 90' lang='grc' dir='ltr'><em>τὸ</em></span> <span class='ocrx_word' id='word_1_353' title='bbox 1368 2539 1567 2588; x_wconf 77' lang='grc' dir='ltr'><em>ἄστεμφές.</em></span> <span class='ocrx_word' id='word_1_354' title='bbox 1606 2537 1663 2577; x_wconf 81' lang='grc' dir='ltr'><em>ὅτι</em></span> <span class='ocrx_word' id='word_1_355' title='bbox 1689 2539 1731 2577; x_wconf 90' lang='grc' dir='ltr'><em>τὸ</em></span> 
     </span>
     <span class='ocr_line' id='line_1_43' title="bbox 213 2585 1536 2641; baseline -0.005 -10"><span class='ocrx_word' id='word_1_356' title='bbox 213 2594 504 2641; x_wconf 71' lang='grc' dir='ltr'><em>ἀμετακίνητον·</em></span> <span class='ocrx_word' id='word_1_357' title='bbox 532 2591 551 2629; x_wconf 84' lang='grc' dir='ltr'><em>ὃ</em></span> <span class='ocrx_word' id='word_1_358' title='bbox 578 2591 650 2639; x_wconf 76' lang='grc' dir='ltr'><em>γὰρ</em></span> <span class='ocrx_word' id='word_1_359' title='bbox 672 2590 894 2638; x_wconf 77' lang='grc' dir='ltr'><em>Ἀνακρέων·</em></span> <span class='ocrx_word' id='word_1_360' title='bbox 921 2589 966 2627; x_wconf 81' lang='grc' dir='ltr'><em>σύ</em></span> <span class='ocrx_word' id='word_1_361' title='bbox 993 2589 1063 2637; x_wconf 80' lang='grc' dir='ltr'><em>γὰρ</em></span> <span class='ocrx_word' id='word_1_362' title='bbox 1089 2594 1163 2628; x_wconf 86' lang='grc' dir='ltr'><em>κτλ.</em></span> <span class='ocrx_word' id='word_1_363' title='bbox 1190 2612 1235 2617; x_wconf 92' lang='lat'><em>-—</em></span> <span class='ocrx_word' id='word_1_364' title='bbox 1261 2585 1323 2636; x_wconf 83' lang='grc' dir='ltr'><em>ἦς,</em></span> <span class='ocrx_word' id='word_1_365' title='bbox 1348 2590 1433 2625; x_wconf 73' lang='lat' dir='ltr'>fort.</span> <span class='ocrx_word' id='word_1_366' title='bbox 1461 2588 1536 2630; x_wconf 84' lang='grc' dir='ltr'><em>εἷς.</em></span> 
     </span>
    </p>

    <p class='ocr_par' dir='ltr' id='par_1_6' title="bbox 210 2632 1734 2924">
     <span class='ocr_line' id='line_1_44' title="bbox 305 2632 1731 2686; baseline -0.005 -8"><span class='ocrx_word' id='word_1_367' title='bbox 305 2644 362 2678; x_wconf 83' lang='lat' dir='ltr'><em>Fr.</em></span> <span class='ocrx_word' id='word_1_368' title='bbox 389 2646 421 2678; x_wconf 93' lang='lat'><em>8.</em></span> <span class='ocrx_word' id='word_1_369' title='bbox 474 2642 607 2678; x_wconf 76' lang='lat' dir='ltr'>Strabo</span> <span class='ocrx_word' id='word_1_370' title='bbox 633 2640 685 2676; x_wconf 92' lang='lat'><em>111</em></span> <span class='ocrx_word' id='word_1_371' title='bbox 707 2643 792 2675; x_wconf 84' lang='lat'>151:</span> <span class='ocrx_word' id='word_1_372' title='bbox 812 2637 1016 2686; x_wconf 70' lang='grc' dir='ltr'><em>’Τπολάβοι</em></span> <span class='ocrx_word' id='word_1_373' title='bbox 1041 2635 1078 2673; x_wconf 81' lang='grc' dir='ltr'><em>δ’</em></span> <span class='ocrx_word' id='word_1_374' title='bbox 1106 2635 1155 2674; x_wconf 76' lang='grc' dir='ltr'><em>ἄν</em></span> <span class='ocrx_word' id='word_1_375' title='bbox 1180 2651 1235 2678; x_wconf 86' lang='grc' dir='ltr'><em>τις</em></span> <span class='ocrx_word' id='word_1_376' title='bbox 1255 2635 1298 2674; x_wconf 76' lang='grc' dir='ltr'><em>ἐκ</em></span> <span class='ocrx_word' id='word_1_377' title='bbox 1317 2637 1382 2682; x_wconf 85' lang='grc' dir='ltr'><em>τῆς</em></span> <span class='ocrx_word' id='word_1_378' title='bbox 1400 2637 1536 2681; x_wconf 76' lang='grc' dir='ltr'><em>πολλῆς</em></span> <span class='ocrx_word' id='word_1_379' title='bbox 1555 2632 1731 2681; x_wconf 77' lang='grc' dir='ltr'><em>εὐδαιμο-</em></span> 
     </span>
     <span class='ocr_line' id='line_1_45' title="bbox 210 2681 1733 2735; baseline -0.005 -10"><span class='ocrx_word' id='word_1_380' title='bbox 210 2691 294 2730; x_wconf 88' lang='grc' dir='ltr'><em>νίας</em></span> <span class='ocrx_word' id='word_1_381' title='bbox 318 2690 380 2724; x_wconf 70' lang='lat' dir='ltr'>noc}</span> <span class='ocrx_word' id='word_1_382' title='bbox 408 2690 649 2735; x_wconf 86' lang='grc' dir='ltr'><em>μακραίωνας</em></span> <span class='ocrx_word' id='word_1_383' title='bbox 674 2685 938 2733; x_wconf 81' lang='grc' dir='ltr'><em>ὀνομασθῆναι</em></span> <span class='ocrx_word' id='word_1_384' title='bbox 962 2682 1049 2726; x_wconf 80' lang='grc' dir='ltr'><em>τοὺς</em></span> <span class='ocrx_word' id='word_1_385' title='bbox 1074 2682 1218 2721; x_wconf 76' lang='grc' dir='ltr'><em>ἐνθάδε</em></span> <span class='ocrx_word' id='word_1_386' title='bbox 1245 2682 1473 2730; x_wconf 73' lang='grc' dir='ltr'><em>ἀνθρώπους</em></span> <span class='ocrx_word' id='word_1_387' title='bbox 1491 2682 1556 2718; x_wconf 81' lang='grc' dir='ltr'><em>καὶ</em></span> <span class='ocrx_word' id='word_1_388' title='bbox 1574 2681 1733 2729; x_wconf 79' lang='grc' dir='ltr'><em>μάλιστα</em></span> 
     </span>
     <span class='ocr_line' id='line_1_46' title="bbox 212 2727 1732 2782; baseline -0.005 -10"><span class='ocrx_word' id='word_1_389' title='bbox 212 2735 300 2777; x_wconf 79' lang='grc' dir='ltr'><em>τοὺς</em></span> <span class='ocrx_word' id='word_1_390' title='bbox 329 2733 535 2782; x_wconf 83' lang='grc' dir='ltr'><em>ἡγεμόνας,</em></span> <span class='ocrx_word' id='word_1_391' title='bbox 568 2735 633 2771; x_wconf 85' lang='grc' dir='ltr'><em>καὶ</em></span> <span class='ocrx_word' id='word_1_392' title='bbox 664 2733 728 2770; x_wconf 80' lang='grc' dir='ltr'><em>διὰ</em></span> <span class='ocrx_word' id='word_1_393' title='bbox 760 2734 869 2770; x_wconf 76' lang='grc' dir='ltr'><em>τοῦτο</em></span> <span class='ocrx_word' id='word_1_394' title='bbox 899 2731 1195 2777; x_wconf 80' lang='grc' dir='ltr'><em>Ἀνακρέοντα</em></span> <span class='ocrx_word' id='word_1_395' title='bbox 1226 2730 1295 2778; x_wconf 69' lang='grc' dir='ltr'><em>μὲν</em></span> <span class='ocrx_word' id='word_1_396' title='bbox 1321 2727 1440 2771; x_wconf 70' lang='grc' dir='ltr'><em>οὕτως</em></span> <span class='ocrx_word' id='word_1_397' title='bbox 1464 2729 1602 2766; x_wconf 82' lang='grc' dir='ltr'><em>εἰπεῖν·</em></span> <span class='ocrx_word' id='word_1_398' title='bbox 1625 2727 1732 2775; x_wconf 74' lang='grc' dir='ltr'><em>Ἐγώ</em></span> 
     </span>
     <span class='ocr_line' id='line_1_47' title="bbox 211 2778 1734 2828; baseline -0.005 -9"><span class='ocrx_word' id='word_1_399' title='bbox 211 2781 245 2819; x_wconf 84' lang='grc' dir='ltr'><em>τ’</em></span> <span class='ocrx_word' id='word_1_400' title='bbox 274 2781 327 2819; x_wconf 75' lang='grc' dir='ltr'><em>ἂν</em></span> <span class='ocrx_word' id='word_1_401' title='bbox 354 2781 450 2819; x_wconf 78' lang='grc' dir='ltr'><em>οὔτ’</em></span> <span class='ocrx_word' id='word_1_402' title='bbox 481 2786 555 2818; x_wconf 82' lang='grc' dir='ltr'><em>κτλ.</em></span> <span class='ocrx_word' id='word_1_403' title='bbox 600 2783 711 2828; x_wconf 83' lang='lat' dir='ltr'>Resp.</span> <span class='ocrx_word' id='word_1_404' title='bbox 738 2781 831 2817; x_wconf 88' lang='lat' dir='ltr'>Plin.</span> <span class='ocrx_word' id='word_1_405' title='bbox 857 2779 902 2816; x_wconf 82' lang='lat' dir='ltr'><em>N.</em></span> <span class='ocrx_word' id='word_1_406' title='bbox 929 2781 973 2815; x_wconf 91' lang='lat' dir='ltr'><em>H.</em></span> <span class='ocrx_word' id='word_1_407' title='bbox 1000 2779 1069 2815; x_wconf 89' lang='lat' dir='ltr'><em>VII</em></span> <span class='ocrx_word' id='word_1_408' title='bbox 1097 2783 1179 2815; x_wconf 84' lang='lat'>154:</span> <span class='ocrx_word' id='word_1_409' title='bbox 1207 2781 1424 2825; x_wconf 78' lang='lat' dir='ltr'>„Anacreon</span> <span class='ocrx_word' id='word_1_410' title='bbox 1451 2782 1559 2822; x_wconf 79' lang='lat' dir='ltr'>poeta</span> <span class='ocrx_word' id='word_1_411' title='bbox 1588 2778 1734 2823; x_wconf 72' lang='lat' dir='ltr'>Arqau—</span> 
     </span>
     <span class='ocr_line' id='line_1_48' title="bbox 212 2824 1734 2875; baseline -0.005 -9"><span class='ocrx_word' id='word_1_412' title='bbox 212 2831 335 2866; x_wconf 77' lang='lat' dir='ltr'>thonio</span> <span class='ocrx_word' id='word_1_413' title='bbox 371 2831 637 2866; x_wconf 79' lang='lat' dir='ltr'>Tartessiorum</span> <span class='ocrx_word' id='word_1_414' title='bbox 667 2830 745 2875; x_wconf 78' lang='lat' dir='ltr'>reyi</span> <span class='ocrx_word' id='word_1_415' title='bbox 777 2828 841 2863; x_wconf 80' lang='lat' dir='ltr'><em>GL</em></span> <span class='ocrx_word' id='word_1_416' title='bbox 871 2828 965 2871; x_wconf 88' lang='lat' dir='ltr'>(cod.</span> <span class='ocrx_word' id='word_1_417' title='bbox 998 2827 1123 2862; x_wconf 88' lang='lat' dir='ltr'>Dalec.</span> <span class='ocrx_word' id='word_1_418' title='bbox 1151 2826 1242 2871; x_wconf 86' lang='lat' dir='ltr'>CIV,</span> <span class='ocrx_word' id='word_1_419' title='bbox 1270 2824 1462 2870; x_wconf 77' lang='lat' dir='ltr'>Augustin.</span> <span class='ocrx_word' id='word_1_420' title='bbox 1490 2825 1536 2860; x_wconf 88' lang='lat' dir='ltr'><em>de</em></span> <span class='ocrx_word' id='word_1_421' title='bbox 1563 2824 1637 2860; x_wconf 86' lang='lat' dir='ltr'>Oiv.</span> <span class='ocrx_word' id='word_1_422' title='bbox 1665 2824 1734 2859; x_wconf 89' lang='lat' dir='ltr'><em>Dei</em></span> 
     </span>
     <span class='ocr_line' id='line_1_49' title="bbox 213 2871 1733 2924; baseline -0.004 -13"><span class='ocrx_word' id='word_1_423' title='bbox 213 2876 281 2912; x_wconf 91' lang='lat' dir='ltr'><em>XV</em></span> <span class='ocrx_word' id='word_1_424' title='bbox 310 2882 351 2912; x_wconf 78' lang='lat'><em>12</em></span> <span class='ocrx_word' id='word_1_425' title='bbox 380 2878 488 2924; x_wconf 88' lang='lat' dir='ltr'>CLII)</span> <span class='ocrx_word' id='word_1_426' title='bbox 516 2878 646 2913; x_wconf 79' lang='lat' dir='ltr'>tribuit</span> <span class='ocrx_word' id='word_1_427' title='bbox 671 2882 797 2921; x_wconf 62' lang='grc' dir='ltr'><em>α’νιηοε,</em></span> <span class='ocrx_word' id='word_1_428' title='bbox 826 2875 983 2921; x_wconf 76' lang='lat' dir='ltr'>Cinyrae</span> <span class='ocrx_word' id='word_1_429' title='bbox 1004 2874 1222 2920; x_wconf 78' lang='lat' dir='ltr'>Cypriorum</span> <span class='ocrx_word' id='word_1_430' title='bbox 1244 2873 1285 2908; x_wconf 92' lang='lat' dir='ltr'><em>X</em></span> <span class='ocrx_word' id='word_1_431' title='bbox 1302 2873 1413 2908; x_wconf 79' lang='lat' dir='ltr'>anuis</span> <span class='ocrx_word' id='word_1_432' title='bbox 1430 2873 1601 2918; x_wconf 76' lang='lat' dir='ltr'>amplius,</span> <span class='ocrx_word' id='word_1_433' title='bbox 1625 2871 1733 2917; x_wconf 69' lang='grc' dir='ltr'><em>Δορί-</em></span> 
     </span>
    </p>
   </div>
  </div>
 </body>
</html>
