1864 3126
896 611 1055 655 XXVI.
1613 624 1733 678 ‘1113

709 724 1236 773 SIMONIDES.

429 858 509 889 ΕΙΣ
535 858 634 890 ΤΗΝ
659 857 747 889 Em
772 856 1050 890 ΑΡΤΕΜΙΣΙΩι
1075 858 1373 891 ΝΑΤΜΑΧΙΑΝ.
1416 859 1515 890 1-4.

805 953 839 995 1.
871 952 909 995 2.
944 953 999 1005 [2
1034 953 1071 995 3
1076 951 1144 1009 ]*)

639 1038 1017 1057 ..........
1040 1033 1065 1055 Ξ

705 1101 979 1161 Ἐβόμβησεν
1009 1103 1252 1156 θαλάσσας.

704 1172 1007 1232 Ἀποτρέποισι
1039 1177 1188 1232 κῆρας.

900 1295 938 1336 3.
973 1296 1047 1347 [5.]

333 1382 462 1422 Schol.
488 1382 620 1432 Apoll.
641 1380 764 1419 Rhod.
786 1381 806 1418 I
827 1383 929 1419 211:
965 1376 1047 1432 Τὴν
1080 1378 1122 1420 δὲ
1149 1377 1380 1432 Ὠρείθυιαν
1405 1380 1634 1432 Σιμωνίδης
1657 1375 1738 1420 ἀπὸ

214 1449 433 1500 Βριλησσοῦ
481 1444 603 1497 φησὶν
646 1440 887 1498 ἁρπαγεῖσαν
936 1444 997 1484 ἐπὶ
1046 1442 1118 1498 τὴν
1161 1446 1447 1498 Σαρπηδονίαν
1488 1444 1632 1499 πέτραν
1673 1448 1741 1497 τῆς

218 1509 377 1568 Θρᾴκης
410 1511 621 1563 ἐνεχθῆναι
653 1542 661 1549 .
696 1542 702 1549 .
738 1541 745 1549 .
777 1506 802 1561 ἡ
835 1508 877 1549 δὲ
903 1506 1109 1563 Ὠρείθυια
1135 1507 1351 1563 Ἐρεχθέως
1381 1508 1582 1564 θυγάτηρ,
1618 1506 1670 1562 ’ἢν
1701 1509 1740 1558 ἐξ

219 1580 382 1630 Αττικῆς
419 1573 598 1629 ἁρπάσας
629 1571 650 1615 ὁ
682 1574 830 1628 Βορέας
865 1573 1011 1629 ἤγαγεν
1047 1576 1102 1624 εἷς
1144 1573 1306 1632 Θρᾴκην
1343 1570 1498 1616 κάκεῖσε
1535 1571 1742 1615 συνελθὼν

214 1642 315 1683 ἔτεκε
346 1638 478 1694 Ζήτην
508 1640 574 1681 καὶ
605 1637 773 1691 Κάλαϊν,
806 1637 858 1689 ὡς
889 1642 1118 1694 Σιμωνίδης
1149 1640 1192 1681 ἔν
1222 1644 1267 1696 τῇ
1298 1641 1523 1696 Ναυμαχία.
1580 1641 1638 1681 Cf.
1664 1641 1742 1679 Eu-

214 1709 297 1748 doc.
331 1709 430 1746 440.
493 1707 618 1746 Poeta
661 1708 837 1756 stragem
874 1708 1078 1757 ingentem
1117 1720 1325 1756 enarrans,
1364 1720 1443 1757 qua
1481 1708 1530 1746 ad
1563 1705 1741 1757 Sepiadis

215 1775 332 1813 littus
357 1771 610 1821 tempestatis
637 1772 806 1811 saevitia
833 1772 982 1811 afflicta
1008 1775 1069 1811 est
1087 1773 1300 1812 Persarum
1325 1773 1482 1823 classis,
1509 1771 1742 1820 subsidium,

215 1838 321 1889 quod
344 1839 440 1876 tunc
458 1837 608 1875 Boreas
629 1837 940 1876 Atheniensibus
965 1839 1107 1878 tulisse
1132 1839 1348 1889 ferebatur,
1373 1850 1453 1877 non
1470 1836 1744 1887 praetermisit

217 1903 392 1952 silentio,
436 1901 528 1939 inde
573 1902 820 1951 exspatiatus
858 1905 1033 1942 veterem
1072 1904 1249 1942 fabulam
1287 1903 1335 1941 de
1373 1901 1580 1952 Orithyiae
1624 1903 1742 1951 raptu

218 1966 464 2017 perstrinxit,
484 1967 530 2003 ut
548 1966 826 2004 necessitatem
846 1979 946 2015 quae
965 1968 1071 2006 inter
1090 1968 1245 2006 Atticos
1267 1970 1307 2006 et
1326 1967 1497 2005 Boream
1516 1967 1744 2006 intercessit

219 2033 454 2086 illustraret.
505 2029 722 2068 Simonidei
748 2031 932 2070 carminis
956 2032 1129 2082 vestigia
1149 2033 1285 2070 secuta
1305 2034 1398 2069 sunt
1416 2031 1484 2081 qui
1504 2044 1567 2070 res
1589 2031 1742 2070 Medico

217 2097 325 2135 bello
357 2096 485 2133 altero
518 2096 654 2144 gestas
687 2097 954 2144 exposuerunt
984 2096 1210 2135 Herodotus
1236 2096 1314 2134 VII
1346 2098 1426 2135 189
1462 2098 1503 2135 et
1534 2095 1742 2135 Choerilus

219 2157 318 2215 (vid.
346 2160 475 2199 Schol.
502 2157 610 2212 Ap.).
659 2159 854 2198 Fabulam
885 2160 934 2199 de
970 2160 1176 2211 Orithyiae
1206 2162 1325 2210 raptu
1357 2173 1474 2210 quam
1507 2159 1742 2211 logographi

219 2226 432 2265 Acusilaus
459 2227 500 2263 et
519 2224 770 2275 Pherecydes
790 2226 1005 2265 memoriae
1024 2225 1295 2276 prodiderunt,
1327 2220 1548 2263 Simonides
1574 2223 1744 2270 Athenis

219 2293 368 2343 degens
400 2291 506 2330 haud
540 2290 658 2329 dubie
689 2290 809 2329 fando
843 2292 1012 2342 accepit,
1043 2291 1212 2330 Boream
1243 2290 1396 2340 primus
1428 2289 1568 2340 opinor
1599 2289 1640 2327 in
1671 2289 1744 2327 hoc

317 2415 585 2452 Simonides.
636 2416 694 2451 Fr.
719 2419 749 2450 1.
770 2420 802 2452 2.
842 2414 1017 2451 Priscian.
1038 2415 1084 2451 de
1109 2415 1214 2452 metr.
1241 2426 1333 2451 com.
1355 2418 1424 2450 250
1449 2413 1618 2450 Lindem.
1645 2411 1743 2458 (Keil

223 2465 255 2500 II
283 2466 384 2510 428):
412 2463 645 2509 „Simonides
670 2464 709 2498 et
732 2462 889 2498 Alcman
919 2463 959 2498 in
989 2463 1151 2498 iambico
1179 2464 1273 2498 teste
1299 2462 1499 2497 Heliodoro
1524 2471 1597 2496 non
1624 2460 1742 2495 solum

222 2513 260 2547 in
287 2512 358 2547 fine
382 2512 528 2572 ponunt
552 2510 772 2556 spondeum,
813 2510 877 2545 sed
909 2510 1023 2545 etiam
1053 2510 1092 2545 in
1123 2509 1205 2545 aliis
1231 2510 1331 2545 locis.
1382 2507 1590 2543 Simonides
1614 2507 1652 2542 in
1679 2503 1740 2542 ἐπ’

220 2556 426 2606 Ἀρτεμισίῳ
451 2559 643 2614 ναυμαχία
668 2558 707 2592 111
733 2557 893 2596 dimetro
918 2557 1153 2593 catalectico·
1181 2555 1233 2604 ἐβ.
1253 2554 1341 2592 θάλ.
1370 2553 1555 2613 (θάλασσα
1575 2555 1657 2590 Ald.
1679 2555 1742 2589 sed

224 2606 329 2643 codd.
367 2594 575 2648 θαλάσσας)
611 2605 651 2640 111
689 2605 848 2640 secundo
883 2605 966 2640 loco
1005 2605 1208 2661 spondeum
1235 2603 1391 2662 posuit:
1426 2599 1662 2658 ἀντιστρέφει
1701 2599 1743 2636 δε

224 2650 343 2699 αὐτῷ·
377 2650 665 2710 αποτρὲπουσαν
696 2651 760 2697 (sic
786 2652 883 2697 Ald.‚
915 2651 1074 2687 Putsche
1101 2648 1328 2697 ἆποτρὲποις
1353 2648 1403 2694 εἴ,
1441 2649 1503 2684 PV
1528 2645 1743 2693 ἇποτρενέου

224 2713 292 2743 σει,
318 2701 349 2735 A
376 2697 652 2744 ἀποτρεποίσει,
676 2699 866 2734 Hermann
890 2696 1167 2744 ἄποτρὲπουσα,
1193 2696 1449 2734 Schneidewin
1475 2693 1744 2741 ἄποτρέποισα,

225 2759 295 2792 ego
321 2745 628 2792 ἄποτρέποισι
653 2746 796 2792 scripsi)
821 2747 948 2792 κῆρας,

321 2854 354 2894 *)
381 2852 535 2888 Numeri
561 2852 696 2888 adiecti
722 2854 807 2888 sunt
831 2852 1006 2888 editionis
1032 2851 1406 2888 Schneidewinianae.
