1864 3126
224 128 309 170 694
539 133 541 137 “
682 125 987 161 FRAGMENTA
1011 125 1275 163 ADESPOTA.

951 234 1020 276 22.

322 321 458 359 Βαῖνε
489 314 582 370 λάξ,
616 314 685 358 ἐπὶ
715 313 939 372 τραχήλου
969 318 1110 372 βαῖνε,
1142 316 1216 360 καὶ
1245 315 1356 360 πέλα
1386 318 1532 374 χθονί.

952 435 1020 477 23.

440 516 595 572 Δῆμος
625 513 818 559 ἄστατον
849 514 988 560 κακόν

320 587 393 631 καὶ
425 584 630 643 θαλάσσῃ
663 583 806 629 πάνθ’
842 583 999 642 ὁμοῖον
1030 584 1106 630 ὑπ’
1141 584 1309 643 ἀνέμου
1340 587 1564 643 ῥιπίζεται,

322 657 395 701 καὶ
426 655 619 713 γαληνὸς
651 653 708 713 ἢν
739 655 864 714 τύχῃ,
896 654 1007 714 πρὸς
1038 659 1211 714 πνεῦμα
1242 655 1384 714 βραχὺ
1414 657 1692 716 κορύσσεται,

323 727 406 784 κῆν
440 744 505 780 τις
537 729 654 771 αἰτία
685 728 881 784 γένηται,
911 725 992 771 τὸν
1023 731 1208 785 πολίτην
1239 728 1452 774 κατέπιεν.

958 859 1026 900 24.

446 940 595 984 Πέλλα
626 939 711 996 γάρ
744 938 902 997 (πλείη)

321 1009 482 1067 τρυγὸς
513 1013 732 1066 γλυκείης,
764 1006 821 1065 ἣν
854 1012 1018 1054 ἔτικτεν
1048 1007 1292 1066 Ἀνθηδών.

327 1165 383 1199 Fr.
412 1168 468 1199 22.
520 1164 616 1199 Plut.
645 1164 690 1199 de
717 1163 837 1199 cohib
864 1163 920 1198 ira
945 1175 975 1199 ο.
1003 1168 1040 1199 9:
1068 1161 1230 1209 ἄρχομαι
1255 1169 1511 1211 καταφρονεῖν
1530 1165 1605 1201 τῶν
1624 1164 1753 1211 λεγόν-

233 1225 306 1247 των
334 1241 340 1247 .
364 1240 370 1246 .
393 1240 399 1247 .
427 1225 492 1246 και
518 1215 656 1246 Βαῐνε
684 1214 757 1247 κτλ.
796 1211 966 1246 Meineke
992 1212 1208 1247 Archilocho
1232 1212 1376 1247 tribuit.
1403 1232 1447 1239 -
1472 1212 1578 1257 πέλα,
1605 1213 1754 1250 Lobeek

229 1261 350 1294 mmm

325 1307 382 1342 Fr.
410 1310 465 1342 23.
516 1305 587 1340 Dio
613 1305 799 1351 Chrysost.
828 1304 967 1340 XXXII
993 1318 1028 1351 p.
1055 1309 1143 1341 432:
1175 1306 1251 1341 Καὶ
1276 1306 1395 1342 ταῦτα
1421 1303 1571 1343 ακούων
1591 1304 1754 1355 Ομήρου

232 1367 269 1389 τε
297 1353 363 1389 καὶ
388 1354 460 1388 τῶν
487 1350 608 1388 ἄλλων
629 1353 801 1409 ποιητῶν
828 1350 1047 1398 ὑμνούντων
1069 1350 1132 1388 αεὶ
1151 1351 1216 1388 τὸν
1236 1351 1347 1412 ὄχλον
1373 1350 1422 1395 ὡς
1441 1352 1604 1414 χαλεπόν
1629 1368 1668 1391 τε
1688 1356 1753 1392 καὶ

232 1398 377 1457 ἀπειθῆ
410 1400 475 1436 καὶ
506 1397 600 1445 πρὸς
625 1396 734 1448 ὕβριν
762 1399 928 1445 ἕτοιμον,
961 1400 1027 1436 τοῦ
1059 1400 1128 1446 μὲν
1154 1397 1250 1436 ου’τω
1281 1399 1454 1446 λέγοντος
1480 1423 1523 1428 -—-
1557 1399 1685 1448 ἑτέρου
1711 1403 1754 1439 δὲ

230 1446 343 1484 πάλιν
370 1443 435 1492 αὖ,
463 1448 616 1493 Δῆμος
643 1451 716 1483 κτλ
768 1448 940 1483 Fortasse
967 1447 1111 1483 Solonis
1137 1450 1222 1483 sunt
1245 1460 1382 1492 versus,
1417 1461 1502 1485 nam
1529 1449 1754 1487 Archilocho

229 1496 424 1550 quominus
457 1495 668 1531 tribuantur
697 1495 910 1548 frequentia
941 1495 1166 1531 solutionum
1203 1495 1388 1540 prohibet.
1449 1497 1618 1533 Meineke
1654 1498 1753 1534 inter

228 1544 455 1579 comicorum
480 1543 523 1578 fr.
551 1553 660 1578 anon.
687 1546 732 1578 48
759 1543 912 1587 recepit.
960 1542 1046 1578 Non
1078 1542 1253 1588 ignobilis
1284 1545 1417 1588 poetae
1449 1545 1542 1579 haec
1568 1555 1647 1580 esse
1673 1556 1752 1580 cer-

227 1594 307 1626 tum
334 1592 406 1634 est,
440 1590 485 1626 cf.
521 1589 726 1625 orationem
759 1589 911 1625 Antonii
947 1600 1021 1634 qua
1052 1590 1298 1626 Octavianum
1333 1591 1487 1635 corripit
1511 1602 1568 1637 ap.
1596 1592 1754 1649 Appian.

227 1638 321 1674 Bell
349 1637 503 1672 Civ.111
529 1641 592 1672 20:
619 1635 639 1671 ὁ
667 1635 708 1672 δε
737 1634 856 1681 δῆμός
876 1634 996 1679 ἔστιν,
1024 1649 1146 1681 ωσπερ
1167 1637 1231 1673 καὶ
1252 1635 1296 1673 σὺ
1322 1638 1396 1673 τῶν
1411 1636 1635 1683 Ελληνικῶν
1655 1652 1756 1685 αρτι-

229 1687 405 1723 δίδακτος
432 1680 483 1719 ὢν
511 1683 671 1742 ἔμαθες,
693 1681 940 1741 ἀστάθμητον
967 1682 1089 1727 ὥσπερ
1116 1682 1157 1721 ἐν
1183 1683 1358 1742 θαλασσῃ
1386 1686 1487 1742 κῦμα
1511 1684 1752 1743 κινούμενον·

230 1731 249 1769 ὁ
278 1746 346 1778 μεν
373 1727 504 1789 ἦλθεν,
530 1728 549 1766 ὁ
578 1728 615 1767 δ’
645 1729 727 1777 α’πη
710 1732 840 1767 λθεν·
868 1725 896 1779 ᾧ
922 1729 1019 1788 λόγῳ
1045 1732 1110 1767 καὶ
1135 1732 1209 1767 τῶν
1236 1729 1427 1792 ἡμετέρων
1453 1730 1518 1768 αεὶ
1536 1731 1623 1775 τοὺς
1642 1735 1755 1780 δημο-

229 1779 371 1819 κόπους
396 1777 416 1814 ὁ
452 1780 572 1823 δῆμος
599 1776 662 1814 ἐπὶ
693 1782 866 1814 πλεῖστον
893 1776 1042 1823 ἐξάρας,
1069 1776 1107 1819 ἐς
1131 1777 1224 1824 γόνυ
1253 1779 1417 1824 ἔρριψεν.
1470 1781 1604 1825 quibus
1630 1782 1752 1818 verbis

228 1829 326 1863 hunc
351 1827 478 1873 ipsum
497 1827 620 1862 locum
641 1826 764 1862 notari
784 1826 1020 1862 manifestum
1040 1828 1107 1862 est.
1144 1827 1315 1883 ,Respicit
1333 1827 1405 1863 huc
1428 1829 1542 1863 etiam
1561 1827 1752 1864 Demosth.

226 1876 271 1911 de
297 1874 394 1910 falsa
418 1874 490 1919 leg.
519 1876 606 1908 1365
639 1871 687 1914 ὡς
712 1870 732 1909 ὁ
765 1872 833 1919 μὲν
860 1871 979 1929 δῆμός
1005 1872 1105 1909 ἐστιν
1132 1870 1468 1929 ασταθμητότατον
1486 1876 1652 1932 πρᾶγμα
1679 1877 1754 1911 τῶν

225 1920 377 1958 πάντων
409 1921 474 1956 καὶ
503 1917 834 1977 ἀσυνθετώτατον,
867 1917 988 1965 ω’σπερ
1023 1919 1063 1956 ἐν
1094 1920 1264 1967 θαλάττῃ
1297 1923 1447 1967 πνεῦμα
1473 1919 1748 1967 ἀκατάστατον,

226 1968 276 2010 ὡς
312 1965 360 2004 ἂν
398 1966 508 2014 τύχῃ,
545 1965 780 2014 κινούμενον.
838 1968 910 2004 Sed
948 1968 1073 2012 dispar
1112 1968 1285 2004 Livianus
1324 1969 1426 2004 locus
1458 1969 1650 2004 XXXVIII
1685 1974 1747 2005 10:

225 2016 486 2062 „Atheniensis
511 2015 656 2060 legatus
676 2015 779 2051 Leon
797 2014 967 2051 H=cesiae
987 2015 1170 2050 filius..
1193 2015 1347 2060 vulgata
1367 2016 1622 2059 similitudine
1650 2017 1744 2053 mari

225 2046 426 2109 tranquillo
459 2063 558 2108 quod
589 2063 710 2098 ventis
743 2063 989 2098 concitaretur
1020 2044 1295 2108 aequiperando
1327 2063 1605 2099 multitudinem
1631 2063 1744 2100 Aeto-

227 2113 345 2148 lorum
375 2112 487 2146 usus“
520 2110 584 2155 qui
617 2121 660 2146 ex
690 2110 868 2154 ampliore
903 2110 1047 2154 Polybii
1078 2109 1288 2146 narratione
1315 2110 1417 2145 XXII
1452 2114 1495 2145 14
1527 2111 1565 2146 in
1599 2114 1744 2147 arctum
1814 2128 1819 2135 =

225 2159 397 2194 redactus
429 2159 485 2193 est
517 2158 655 2203 (orator
685 2157 746 2192 hic
772 2157 908 2192 dicitur
929 2157 1049 2199 Δᾶμις
1069 2155 1087 2192 ὁ
1115 2159 1313 2215 Κιχησίων,
1339 2157 1439 2215 apud
1466 2158 1610 2194 Livium
1644 2158 1748 2195 Leon

226 2207 414 2248 Hicesiae,
452 2216 608 2250 quorum
639 2204 733 2240 nihil
759 2216 906 2247 sanum,
943 2205 1057 2240 verba
1088 2205 1178 2240 fecit
1208 2203 1314 2240 Λέων
1340 2202 1359 2240 ὁ
1387 2206 1585 2251 Κιχησίου,
1620 2206 1746 2251 Δᾶμις

226 2255 372 2290 videtur
394 2252 620 2288 Rhodiorum
638 2252 751 2287 fuisse
771 2253 925 2298 orator->3
945 2252 1157 2287 referendus
1175 2253 1234 2288 est
1247 2252 1294 2287 ad
1311 2253 1510 2298 Aesopiam
1527 2253 1745 2309 apologum,

226 2313 336 2346 quem
361 2299 516 2335 Babrius
541 2300 707 2335 versibus
740 2300 970 2357 explanavit,
1003 2300 1048 2335 cf.
1082 2299 1204 2336 Solon.
1234 2299 1274 2336 fr.
1304 2303 1358 2335 12.
1391 2319 1434 2325 -
1468 2299 1510 2337 V.
1537 2303 1569 2335 2
1597 2297 1742 2345 ὁμοῖον,

227 2349 339 2393 vulgo
354 2344 508 2407 ὄμριον
536 2367 578 2372 —-
616 2347 655 2383 V.
683 2351 714 2382 3.
742 2343 787 2391 ἢν
814 2360 904 2392 τυχῃ
934 2347 1090 2403 Kayser,
1110 2345 1184 2401 *κεί
1205 2344 1367 2403 γαληνὸς
1398 2360 1451 2381 ων
1477 2345 1582 2392 τύχοι
1607 2347 1742 2403 Empe-

226 2391 558 2442 Υ1αθ,ἐντ’χώρα
590 2394 634 2438 B,
675 2391 835 2450 ἐντείχω
852 2394 906 2438 Μ,
940 2391 1016 2429 ἔντ’
1049 2390 1150 2449 ἠχῶν
1179 2394 1221 2438 V,
1267 2390 1344 2428 ε”ντ
1371 2391 1448 2439 ἠχῶ
1475 2394 1541 2430 rel.
1578 2415 1622 2420 -—
1653 2391 1748 2439 πρὸς

226 2443 373 2486 Reiske‚
400 2443 511 2487 vulgo
537 2442 625 2476 πᾶν.
653 2462 695 2467 -
710 2438 859 2499 βραχὺ,
884 2441 1015 2476 Iacobs
1035 2439 1144 2498 ταχὺ.
1177 2462 1220 2466 -
1255 2441 1297 2476 V.
1323 2437 1356 2476 4.
1383 2442 1480 2476 Fort.
1507 2454 1635 2482 αντιος
1660 2443 1744 2486 (hoc

227 2490 341 2526 etiam
365 2471 473 2532 Geel)
498 2489 572 2524 τῶν
591 2487 785 2534 πολιτέων,
810 2490 849 2524 et
868 2489 905 2524 M
925 2485 1045 2524 πολίτ’
1066 2501 1125 2523 αν.
1164 2487 1217 2523 Ac
1237 2490 1350 2533 negat
1368 2487 1594 2534 singularem
1613 2499 1740 2524 nume·

235 2550 315 2572 rum
340 2536 532 2572 ferendum
558 2546 637 2571 esse
666 2537 879 2582 Bernharyd
905 2535 1127 2593 Paralipom.
1132 2547 1188 2593 p.
1216 2539 1271 2571 52.

319 2585 377 2620 Fr.
405 2588 460 2619 24.
506 2583 561 2619 Et.
589 2583 681 2619 Gud.
709 2588 764 2628 57,
791 2549 1145 2640 33:y'Av6'17603v·11‘7
1179 2581 1332 2624 μέλισσα
1358 2595 1459 2627 παρα
1485 2579 1526 2618 τὸ
1552 2579 1654 2627 ἄνθη
1682 2579 1740 2618 ἐν·

228 2634 308 2667 δεῖν
335 2629 376 2667 ἐν
403 2627 521 2678 αὐτῷ·
548 2628 670 2667 ἁπλαῖ
687 2629 759 2676 γὰρ
779 2629 925 2686 τρύγος·
951 2626 1120 2686 ’γλυκὶς“
1099 2643 1145 2688 ην
1166 2628 1307 2666 ἔτικτεν
1322 2626 1534 2686 Ἀνθηδών.
1559 2629 1615 2683 Et.
1637 2629 1740 2666 Sorb.

228 2691 285 2723 ap.
313 2679 493 2738 Gaisford3
519 2678 577 2714 Et.
605 2678 651 2713 M.
680 2682 758 2721 108,
783 2682 846 2713 44:
878 2675 1101 2722 Ἀνθηδόνος
1125 2690 1148 2734 η
1175 2677 1340 2723 μέλισσα,
1370 2688 1473 2721 παρα
1498 2674 1539 2712 τὸ
1565 2677 1611 2712 τὰ
1635 2674 1739 2723 ανθη

229 2724 352 2761 ἐνδεῖν
380 2723 420 2761 ἐν
447 2721 557 2771 αὐτῇ·
584 2722 684 2760 ἁπλᾶ
711 2724 781 2771 γὰρ
807 2723 939 2770 τρύγος
956 2726 1108 2770 γλυκίης
1126 2737 1173 2780 ην
1194 2722 1336 2760 ἔτικτεν
1351 2720 1550 2770 Ἀνθηδών.
1587 2724 1739 2760 Schnei-

228 2773 346 2807 dewin
372 2772 467 2808 coni.
495 2773 640 2808 Ananii
664 2783 743 2808 esse
769 2784 931 2808 versum·
965 2774 1084 2808 Πλεῖα
1109 2770 1178 2816 γὰρ
1205 2768 1338 2827 τρυγὸς
1360 2771 1551 2830 ’γλυκῶείης
1587 2765 1635 2830 ἣν
1670 2769 1740 2806 ἔτι·

229 2833 315 2854 κτεν
347 2817 450 2864 ανθη
455 2817 529 2855 δών
554 2820 594 2855 id
620 2821 676 2855 est
702 2818 864 2865 μέλισσα.
915 2819 988 2855 Sed
1012 2818 1263 2855 scribendum:
1292 2814 1498 2873 Ἀνθηδών·
1515 2831 1554 2874 η
1587 2816 1741 2863 μέλισσα

230 2865 331 2910 παρὰ
357 2865 398 2900 τὸ
431 2864 493 2902 τὰ
480 2865 611 2913 ἄνθη
645 2865 787 2903 ἔδειν
821 2866 910 2913 (καὶ
942 2863 1071 2908 πόλις
1104 2866 1343 2911 Βοιωτίας,
1375 2862 1452 2900 διὰ
1483 2861 1530 2900 τὸ
1555 2867 1745 2901 πλεῖστα
