1864 3126
808 156 1040 196 ALCAEUS.
1604 157 1689 202 163

159 267 362 326 γαύρηκα,
392 271 472 313 vid.
496 271 670 323 Hesych.
700 267 870 326 γαύρηξ,
901 266 923 311 ὁ
953 265 1148 324 γαυριῶν)
1181 267 1224 311 δὲ
1256 265 1308 319 ὦς
1339 270 1423 323 εἰκῆ
1454 273 1691 325 γαυριῶντα,

159 331 389 399 φῦσζωνα
426 334 469 378 δὲ
506 335 572 378 καὶ
608 333 856 391 γάστρωνα
895 332 1058 389 (Pollux
1088 336 1129 376 11
1163 339 1264 377 173:
1308 332 1377 377 τὸν
1414 334 1458 377 δὲ
1497 332 1691 378 Πιττακὸν

161 400 284 453 [ABG
321 398 531 452 Ψιττακὸν,
565 402 894 454 quemadmodum
927 403 969 442 in
999 415 1160 441 nummo
1192 402 1337 442 Lesbio
1369 403 1476 454 apud
1500 403 1691 443 Mionnet.

158 467 297 519 Suppl.
328 468 383 507 VI
414 483 454 520 p.
487 470 541 509 64
576 463 765 516 Φιττακός
795 466 1007 519 scriptum]
1046 463 1252 520 γάστρωνα
1284 462 1305 507 ὁ
1332 462 1511 516 Ἀλκαῖος
1547 463 1691 522 καλεῖ),

159 529 218 574 ὅτι
247 529 375 587 παχὺς
405 526 476 587 ἦν,
507 529 603 574 ἀλλὰ
635 530 707 586 μὲν
736 531 803 572 καὶ
834 531 1198 584 ζοφοδορπίδαν
1229 528 1334 586 (cod.
1365 534 1470 574 Mon.
1502 533 1692 586 ζοφοδορ·

157 594 309 650 πόδαν,
342 598 451 638 Suid.
483 597 775 652 ζοφοδορπίδα,
808 598 878 638 sed
909 597 1202 650 ζοφοδορπίδας
1232 601 1370 638 tuetur
1395 598 1502 638 Plut.
1529 598 1692 645 Quaest.

159 663 341 716 Sympos.
372 663 474 704 VIII
507 666 550 714 6,
580 666 622 715 13
665 667 843 703 ceterum
879 664 928 703 cf.
966 663 1141 715 Hesych.
1181 663 1507 712 Ζοπαδασπίδας·
1545 667 1692 716 λαθρο-
1706 675 1775 707 943

159 725 335 784 φάγους,
360 729 429 768 ubi
448 729 749 777 Ζοποδαπτίδας
775 730 998 780 corrigunt,
1025 730 1068 768 et
1085 726 1694 781 Ζοφοδερκίας·-σκοτόδειπνος,

158 790 439 848 λαθροφοὶγας,
471 795 540 834 ubi
565 794 847 846 Ζοφοδορπίας
871 790 1095 848 corrigunt)
1122 789 1175 843 ὡς
1199 791 1390 847 ἄλυχνον,
1422 791 1694 849 ἀγάσυρτον

158 855 337 914 (Lobeck
369 862 411 900 et
441 860 598 900 Hecker
634 856 878 912 ἆνᾶσυρτον,
914 860 1103 911 Hartung
1139 855 1410 914 ῥυπόσυρτον)
1451 858 1495 900 δὲ
1526 857 1580 910 ὥς
1611 860 1693 902 ἐπι-

159 923 399 977 σεσυρμένον
428 923 495 965 καὶ
525 921 717 979 ῥυπαρόν.
758 939 860 977 quae
899 925 1005 965 haud
1042 925 1164 965 dubie
1195 922 1330 966 omnia.
1360 939 1407 965 ex
1439 927 1579 966 eodem
1610 939 1694 966 car-

159 991 283 1043 mine,
315 1003 364 1031 ex
393 1004 472 1042 quo
502 990 552 1030 fr.
585 993 639 1031 37
657 991 712 1042 A,
741 993 872 1042 petita.
902 995 1005 1032 sunt.

872 1094 979 1140 ²⁸38.

259 1169 550 1235 Tpassdzmpj
581 1169 638 1215 οὐ
667 1169 754 1241 γαρ
782 1170 1042 1230 Ἀρκοῖδεσσι
1073 1170 1209 1228 λώβα.

798 1279 868 1322 39.
901 1281 976 1334 [28
992 1281 1048 1336 a.]

259 1362 394 1420 Τέγγε
424 1359 680 1419 πνεύμονας
710 1365 839 1422 οἴνῳ·
870 1359 920 1406 τὸ
953 1359 1040 1420 γὰρ
1072 1359 1240 1420 ἄστρον
1270 1363 1582 1420 περιτέλλεται,

255 1491 312 1528 Fr.
339 1495 396 1528 38.
447 1491 676 1538 Hephaestio
702 1495 766 1527 63:
803 1490 848 1528 τὰ
882 1491 925 1528 δὲ
957 1493 1133 1538 τρίμετρα
1164 1488 1407 1538 ἀκατάληπτα
1439 1490 1589 1538 (ἰωνικὰ
1615 1490 1692 1530 ἀπὸ

160 1541 344 1586 μείζονος)
371 1539 484 1585 διχῶς
509 1539 724 1575 συνέθεσαν
749 1538 789 1574 οἷ
810 1538 955 1580 Αἰολεῖς
981 1568 988 1575 .
1016 1568 1024 1576 .
1052 1568 1059 1575 .
1088 1539 1172 1576 ἔνια
1197 1539 1239 1576 δὲ
1267 1541 1330 1576 καὶ
1357 1538 1399 1576 ἐκ
1425 1541 1515 1587 μιᾶς
1539 1540 1694 1587 ἰωνικῆς

159 1588 224 1623 καὶ
256 1584 326 1623 δύο
357 1587 585 1632 τροχαϊκῶν,
617 1585 715 1622 οἷον·
748 1583 1055 1634 τριβωλέτερ’·
1089 1584 1140 1623 οὖ
1171 1585 1254 1633 γὰρ
1283 1585 1355 1634 Ἄρ.
1389 1591 1438 1633 λ.,
1477 1589 1541 1624 ubi
1572 1588 1692 1625 ACPS

158 1632 396 1681 τριβώλετερ,
434 1634 546 1670 FlHB
576 1631 802 1694 τριρώλετες.
842 1636 954 1680 atque
992 1632 1211 1682 τριβῶλετερ
1249 1635 1410 1672 vocandi
1446 1646 1573 1672 casum
1611 1647 1693 1672 esse

158 1683 321 1718 testatur
346 1681 593 1719 Choerobosc.
620 1681 740 1727 Epim.
763 1682 777 1716 I
797 1686 884 1718 272:
912 1680 952 1717 οἴ
973 1681 1117 1724 Αἰολεῖς
1143 1681 1235 1723 ἔθος
1261 1681 1389 1728 ἔχουσι
1413 1683 1624 1719 συστέλλειν
1649 1681 1693 1720 τὸ

164 1734 181 1740 “
205 1728 259 1770 εἰς
277 1727 318 1765 τὸ
340 1734 358 1765 ἒ
387 1726 428 1766 ἐν
453 1730 497 1775 τῇ
525 1729 678 1775 κλητικῇ
706 1729 770 1765 καὶ
795 1727 1044 1778 ἀναβιβάζειν
1069 1727 1135 1766 τὸν
1161 1727 1290 1766 τόνον·
1318 1729 1399 1766 οἷον
1421 1727 1442 1766 ὁ
1463 1730 1694 1779 τριβολέτηρ,

159 1791 189 1813 ω
209 1776 438 1825 τριβολέτερ·
466 1777 543 1814 ἔστι
569 1775 611 1812 δὲ
638 1775 740 1818 εἶδος
760 1773 947 1822 ἀκάνθης.
973 1779 1170 1814 accentum
1196 1778 1460 1814 retrahendum
1486 1790 1568 1814 esse
1592 1778 1693 1815 idem

160 1825 273 1861 docet
292 1824 325 1860 lI
343 1828 424 1861 431.
462 1824 697 1861 Vocabulum
721 1824 858 1870 ipsum,
884 1824 985 1870 quod
1003 1836 1077 1861 non
1096 1827 1196 1862 recte
1215 1825 1485 1872 interpretatur
1503 1827 1695 1862 Hermann

161 1883 186 1908 a
209 1882 301 1908 voce
325 1873 450 1919 τρίβος
473 1873 659 1918 repetens,
685 1883 730 1908 ex
754 1874 817 1917 τρί
839 1875 922 1913 ολος
945 1874 986 1908 et
1009 1869 1140 1919 ὀλετήρ
1167 1873 1432 1919 compositum,
1459 1874 1560 1919 apud
1579 1874 1694 1910 Choe-

161 1919 359 1956 roboscum
390 1919 643 1957 scribendum:
683 1918 760 1955 ἔστι
792 1921 815 1955 ὃ
866 1921 1076 1966 τρίβολος
1107 1918 1232 1961 εἶδος
1264 1917 1487 1966 ἀκάνθης.
1536 1921 1694 1958 Plantae

160 1966 271 2003 11111110
296 1967 418 2003 fructu
442 1978 625 2024 pauperes
652 1967 916 2008 vescebantur.
942 1968 1015 2003 vid.
1036 1967 1205 2004 Dioscor.
1225 1968 1276 2004 IV
1298 1973 1360 2004 14:
1386 1966 1426 2005 οἴ
1447 1967 1490 2004 δὲ
1516 1969 1603 2015 περὶ
1627 1967 1694 2005 τὸν

161 2011 363 2061 Στρῦμονα
395 2027 567 2061 ποταμον
603 2015 751 2064 Θρᾷκες
781 2012 850 2060 τὴν
883 2013 953 2060 μὲν
984 2012 1085 2051 πόαν
1116 2013 1263 2061 χλωρὰν
1295 2014 1591 2062 ΐπποτροφοῦσι,
1627 2014 1694 2052 τὸν

161 2060 203 2098 δὲ
236 2059 385 2107 καρπὸν
416 2060 557 2108 γλυκὺν
589 2059 682 2098 ὄντα
716 2061 782 2098 καὶ
812 2060 999 2108 τρόφιμον
1030 2064 1329 2108 σιτοποιοῦνται,
1367 2061 1553 2110 χρώμενοι
1590 2060 1694 2112 αὐτῷ

162 2106 249 2145 ἀντὶ
269 2106 398 2154 ἄρτου.
435 2110 506 2146 Est
528 2108 646 2156 igitur
664 2121 709 2145 ex
727 2110 985 2158 τριβολολέτηρ
1011 2110 1050 2146 111
1076 2112 1199 2147 artum
1224 2111 1429 2155 redactum,
1454 2112 1694 2156 quemadmo-

161 2157 250 2192 dum
281 2158 490 2204 τετρᾶχμον
516 2168 561 2192 ex
585 2155 886 2203 τετράδραχμον,
920 2156 1091 2204 μώνυχες
1112 2158 1160 2194 'ex
1185 2156 1401 2204 μονώνυχες
1425 2162 1559 2194 ortum.
1603 2158 1694 2194 Ver-

162 2216 263 2248 sum,
297 2215 409 2249 quem
443 2206 554 2241 antea
578 2204 740 2241 Neuium
765 2205 859 2241 alios
885 2207 1034 2241 secutus
1061 2205 1253 2252 Sapphoni
1278 2206 1410 2250 tribui,
1442 2217 1540 2241 nunc
1565 2206 1695 2242 Alcaei

161 2250 330 2296 reliquiis
354 2252 504 2296 inserui,
530 2251 595 2298 qui
619 2252 691 2288 hoc
717 2252 886 2288 convicio
911 2264 1000 2288 usus
1020 2252 1179 2296 videtur,
1205 2255 1247 2289 ut
1266 2253 1414 2289 Pittaco
1434 2255 1694 2298 paupertatem

161 2298 423 2344 exprobraret3
458 2299 529 2335 hoc
559 2299 676 2345 igitur
701 2299 813 2335 dixit:
846 2312 929 2336 011111
960 2300 1041 2346 ipse
1073 2300 1205 2336 tribuli
1229 2300 1373 2337 fructus
1399 2300 1590 2344 comedas,
1621 2312 1694 2336 uon

161 2345 325 2391 amplius
357 2345 520 2382 Arcades
553 2346 729 2392 culpandi
762 2348 864 2391 suut,
903 2348 1003 2392 quod
1038 2347 1280 2393 iuglandibus
1311 2349 1527 2391 vescantur3
1565 2347 1694 2404 itaque

160 2393 288 2429 1100010
313 2405 361 2429 an
380 2393 519 2429 rectius
539 2390 620 2429 οὐκ
646 2390 716 2438 ἄρ’
744 2394 939 2438 scribatur,
966 2406 1052 2431 nam
1078 2396 1190 2440 poeta.
1208 2395 1358 2431 videtur
1376 2394 1513 2430 dixisse
1537 2391 1606 2430 οὐκ
1626 2392 1692 2440 αρ’

159 2437 370 2524 ’ἱιίρκάδεισει
391 2438 493 2523 λώξια
515 2442 521 2485 Ι
543 2438 672 2486 φάγην
693 2438 872 2489 βαλάνοις
895 2441 955 2478 vel
982 2441 1099 2488 ἔμμεν
1120 2441 1416 2490 βαλαναφάγοις,
1456 2442 1511 2478 Αο
1537 2442 1694 2478 fortusse

190 2499 236 2523 uc
288 2500 307 2524 e
348 2488 425 2525 'net
484 2515 492 2522 .
519 2491 575 2524 91.

255 2500 315 2571 131.
337 2539 393 2571 39.
433 2535 592 2572 Carmen
617 2535 689 2571 hoc
714 2547 759 2571 ex
786 2534 898 2571 variis
922 2536 1142 2582 fragmentis
1169 2536 1372 2583 composui.
1406 2535 1450 2571 V.
1474 2541 1491 2571 1
1519 2547 1601 2571 cum
1623 2536 1694 2572 iui—

160 2581 215 2618 110
245 2595 276 2619 v.
303 2586 343 2627 2,
379 2585 419 2619 et
442 2582 577 2619 deinde
603 2595 636 2619 v.
664 2586 697 2618 8.
724 2586 756 2618 6.
784 2586 816 2618 7.
842 2586 864 2618 8
890 2583 1055 2620 servavit
1078 2584 1231 2620 Proclus
1262 2584 1306 2619 ad
1335 2583 1488 2619 Hesiodi
1514 2582 1580 2629 Op.
1608 2587 1694 2619 584:

166 2629 335 2666 Τοιαῦτα
356 2628 398 2666 δὲ
419 2630 484 2666 καὶ
503 2626 570 2666 τὸν
588 2626 753 2665 Ἀλκαὶον
773 2626 900 2679 ᾅδειν·
928 2632 1018 2679 οἴνῳ
1037 2629 1235 2676 πνεύμονα
1255 2630 1361 2676 τέγγε
1389 2631 1458 2676 (ita.
1476 2630 1540 2665 AB
1560 2631 1695 2674 'lu-inc„

163 2677 230 2712 sed
250 2676 424 2719 Gaisford
443 2676 550 2735 τέγγε
571 2674 789 2723 πνεύμονας
808 2678 930 2725 οἴνῳ)·
956 2675 998 2713 τὸ
1019 2691 1052 2723 γ.
1073 2675 1110 2713 ἄ.
1130 2677 1385 2722 περιτέλλεται
1405 2676 1695 2724 (περιστέλλεται

162 2724 227 2759 ΑΒ
248 2724 403 2769 ’1“1·1110.)·
430 2722 454 2760 ἁ
476 2726 500 2760 δ
536 2721 616 2769 ὥρα
637 2721 799 2769 χαλεπά·
827 2721 935 2770 ἄχεϊ
954 2727 1029 2760 κτλ.
1067 2724 1110 2761 V.
1134 2729 1150 2760 1
1174 2728 1212 2761 et
1231 2730 1252 2760 2
1279 2725 1454 2771 leguntur
1478 2737 1537 2771 ap.
1559 2725 1695 2762 Athen.

163 2770 195 2806 X
221 2771 353 2807 430B:
389 2770 531 2818 θέρους
557 2770 599 2808 δὲ
625 2770 830 2816 (Ἀλκαῖος)“
867 2770 985 2817 Τέγγε
1012 2771 1091 2816 (ubi
1115 2771 1222 2818 τέγγε
1250 2770 1329 2816 AC,
1355 2770 1484 2829 τέγγαι
1512 2773 1557 2816 Β,
1582 2771 1695 2818 τέγγη

162 2817 272 2863 PVL)
297 2817 513 2865 πλεύμονας
538 2818 582 2864 (Ρ
607 2817 846 2863 πλεύμωνας)
873 2846 880 2854 .
905 2848 912 2855 .
934 2847 941 2855 .
963 2846 971 2854 .
998 2816 1022 2853 ἁ
1044 2815 1081 2854 δ’
1111 2820 1158 2864 (Α
1178 2831 1201 2855 a
1220 2831 1267 2855 m.
1289 2831 1316 2854 e.
1342 2816 1365 2864 ἡ
1393 2820 1416 2854 δ
1458 2822 1498 2856 01
1522 2820 1697 2856 similiter

163 2865 298 2901 deinde
330 2864 488 2912 χαλεπή)
514 2894 521 2902 .
550 2895 557 2903 .
587 2895 594 2902 .
628 2865 670 2902 δὲ
697 2867 828 2910 δίψαις
859 2865 926 2911 (sic
953 2866 1000 2908 B,
1033 2866 1075 2901 δὲ
1103 2868 1235 2911 διψαις
1260 2867 1339 2909 ΑΡ,
1372 2865 1548 2911 δέδιψαις
1575 2868 1620 2911 V,
1651 2866 1693 2903 δὲ

165 2913 260 2961 διψᾷ
288 2913 335 2959 Ο,
366 2912 409 2950 δὲ
436 2914 553 2963 δειψᾴ
580 2914 624 2959 L)
650 2910 724 2949 ὑπὸ
750 2911 951 2959 καύματος.
985 2913 1173 2959 iidemque
1199 2914 1272 2951 duo
1299 2925 1425 2950 versus
1450 2914 1499 2951 ib.
1526 2917 1656 2951 extant
1680 2914 1694 2949 1

1335 2974 1405 3008 11*
