1864 3126
582 116 905 155 -raAGMEN'rA
933 115 1201 154 AnEspo'rA.
1582 112 1668 155 713

159 243 166 246 ·
229 260 665 272 .......
697 222 747 270 τὸ
780 221 825 270 δ’
861 225 1058 283 ἐξευρεῖν
1090 221 1305 282 χαλεπόν,

229 303 316 344 εἴτε
348 302 616 344 Βοιωτοῖσιν
646 294 993 353 Ἀλαλκομενεὺς
1024 298 1184 353 λίμνας
1213 289 1326 352 ὗπὲρ
1359 295 1616 353 Καφισίδος

226 370 401 427 πρῶτος
430 366 689 426 ἀνθρώπων
722 365 924 425 ἀνέσχεν,

184 450 206 484 5
231 444 318 484 εἴτε
348 441 580 497 Κουρῆτες
611 441 719 483 ἔσαν
750 438 876 497 γένος
904 436 1058 482 Ἰδαῖοι
1090 439 1235 494 θεῶν,

227 506 256 568 ἢ
291 509 483 568 Φρύγιοι
515 509 824 568 Κορύβαντες,

229 578 309 635 οὓς
327 579 478 635 ’Ἅλιος
507 580 712 640 πρώτους
750 582 923 627 ἐπεῖδεν
965 584 1261 639 δενδροφυετς
1292 579 1672 638 άναβλαστόντας,

231 652 309 699 εἰτ’
342 651 550 712 Ἀρκαδία
582 658 911 710 προσελαναῖον
944 652 1197 710 Πελασγόν,

235 722 255 739 Ἃ
285 723 296 740 9

229 743 257 783 η
296 729 458 784 Ραρίας
489 729 693 770 Λίαυλον
725 723 943 783 οίκιστῆρ’
975 722 1183 782 Ἐλευσίς,

1561 806 1673 852 'Ama

164 878 259 939 ιοῆ
290 884 557 926 καλλίπαιδα
602 883 786 938 Λᾶμνος
830 879 1038 940 ἀρρήτων
1084 879 1295 925 ἐτέκνωσε
1341 878 1570 938 Κάβειρον

993 950 1177 1010 ὀργίων,
1575 982 1578 984 v

230 1029 316 1069 εἴτε
348 1022 558 1069 Πελλάνα
593 1028 846 1082 Φλεγραῖον
875 1021 1123 1081 Ἀλκυονῆα
1155 1022 1388 1080 Γιγάντων
1419 1022 1611 1081 πρεσβύ-

995 1112 1142 1140 τατον.

230 1195 254 1221 *
374 1195 397 1221 *
519 1195 542 1221 *
663 1196 686 1221 *
806 1195 829 1220 *
950 1196 973 1220 *
1095 1195 1117 1220 *
1239 1194 1262 1219 *

208 1342 279 1383 εἴτ’
307 1343 383 1391 ἄρα
410 1345 474 1382 καὶ
499 1348 773 1390 προσελαναῖον
801 1342 999 1390 Πελασγὸν
1022 1341 1213 1391 Ἀρκαδία,

212 1389 232 1405 '⁴
257 1390 401 1438 Ῥαρίας
426 1389 593 1439 οἰκήτορ’
619 1389 784 1434 Ἐλευσὶς
811 1394 988 1438 Διάυλον,

206 1407 232 1488 3
257 1442 485 1478 καλλίπαιδα
510 1442 661 1487 Λᾶμνος
686 1438 859 1487 ἀρρήτων
886 1438 1068 1477 ἐτέκνωσε
1095 1437 1285 1488 Κάβειρον
1313 1436 1473 1487 ὀργίων,

210 1490 286 1526 εἴτε
314 1486 496 1526 Παλλάνα
525 1491 732 1535 Φλεγραῖον
760 1488 892 1525 ἔντυεν
915 1486 1088 1535 Ἀλκυονῆ

210 1535 469 1585 πρεσβύτατον
494 1538 741 1583 θρασυγυίων
772 1534 976 1582 Γιγάντων.
1669 1565 1676 1572 .

1604 1597 1676 1632 Επ.

213 1641 456 1690 πρωτόγονον
482 1644 621 1690 ’Λίβυες
646 1640 684 1678 δ’
712 1638 798 1679 αὖτ’
823 1639 1023 1691 Ἰάρβαντα
1049 1640 1233 1689 κρατερόν

217 1690 335 1737 φασὶν
361 1687 564 1737 αὐχμηρῶν
589 1692 733 1727 πεδίων
759 1687 956 1727 ἀναδύντα
982 1691 1128 1737 γλυκεί-

211 1753 256 1780 ας
280 1736 530 1784 ἀπάρξασθαι
556 1736 723 1785 βαλάνου
751 1737 860 1780 Διός·
888 1735 996 1784 Αίγύ-

210 1800 289 1836 πτῳ
316 1785 357 1823 δὲ
384 1786 449 1822 καὶ
474 1786 546 1821 νῦν
575 1788 731 1831 Νεῖλος,
758 1783 840 1822 ἰλὺν
868 1783 1053 1823 ἐπιλιπαί-

211 1847 288 1870 νων
314 1831 410 1883 ὑγρᾷ
438 1832 702 1893 σαρκουμέναν
727 1832 937 1880 θερμότατι

214 1879 366 1928 σώματα
394 1882 487 1925 ζῶντ
530 1878 692 1918 (ἐνδιδοῖ.

141 1977 224 2014 Dixi
251 1977 298 2013 de
325 1977 396 2013 hoc
420 1976 633 2022 fragmento
665 1977 703 2013 in
735 1977 868 2014 Annal.
896 1977 1080 2023 Antiquit.
1111 1981 1201 2014 1847
1235 1990 1271 2025 p.
1301 1983 1318 2014 1
1347 1989 1464 2024 seqq.,
1497 1979 1562 2015 ubi
1592 1991 1678 2025 ope-

141 2036 222 2061 ram
255 2023 360 2070 dedi,
392 2025 436 2060 ut
467 2024 596 2070 paucis
628 2024 854 2070 quibusdam
887 2025 1051 2073 mutatis.
1074 2026 1191 2062 iustos
1222 2038 1396 2063 numeros
1428 2027 1676 2063 restituerem.

143 2073 306 2109 Pindari
330 2072 398 2108 hos
423 2083 552 2108 versus
579 2083 657 2108 esse
682 2073 929 2119 probabiliter
955 2073 1117 2110 coniecit
1141 2073 1412 2119 Schneidewin,
1440 2077 1528 2110 sunt
1552 2077 1676 2110 autern

142 2119 302 2157 fortasse
322 2119 431 2166 petiti
452 2131 495 2155 ex
517 2120 655 2164 hymno
674 2120 714 2156 in
733 2120 858 2156 Iovem
874 2121 1108 2164 Ammonem,
1128 2133 1250 2168 neque
1271 2122 1517 2158 adversantur
1536 2122 1678 2158 numeri

142 2168 185 2203 fr.
213 2171 275 2203 12:
294 2164 440 2213 ’Ἄμμων
463 2163 653 2212 Ὀλύμπου
686 2164 855 2212 δέσποτ’,
888 2169 988 2214 quod
1024 2169 1147 2215 ipsum
1179 2169 1307 2215 hymni
1340 2169 1442 2205 illius
1474 2169 1547 2204 fnit
1577 2181 1679 2205 exor-

144 2214 259 2251 dium.
286 2234 331 2241 —
358 2214 529 2258 Origenis
554 2215 678 2251 locum
706 2215 884 2260 quoniam
909 2227 985 2252 una
1010 2228 1096 2252 eum
1115 2217 1320 2252 Hermanni
1347 2219 1385 2252 et
1405 2217 1681 2253 Schneidewini

145 2261 368 2299 coniecturis
393 2261 587 2307 adscripsi,
612 2262 743 2308 paucis
769 2274 920 2309 possum
940 2263 1106 2310 defungi.
1127 2285 1173 2291 —
1199 2264 1242 2299 V.
1266 2269 1296 2300 1.
1323 2260 1374 2305 ὡς
1393 2264 1544 2309 inserui,
1569 2267 1682 2311 poeta

144 2310 243 2345 enim
269 2308 406 2344 dixisse
434 2308 658 2354 videtur,-in
682 2311 752 2346 hac
775 2322 814 2346 re
833 2322 952 2347 omnes
971 2315 1092 2357 yentes
1113 2314 1356 2355 consentiunt,
1382 2324 1406 2347 a
1425 2317 1525 2347 terra
1542 2314 1680 2358 primos

142 2357 302 2393 homines
327 2357 442 2392 editos
465 2357 590 2400 fuisse.
625 2378 667 2383 —
703 2357 745 2393 V.
773 2362 793 2393 2
819 2358 995 2394 lacunam
1019 2359 1194 2403 indicavi,
1228 2371 1314 2395 nam
1345 2370 1571 2405 quamquam
1599 2360 1678 2396 Ori-

144 2415 258 2451 genes
278 2404 393 2440 etiam
413 2403 475 2439 hic
494 2415 678 2441 summam
697 2405 905 2442 sententiae
926 2408 1062 2452 poetae
1082 2409 1278 2452 acceptam
1299 2406 1424 2450 refert,
1450 2408 1533 2453 ipsa
1551 2411 1679 2444 tamen

143 2453 260 2488 verba
291 2454 392 2487 certo
423 2451 571 2487 restitui
606 2454 807 2498 nequeunt.
851 2473 895 2479 --
928 2453 970 2490 V.
998 2458 1030 2490 3.
1059 2455 1133 2490 εἴτε
1166 2465 1213 2490 an
1246 2456 1326 2490 αἵτε
1360 2454 1597 2491 scribendum
1630 2455 1681 2491 sit

144 2498 326 2546 ambigas,
353 2509 436 2534 cum
462 2499 556 2535 alias
583 2501 683 2546 apud
707 2499 910 2537 Pindarum
936 2503 1010 2537 εἴτε
1037 2513 1235 2548 nusquam,
1262 2503 1342 2538 αἵτε
1363 2502 1480 2537 semel
1500 2504 1612 2540 extet..
1635 2523 1678 2529 —

144 2547 190 2583 V.
218 2551 250 2583 δ.
282 2546 388 2583 θεῶν
423 2546 571 2592 scripsi,
604 2548 683 2584 cod.
717 2550 841 2584 θεῖον.
875 2569 919 2574 -
954 2549 996 2584 V.
1025 2553 1056 2585 7.
1084 2547 1389 2597 ἀναβλαστόντας
1421 2549 1564 2594 scripsi,
1598 2550 1678 2587 eod.

143 2590 509 2643 άναβλαστάνοντας.
546 2615 589 2621 -
622 2595 665 2631 V.
692 2598 723 2631 9.
758 2596 944 2640 Δίαυλον,
976 2596 1125 2632 videtur
1149 2598 1248 2632 idem
1275 2608 1356 2632 esse
1382 2597 1678 2643 Schneidewino,

143 2643 207 2726 gui
228 2642 323 2678 alias
344 2639 542 2686 Δυσαύλης
560 2641 707 2678 dicitur.
730 2662 774 2669 -
794 2640 979 2690 οἶμοι-ἦρ’
1001 2644 1150 2689 scripsi,
1172 2644 1253 2680 cod.
1275 2642 1464 2690 οἰκήτορα.
1491 2665 1535 2671 -
1556 2645 1599 2682 V.
1623 2649 1678 2682 10.

167 2690 281 2735 ργίων
315 2689 522 2732 Hermann,
553 2690 632 2726 cod.
668 2687 877 2739 ὀργιασμῴ,
910 2691 975 2726 sed
1008 2690 1197 2738 genitivus
1229 2692 1292 2727 vix
1323 2695 1450 2737 aptus,
1483 2693 1607 2730 nescio
1632 2705 1681 2730 an

146 2736 381 2773 scribendum
404 2736 453 2771 sit
474 2732 680 2782 ὀργεῶν’,
700 2749 786 2772 nam
807 2734 981 2783 ὄργεών
1001 2740 1198 2784 corrigere,
1218 2741 1260 2775 ut
1277 2739 1360 2786 ipsa
1373 2739 1535 2775 Lemnus
1554 2741 1679 2786 mysti-

145 2795 273 2821 corum
306 2795 495 2820 sacrorum
528 2784 700 2820 sacerdos
726 2783 891 2830 dicatur,
922 2796 996 2821 non
1024 2798 1103 2822 sum
1131 2798 1252 2823 ausus.
1281 2807 1323 2812 —
1352 2787 1394 2823 V.
1422 2792 1478 2823 11.
1505 2786 1681 2825 Πελλάνα

147 2831 289 2877 scripsi,
315 2832 396 2869 cod.
424 2829 604 2878 Φελλήνη.
643 2832 734 2868 Post
758 2833 857 2868 hunc
881 2843 1027 2869 versum
1054 2832 1218 2869 indicavi
1239 2835 1422 2878 lacunam,
1447 2845 1535 2870 nam
1554 2836 1680 2882 plures

145 2879 247 2915 haud
265 2879 376 2915 dubie
402 2878 577 2926 deinceps
603 2879 753 2916 fabulae
780 2883 1110 2926 commemoratam
1138 2880 1170 2916 si
1195 2880 1347 2918 Pindari
1371 2893 1501 2918 revera
1526 2882 1614 2919 sunt
1637 2883 1678 2919 hi
