1864 3126
730 129 1080 169 BACCHYLIDES.
1175 153 1185 165 .
1582 126 1667 171 581

794 240 1008 295 32.[3ιη

255 329 365 371 Serv.
392 329 505 381 Virg.
530 326 696 369 Aen.'II
724 329 828 367 201:
859 327 988 380 „Sane
1015 326 1279 378 Bacchylides
1305 325 1356 365 de
1380 325 1604 365 Laocoonte
1629 327 1672 364 et

136 407 259 437 uxore
283 395 370 436 eius
394 397 437 435 et
461 394 510 434 de
537 393 791 445 serpentibus
817 406 841 433 a
866 392 1058 444 Calydnis
1090 392 1232 431 insulis
1263 391 1517 432 venientibus
1547 393 1669 440 atque

135 461 178 503 in
207 461 389 502 homines
421 459 621 501 conversis
654 456 788 500 dicit.“

794 586 1003 640 33.[32]

217 871 355 918 ’Ἑστα
387 871 429 918 δ’
464 872 533 918 ἐπὶ
565 870 726 917 λάϊνον
758 869 916 926 οὐδόν,
947 869 1016 914 τοὶ
1043 868 1092 914 δὲ
1117 871 1280 922 θοίνας
1306 871 1480 924 ἔντυον,
1512 862 1604 913 ὧδέ
1625 866 1664 912 τ’

919 945 1022 999 ἔφα·

229 1015 487 1075 Αὐτόματοι
530 1002 576 1061 δ”
620 1014 810 1073 ἀγαθῶν
853 1016 1008 1065 δαῖτας
1047 1010 1269 1070 εὐόχθους
1307 1011 1565 1069 ἐπέρχονται
1603 1013 1669 1055 δί-

914 1100 1036 1129 ’καιοι

202 1226 206 1230 ,
230 1163 386 1220 φῶτες.
719 1206 722 1213 τ

192 1234 209 1245 ’
792 1242 999 1296 34.[33]

229 1339 1060 1366 ,ἰν-,ιυυ-υυ-Δυυ-υυ--

228 1402 252 1426 L
275 1406 300 1425 υ
324 1419 347 1425 ..
371 1418 394 1425 -
418 1401 442 1424 ,Δ
465 1404 490 1432 ψ
513 1404 538 1424 ψ
562 1415 585 1422 -
611 1415 618 1424 .
646 1413 654 1423 ·
683 1414 690 1424 .

132 1521 363 1566 συντύθεται,
383 1516 507 1564 ὥσπερ
527 1518 592 1555 καὶ
610 1515 714 1564 παρὰ
729 1517 953 1564 Βακχυλίδῃ,
973 1509 1002 1552 ὦ
1022 1513 1289 1561 περικλειτὲ
1316 1511 1354 1551 δ’
1382 1510 1478 1551 ἄλλ’
1508 1517 1583 1551 κτλ.
1610 1514 1666 1550 ita

134 1568 233 1615 libri,
259 1568 374 1605 etiam
398 1566 443 1612 A,
467 1566 540 1603 nisi
566 1565 666 1612 quod
691 1565 850 1601 Turneb.
876 1561 912 1600 τ’
930 1560 1037 1601 ἄλλ’.
1064 1562 1204 1610 Scripsi
1229 1556 1258 1598 ὦ
1285 1563 1521 1608 Περίκλειτε,
1547 1558 1668 1606 τᾶλλ’,

133 1616 204 1653 nisi
228 1615 333 1662 forte,
350 1617 546 1662 praeterea
569 1610 671 1660 τᾶμ’
699 1612 947 1658 scribendum,
973 1612 1078 1648 Neue
1097 1610 1192 1647 coni.
1220 1603 1249 1646 ὦ
1275 1611 1553 1656 Περικλειτίδα,
1581 1605 1664 1645 ἀλλ’

131 1665 172 1701 et
188 1663 287 1700 inter
305 1663 604 1710 Hyporchemata
621 1660 786 1704 ret-,tulin
814 1662 871 1696 est
894 1660 1051 1696 fortasse
1071 1670 1115 1695 ex
1136 1658 1358 1702 theniis,
1383 1668 1479 1703 quae
1501 1657 1666 1704 Bacchy-

122 1711 246 1750 lidem
278 1710 470 1757 scripsisse
499 1711 662 1746 testatur
693 1707 791 1745 Plut.
824 1708 870 1743 de
902 1719 994 1743 mus.
1023 1717 1052 1743 o.
1082 1710 1136 1742 17.
1186 1705 1294 1742 Blass
1326 1705 1474 1752 scripsit
1506 1698 1535 1741 ὦ
1561 1717 1666 1751 περι-

132 1757 253 1796 alsat}
281 1755 392 1803 Δᾶλ’,
423 1754 525 1804 ἄγα,
560 1756 722 1792 hominis
753 1754 1081 1802 compellationem
1106 1754 1154 1790 ab
1179 1754 1472 1800 hyporchemate
1504 1752 1666 1790 alienam

133 1807 248 1851 ratus,
273 1817 386 1852 quam
411 1805 624 1851 opinionem
648 1802 819 1840 refellere
843 1802 939 1839 nihil
963 1801 1111 1839 attinet.

227 1854 288 1890 Fr.
315 1858 371 1890 33.
416 1852 552 1889 Athen.
579 1852 613 1887 V
640 1855 708 1888 178
727 1849 773 1887 B:
802 1851 1091 1897 Βακχυλίδης
1115 1848 1158 1886 δὲ
1186 1848 1275 1895 περὶ
1294 1845 1524 1896 “Ηρακλέους
1549 1847 1587 1885 λέ
1614 1863 1667 1885 ων

132 1899 182 1943 ὥς
206 1895 327 1948 ἦλθεν
353 1898 416 1938 ἐπὶ
441 1897 507 1936 τὸν
532 1900 600 1936 τοῦ
626 1896 780 1945 Κήῦκος
805 1895 923 1942 οἷκον,
949 1898 1081 1944 φησίν·
1111 1893 1245 1933 'Eum
1269 1899 1345 1933 κτλ.
1374 1918 1418 1924 -
1445 1896 1488 1932 V.
1517 1901 1548 1933 1.
1597 1909 1664 1932 στα

131 1950 248 1994 Neue,
272 1949 387 1995 vulgo
408 1946 508 1994 ἔστη,
526 1947 557 1983 Β
577 1945 665 1983 ἔστι.
709 1946 781 1982 Pro
803 1944 891 1982 ἔστα
911 1942 950 1981 δ’
971 1945 1056 1982 fort.
1076 1943 1215 1981 rectius
1236 1942 1325 1981 ἔστα
1350 1941 1385 1980 τ’
1414 1944 1665 1989 scribendum,

132 1998 176 2033 ut
205 1997 278 2033 hoc
308 1995 470 2032 incisum
501 2006 586 2032 cum
617 1988 693 2031 ὧδέ
717 1990 753 2029 τ’
787 1991 864 2039 ἔφα
890 1994 1084 2040 congruat.
1111 2013 1154 2019 —
1183 1991 1317 2028 ἔντυον
1348 1991 1471 2037 Neue,
1508 1990 1665 2029 ἔντυνον

131 2044 209 2091 VL,
235 2041 394 2081 εὔτονον
419 2043 460 2079 Β.
488 2063 533 2069 -
561 2040 638 2088 ἔφα
661 2041 779 2086 Neue,
806 2037 921 2086 ἔφαέ
949 2041 1055 2085 PVL,
1083 2038 1224 2099 ἔφασκ’
1251 2040 1473 2087 Stephanus.
1501 2060 1546 2066 —
1565 2039 1610 2076 V.
1631 2044 1664 2076 2.

132 2087 184 2134 δ’,
210 2091 359 2128 Brunck
384 2090 543 2136 delevit,
567 2089 715 2126 Hartun
767 2085 976 2134 αὐτόματοι
1003 2085 1063 2124 ’π’
1082 2088 1254 2134 ,αγαθῶν
1306 2099 1486 2135 erperam.
1519 2108 1563 2114 —
1596 2088 1666 2123 Re-

130 2139 243 2196 sp'icit
259 2139 354 2175 haec
372 2138 507 2175 Zenob.
527 2137 620 2174 1119
639 2134 849 2183 αὖτοματοι
867 2133 904 2172 δ’
925 2132 1071 2182 ἀγαθοὶ
1090 2133 1253 2182 ἀγαθῶν
1299 2135 1341 2171 πὶ
1367 2136 1500 2176 δαῖτας
1524 2136 1663 2171 ἵενται·

132 2200 251 2228 ουτως
269 2184 509 2232 Ἡράκλειτος
534 2182 716 2243 ἐχρήσατο
735 2185 779 2232 τῇ
800 2184 1003 2234 παροιμίᾳ,
1029 2181 1079 2226 ὡς
1102 2181 1331 2228 Ἡρακλέους
1350 2180 1666 2228 ἐπιφοιτήσαντος

132 2231 196 2271 ἐπὶ
230 2230 301 2279 τὴν
338 2232 464 2270 οἰκίαν
502 2235 654 2278 Κηυκος
690 2232 757 2268 τοῦ
799 2233 1002 2277 Τραχινίου
1040 2233 1104 2267 καὶ
1136 2227 1255 2272 οὕτως
1286 2228 1473 2271 εἰπόντοςε
1505 2230 1571 2266 nbi
1595 2241 1665 2276 pro

131 2281 268 2318 vitioso
281 2277 520 2326 Ἡράκλειτος
544 2280 624 2316 cod.
644 2279 781 2315 Milleri
800 2278 903 2315 Misc.
919 2282 989 2315 350
1008 2282 1110 2316 recte
1130 2275 1150 2314 ὁ
1172 2278 1415 2324 Βακχυλίδης.
1462 2277 1664 2314 Schneide-

132 2329 208 2365 win
239 2325 448 2364 Ἡσίοδον
487 2326 683 2364 scribendo
713 2326 904 2373 paroemio
973 2326 1109 2380 phum,
1146 2337 1221 2362 non
1245 2325 1418 2362 librarios
1445 2325 1666 2371 castigavitz

135 2387 222 2412 nam
247 2385 338 2412 sane
363 2375 477 2421 poeta
500 2374 639 2420 lyricus
663 2373 816 2410 Hesiodi
846 2385 891 2411 ve
929 2373 1009 2420 igia
1038 2373 1150 2420 legit,
1182 2373 1247 2419 qui
1277 2373 1316 2409 in
1347 2372 1533 2417 carmine,
1565 2373 1666 2419 quod

131 2421 283 2470 Κήυκος
307 2419 426 2469 γάμος
444 2420 666 2468 inscriptum
685 2421 767 2467 fuit,
793 2419 991 2458 Herculem
1009 2422 1081 2458 hoc
1101 2432 1211 2458 versu
1229 2417 1437 2467 αὐτόματοι
1457 2416 1495 2455 δ’
1517 2417 1664 2466 ἀγαθοὶ

131 2467 294 2517 ἀγαθῶν
333 2467 396 2506 ἐπὶ
434 2470 567 2511 δαῖτας
596 2469 719 2505 ἵενται
749 2468 939 2515 hospitem
971 2469 1114 2514 alloqui
1144 2468 1252 2512 fecit3
1290 2479 1377 2504 nam
1418 2467 1534 2504 schol.
1565 2466 1662 2504 Plat.

135 2517 262 2565 Symp.
290 2521 359 2554 1⁷4
378 2517 407 2552 Β
433 2527 456 2552 a
480 2527 568 2553 vero
595 2515 761 2562 aberrat,
793 2527 878 2552 cum
903 2516 996 2552 dicit
1021 2527 1044 2552 a
1068 2516 1254 2562 principio
1280 2515 1415 2552 δειλῶν
1443 2512 1505 2551 ἐπὶ
1530 2516 1664 2557 δαῖτας

131 2565 263 2611 fiiisse,
289 2575 516 2611 quamquam
541 2563 652 2600 fidem
676 2563 889 2600 habuerunt
918 2574 1004 2599 cum
1029 2563 1097 2600 alii
1121 2565 1203 2600 tum
1227 2563 1364 2599 Miiller
1392 2563 1476 2599 Dor.
1510 2562 1545 2597 H
1573 2566 1662 2600 481:

134 2624 257 2659 neque
283 2612 383 2650 enim
408 2622 476 2658 par
499 2611 573 2647 fuit
596 2610 794 2647 Herculem
828 2612 908 2648 tam
933 2611 1042 2657 gravi
1066 2622 1114 2658 op
1142 2610 1267 2647 robrio
1291 2610 1478 2656 hospitem
1502 2610 1662 2647 laedere.

132 2659 287 2707 Eupolis
306 2660 448 2707 primus
463 2660 508 2695 ut
519 2658 666 2695 videtur
679 2657 906 2695 ludibundus
924 2658 1058 2695 δειλῶν
1077 2671 1120 2695 su
1147 2657 1283 2694 stituit.
1309 2658 1451 2694 Locum
1470 2656 1663 2694 difficilem

82 2738 85 2739 γ
132 2707 317 2753 Platonis,
355 2706 420 2754 qui
450 2707 546 2743 falso
572 2705 789 2742 criminatur
811 2705 1017 2742 Homerum
1041 2706 1248 2751 corrupisse
1273 2704 1528 2752 proverbium,
1562 2706 1663 2751 quod

75 2799 79 2804 1
131 2754 197 2791 ille
216 2755 368 2792 omnino
386 2766 461 2791 non
486 2754 668 2799 respexit,
697 2753 897 2790 nemodum
927 2752 1173 2800 probabiliter
1191 2751 1392 2799 expedivit.
1436 2751 1525 2788 Alia
1542 2752 1662 2789 varie-

78 2824 91 2834 ·
130 2803 228 2886 ἔξω
227 2814 342 2848 quam
359 2801 478 2839 nostri
496 2801 666 2839 homines
685 2801 886 2837 commenti
905 2801 1001 2847 sunt,
1027 2800 1145 2836 δειλοὶ
1163 2800 1298 2836 δειλῶν
1316 2799 1419 2837 omni
1436 2800 1662 2837 auctoritate

216 2849 313 2886 ‘tuta
336 2851 405 2887 est.

230 2896 290 2934 Pr.
316 2900 372 2934 34.
418 2895 533 2933 Clem.
558 2896 617 2932 Al.
638 2894 772 2934 Strom.
793 2893 827 2931 V
847 2899 934 2932 '1152
957 2891 1185 2942 ’Διούσωμεν
1211 2887 1280 2931 οὖν
1305 2892 1419 2931 πάλιν
1439 2898 1660 2943 Βακχυλί-
