1864 3126
208 153 263 195 88
769 147 961 184 POETAE
987 146 1163 182 MELICI.

893 257 931 298 2.
964 256 1041 308 [2.]

284 344 498 385 Φαίνεταί
526 356 601 395 μοι
632 341 766 394 κῆνος
798 342 893 389 ἴσος
923 337 1098 380 θέοισιν

281 415 416 468 ἔμμεν
449 409 593 467 ὥνηρ,
626 407 745 460 ὅστις
777 410 976 460 ἐναντίος
1006 425 1074 451 τοι
1660 416 1727 447 879

281 483 437 538 ἰζάνει,
469 481 543 525 καὶ
574 483 763 524 πλασίον
794 474 883 523 ἇδυ
914 478 1086 536 φωνεύ-

493 565 573 604 σας
602 550 817 596 ὑπακούει

234 638 254 669 5
280 624 352 668 καὶ
382 627 588 680 γελαίσας
621 622 819 679 ι’μερόεν,
850 621 900 665 τό
933 639 1007 677 μοι
1040 620 1129 677 μάν

281 698 470 753 καρδίαν
502 695 549 738 ἐν
581 693 795 750 στήθεσιν
828 692 1058 736 ἐπτόασεν·

283 764 342 818 ὡς
373 764 457 823 γὰρ
490 764 644 809 εῧιδον
676 763 870 820 βροχέως
901 775 963 819 σε,
995 761 1149 819 φώνας

497 834 632 879 οὐδὲν
664 832 723 878 ἔτ’
760 839 883 878 εἴκει·

283 907 396 952 ἀλλὰ
426 925 514 964 καμ
545 905 626 963 μὲν
657 907 835 962 γλῶσσα
867 907 987 960 ἔαγε,
1019 903 1178 947 λέπτον
1210 900 1252 946 δ’

211 1036 350 1082 ἀκοάς,
381 1036 450 1083 τὴν
481 1037 667 1082 γλῶσσαν,
702 1033 769 1076 τὰς
795 1032 920 1078 ὄψεις,
953 1032 1020 1079 τὴν
1046 1030 1180 1079 χρόαν,
1205 1029 1330 1068 πάνθ’
1364 1029 1414 1073 ὦς
1438 1030 1613 1080 ἀλλότρια
1641 1036 1734 1070 διοι-

212 1084 353 1132 χόμενα
386 1082 556 1130 ἐπιζητεῖ
582 1083 645 1119 καὶ
677 1079 771 1118 καθ’
806 1079 1098 1122 ὑπεναντιώσεις
1129 1077 1207 1125 ἅμα
1240 1077 1419 1125 ψύχεται,
1450 1083 1618 1125 καίεται,
1651 1078 1736 1117 ἄλο-

212 1137 345 1179 γιστεῖ,
381 1136 534 1177 φρονεῖς
571 1127 594 1176 ἢ
634 1128 705 1175 γὰρ
744 1131 920 1177 φοβεῖται
957 1124 979 1173 ἢ
1019 1127 1112 1173 παρ’
1153 1124 1280 1172 ὀλίγον
1312 1125 1499 1173 τέθνηκεν
1531 1129 1735 1171 (Hermann

213 1184 364 1226 φρονεῖ,
396 1181 588 1227 φοβεῖται,
619 1175 712 1222 παρ’
746 1174 871 1222 ὀλίγον
896 1174 1100 1220 τέθνηκεν,
1135 1176 1264 1210 contra
1291 1173 1416 1209 Heller
1447 1170 1470 1220 ἦ
1495 1174 1581 1221 γάρ
1608 1177 1735 1222 φοβεῖ-

212 1241 291 1272 ται,
317 1224 372 1272 μὴ
399 1223 491 1271 παρ’
520 1221 646 1270 ὀλίγον
672 1221 867 1270 τεθνήκῃ),
893 1224 956 1258 ἵνα
982 1221 1031 1268 μὴ
1059 1221 1100 1258 ἕν
1126 1235 1161 1257 τι
1185 1221 1271 1265 περὶ
1297 1218 1416 1266 αὐτὴν
1448 1222 1577 1263 πάθος
1601 1224 1736 1268 φαίνη-

212 1288 288 1319 ται,
317 1273 455 1309 παθῶν
482 1271 523 1308 δὲ
551 1270 718 1312 σύνοδος.
757 1271 860 1307 Idem
887 1281 1034 1305 carmen
1059 1269 1215 1315 respicit
1238 1269 1335 1305 Plut.
1362 1269 1463 1305 Erob.
1491 1282 1522 1305 c.
1549 1274 1610 1306 18:
1636 1266 1736 1315 Αὕτη

213 1322 255 1358 δὲ
283 1319 320 1367 (ἡ
347 1317 537 1365 Σαπφὼ)
564 1316 716 1364 άληθῶς
741 1316 951 1364 μεμιγμένα
975 1317 1066 1362 πυρὶ
1092 1315 1302 1362 φθέγγεται
1334 1315 1398 1351 καὶ
1423 1314 1487 1352 διὰ
1513 1318 1587 1352 τῶν
1613 1317 1735 1362 μελῶν

213 1367 401 1414 ἀναφέρει
442 1365 510 1412 τὴν
555 1363 631 1402 άπὸ
669 1367 734 1411 τῆς
777 1366 935 1410 καρδίας
977 1362 1212 1410 θερμότητα,
1255 1361 1465 1404 Μούσαις
1508 1361 1738 1409 εὐφώνοις

214 1414 383 1462 ἰωμένη
409 1411 488 1450 τὸν
515 1412 676 1459 ἔρωτα,
703 1410 798 1448 κατὰ
827 1409 1038 1454 Φιλόξενον.
1067 1432 1109 1437 —
1135 1409 1158 1456 ἡ
1186 1408 1297 1455 καλὴ
1323 1409 1496 1455 Σαπφώ
1523 1409 1635 1457 λέγει,
1660 1412 1739 1456 τῆς

215 1461 447 1509 ἐρωμένης
479 1459 786 1506 ἐπιφανείσης
817 1457 884 1504 τήν
916 1472 954 1494 τε
989 1456 1122 1503 φωνὴν
1154 1459 1329 1503 ἴσχεσθαι
1359 1457 1424 1492 καὶ
1455 1457 1665 1503 φλέγεσθαι
1695 1455 1737 1494 τὸ

216 1512 321 1556 σῶμα
360 1509 425 1545 καὶ
461 1505 767 1555 καταλαμβάνειν
806 1503 998 1552 ὠχρότητα
1042 1505 1107 1541 καὶ
1143 1503 1287 1540 πλάνον
1325 1501 1445 1549 αὐτὴν
1483 1505 1548 1541 καὶ
1585 1508 1738 1551 ἴλιγγον.

215 1556 441 1604 Λεχθέντων
469 1550 538 1591 οὖν
563 1553 638 1591 ὑπὸ
671 1555 739 1590 τοῦ
773 1554 976 1598 Δαφναίου
1009 1553 1083 1588 τῶν
1115 1552 1237 1598 μελῶν
1263 1549 1420 1587 ἐκείνων
1446 1549 1495 1593 ὡς
1520 1579 1738 1589 ........

216 1604 364 1640 Excidit
382 1603 443 1639 hio
459 1603 631 1648 Sapphus
645 1603 748 1638 locus
767 1601 852 1636 inde
874 1612 896 1636 a
914 1613 948 1637 v.
971 1605 1002 1636 ’7.
1043 1598 1260 1645 Disputavit
1279 1599 1324 1634 de
1343 1599 1414 1634 hoe
1433 1600 1594 1636 carmine
1613 1599 1741 1636 Heller

215 1653 253 1687 in
280 1651 414 1687 Philol.
442 1650 494 1684 XI
518 1654 586 1685 431
599 1661 702 1694 seqq.
728 1669 771 1675 -——
798 1647 842 1683 V.
870 1652 901 1684 1.
933 1647 1047 1692 κῆνος
1071 1647 1193 1692 Apoll.
1227 1646 1273 1681 de
1298 1646 1407 1682 Pron.
1441 1648 1566 1683 335A:
1598 1646 1741 1687 Αἰολεῖς

216 1699 344 1744 κῆνος·
377 1698 602 1743 φαίνεταί
629 1697 704 1742 μοί
734 1696 871 1741 κῆνος
896 1696 990 1735 ἴσος
1022 1697 1129 1734 θεοῖς
1160 1693 1230 1738 <ita
1255 1693 1349 1738 cod.)
1383 1691 1411 1729 ἔ.
1445 1691 1497 1738 αἱ,
1530 1706 1589 1740 ap.
1622 1695 1738 1739 Long.

215 1748 258 1782 ut,
282 1746 429 1782 videtur
454 1749 588 1787 κεῖνος,
614 1743 679 1778 sed
704 1754 776 1778 non
802 1742 903 1778 reete
922 1742 1120 1777 voluerunt
1144 1751 1188 1776 ex
1213 1740 1343 1776 eodem
1363 1739 1487 1786 Apoll.
1507 1742 1632 1777 336A:
1659 1740 1741 1776 Αἰο-

216 1797 292 1834 λεῖς
317 1790 386 1828 σὺν
412 1792 462 1827 τῶ
488 1791 535 1828 f·
572 1791 792 1836 morivennam
822 1789 903 1825 ,Ροι
934 1789 1088 1834 κῆνος,
1123 1785 1290 1832 Σαπφώ,
1315 1786 1384 1824 fot
1407 1788 1619 1832 restituere,
1645 1788 1741 1824 alius

218 1841 317 1876 enim
342 1839 406 1874 ille
434 1828 606 1884 Sapphus
633 1839 690 1873 est
706 1848 845 1881 versus,
871 1835 917 1871 of.
939 1835 1086 1880 Catull„
1113 1835 1179 1880 qui
1198 1845 1309 1871 carm.
1329 1834 1377 1870 LI
1396 1835 1489 1870 haec
1515 1835 1643 1871 vertit:
1669 1835 1743 1871 Ille

216 1889 268 1924 mi
280 1898 356 1933 par
375 1897 447 1922 esse
465 1886 543 1920 Deo
561 1886 714 1921 videtur.
735 1905 779 1910 —
800 1883 843 1919 V.
864 1888 897 1918 2.
925 1881 1053 1929 ἔμμεν,
1078 1883 1221 1918 Ahrens
1247 1880 1268 1916 ἕ
1293 1878 1391 1927 μεν’.
1413 1903 1457 1907 -
1483 1879 1593 1927 ὅστις,
1619 1882 1742 1918 Blom-

155 1939 159 1943 ’
217 1935 303 1970 field
330 1931 439 1974 ὄττις.
467 1955 507 1958 —
534 1929 710 1975 ἐναντίος
734 1931 852 1974 codd„
879 1927 1052 1966 ἐναντίον
1086 1930 1209 1975 vulgo.
1289 1929 1433 1965 eterum
1464 1930 1543 1966 cod.
1571 1930 1651 1971 Par.
1679 1926 1742 1975 ἐμ-

217 1980 341 2028 μένων
367 1977 516 2026 ἥροστις
542 1977 714 2019 ἐναντιὸς
738 1975 918 2023 τοιζάνει,
949 1976 1076 2014 Ambr.
1103 1977 1159 2012 El.
1193 1977 1301 2012 Laur.
1331 1976 1416 2012 Vass.
1449 1981 1481 2012 2.
1515 1981 1536 2012 3
1568 1974 1740 2022 ἐμμένων

218 2029 317 2089 {Van
344 2033 376 2063 2.
404 2033 423 2063 3
451 2025 629 2073 ἐμμένον)
655 2023 753 2071 ἥρως
777 2039 831 2066 τις
858 2022 1028 2065 ἐναντίος
1047 2038 1115 2060 τοι.
1136 2044 1180 2049 -
1206 2023 1251 2058 V.
1271 2028 1303 2059 3.
1324 2020 1445 2066 ἰζάνει
1463 2023 1548 2060 Vat.
1568 2027 1602 2067 2,
1627 2023 1741 2069 vulgo

219 2074 356 2121 ιζάνει,
388 2075 584 2110 Blomfield
617 2071 774 2109 ἰσδάνει.
807 2093 853 2099 -
883 2072 1059 2117 πλασίον,
1092 2072 1172 2107 Par.
1204 2069 1441 2107 Ambr..Vat.
1468 2075 1500 2107 2.
1527 2075 1548 2106 3
1574 2071 1743 2116 πλησίον,

218 2123 325 2158 Laur.
352 2123 528 2168 πλησίων.
555 2142 598 2148 --
626 2114 701 2156 ἆὸυ
728 2117 945 2166 φωνεύσας,
971 2119 1084 2163 vulgo
1109 2114 1401 2164 ἁδυφωνεόσας,
1433 2118 1538 2154 Neue
1563 2111 1638 2153 ἆδυ
1665 2131 1743 2162 φω-

221 2172 365 2215 νείσας,
394 2169 477 2204 Vat.
503 2173 524 2206 2
550 2165 625 2204 άὸὺ
654 2165 784 2213 φώνου
805 2171 899 2212 σαῖς,
925 2166 1010 2201 Vat.
1031 2170 1052 2201 3
1072 2162 1245 2210 άδύφων.
1266 2169 1361 2208 σαῖς,
1386 2165 1493 2200 Laur.
1513 2164 1597 2201 Par.
1616 2165 1742 2200 Ambr.

218 2215 400 2264 ἁδύφων·
434 2228 534 2261 σαις,
560 2214 769 2251 Robortelli
794 2210 1088 2258 ἁδυφωνούσας,
1119 2213 1217 2248 unde
1247 2212 1361 2258 vulgo
1386 2209 1671 2258 ἁδυφωνεύσας.
1698 2231 1743 2238 -

221 2266 262 2300 V.
290 2268 322 2300 5.
348 2265 523 2310 γελαίσας
549 2264 750 2298 Buttmann
784 2263 822 2296 eb
846 2262 968 2302 Neue,
999 2261 1114 2306 vulgo
1138 2257 1319 2305 γελῶσας,
1351 2259 1416 2294 sed
1439 2259 1527 2296 vat.
1554 2264 1586 2295 2.
1613 2264 1634 2294 3
1660 2259 1742 2294 Par.

219 2312 330 2347 Laur.
356 2314 491 2356 γελαῖς,
517 2310 641 2346 Ambr.
667 2310 723 2344 El.
749 2309 876 2357 γελᾷς·
903 2305 963 2353 δή,
987 2307 1212 2343 Doederlein
1236 2305 1330 2342 coni.
1355 2306 1419 2341 καὶ
1445 2307 1582 2351 γελᾶϊς.
1609 2326 1652 2332 —
1678 2318 1742 2352 μοι

221 2356 296 2405 μάν
328 2359 516 2403 Hartung,
547 2358 661 2403 vulgo
693 2369 755 2402 μοι
782 2353 874 2401 ’μάν
905 2351 1048 2401 (ἐμάν),
1086 2354 1170 2389 Vat.
1196 2359 1228 2390 2.
1255 2358 1276 2389 3
1303 2354 1385 2389 Par.
1411 2353 1517 2388 Laur.
1548 2351 1598 2399 μὴ
1631 2350 1740 2398 ἐμάν,

222 2406 431 2451 Stephanus
450 2418 514 2450 μοι
532 2403 613 2449 τάν,
640 2404 782 2439 Ahrens
802 2400 848 2448 δὴ
871 2401 977 2448 ἔμαν,
1001 2401 1191 2437 Hermann
1209 2397 1249 2447 μ’
1271 2398 1410 2447 ἄμμαν.
1438 2421 1478 2427 -
1507 2401 1551 2436 V.
1572 2405 1603 2437 6.
1631 2397 1739 2435 ἐπτό-

221 2465 329 2498 ασεν,
361 2453 471 2488 Laur.
504 2464 527 2487 a
556 2464 605 2486 m.
639 2463 710 2487 sec.
743 2447 996 2494 ἐποπτόασεν,
1027 2448 1112 2484 Vat.
1139 2453 1160 2484 2
1192 2451 1406 2492 utrumque,
1438 2446 1644 2484 Robortelli
1676 2444 1741 2482 ἐπ-

223 2497 418 2557 επτόασεν.
447 2520 489 2524 —-
518 2499 560 2534 V.
588 2503 618 2534 7.
647 2495 696 2539 ὡς
720 2495 792 2543 γὰρ
819 2494 948 2532 εὔιᾶον
976 2494 1143 2553 βρκοχέως,
1161 2507 1219 2553 σε,
1252 2493 1383 2540 φώνας
1408 2493 1554 2540 scripsi,
1580 2494 1668 2529 libri
1693 2490 1742 2534 ὥς

222 2560 366 2640 ffibss.)
392 2546 824 2638 ffissvbgvssfiaifffflss?
834 2544 1247 2636 ’φῗέώαξῖωὲθξὲίέῗέἒ
1271 2539 1742 2636 ζΞρἛῗὲὦῗςρρῖζέέζῗὲ

224 2642 371 2686 φωνᾶς,
402 2641 591 2676 Hermann
615 2637 664 2680 ὡς
688 2641 756 2674 ἴδω
788 2636 859 2684 γάρ
893 2650 931 2674 σε
960 2634 1099 2686 βράκε’,
1131 2633 1181 2678 ὥς
1205 2649 1250 2683 με
1277 2637 1427 2681 φωνᾶς,
1459 2635 1602 2675 Abrens
1628 2630 1678 2675 ὥς
1702 2646 1742 2670 σε

223 2687 295 2733 γὰρ
320 2688 438 2732 faho,
466 2687 628 2735 βραχέως
653 2699 696 2732 με
725 2683 864 2730 φώνας,
892 2685 996 2720 Blass
1022 2683 1071 2725 ὡς
1096 2682 1167 2730 γὰρ
1188 2683 1315 2719 εἰσίδω
1336 2679 1474 2731 βρόχε’,
1501 2678 1550 2722 ὥς
1568 2695 1624 2728 με.
1651 2682 1744 2717 Har-

224 2738 318 2781 tung
355 2732 404 2776 ὡς
439 2733 511 2780 γὰρ
549 2732 653 2769 εἶδόν
693 2730 742 2778 6',
781 2730 822 2768 ἐκ
862 2733 1026 2779 βροχίοιο
1061 2732 1174 2777 (quod
1205 2731 1470 2776 interpretatur
1500 2740 1518 2764 e
1547 2729 1743 2773 faucibus).

226 2783 353 2817 Heller
384 2779 432 2823 ὡς
464 2779 535 2827 γὰρ
568 2779 756 2825 gustem,
797 2777 997 2827 βροχέας.
1033 2800 1074 2804 -
1114 2779 1156 2814 V.
1183 2782 1215 2814 8.
1248 2778 1359 2822 εἴκει,
1390 2776 1446 2812 ΕΙ.
1480 2776 1618 2820 (Laut.)
1650 2772 1748 2821 ἥκει,

226 2829 331 2873 Toup
364 2831 446 2864 ἵκει.
480 2850 523 2854 -
556 2828 599 2863 V.
627 2832 659 2864 9.
692 2840 786 2872 καμ,
814 2827 896 2862 vat.
924 2831 956 2862 2.
983 2831 1003 2860 3
1036 2826 1118 2861 Par.
1151 2826 1261 2861 Laur.
1292 2821 1376 2859 κᾶν.
1409 2844 1455 2850 -—
1486 2821 1555 2868 μὲν
1587 2823 1744 2868 γλῶσσα,

225 2875 312 2912 Vat.
333 2879 354 2911 2
380 2877 489 2911 Laur.
517 2888 561 2921 με
588 2876 767 2921 γλῶσσαν.
804 2873 981 2910 Mendose
1006 2873 1206 2908 admodum
1225 2871 1321 2907 Plut.
1342 2871 1388 2906 de
1407 2870 1500 2917 prof.
1527 2869 1614 2916 (vid.
1634 2869 1744 2914 infra)
