1864 3126
226 121 313 163 634
515 123 517 127 ’
801 122 989 158 ΡΟΕΤΑΕ
1015 121 1192 159 MELICI.

965 232 1005 273 2.
1422 234 1441 249 ”

319 307 724 334 υύύυ-υᾼυῌ

319 366 961 394 υύύυ-υΑυ-υιυυ-

319 431 1150 462 Λ--υυμ-Αυυ--νυυ--Ιυυ-

319 491 914 513 υυᾼυυ-υ--Ιυ-υ-

327 559 431 605 Τόδ’
467 559 716 618 ἀνατίθημί
744 574 816 605 σοι
848 560 988 618 ῥόδον

319 630 458 676 καλὸν
490 630 704 689 ἀνάθημα
735 632 809 675 καὶ
841 632 997 676 πέδιλα
1027 631 1100 675 καὶ
1131 632 1296 676 κυνέαν

318 702 391 745 καὶ
424 701 507 746 τὰν
538 700 805 759 θηροφόνον
836 700 1025 759 λογχίδ’,
1064 703 1159 746 ἐπεί
1187 720 1262 759 μοι
1293 701 1400 755 νόος
1431 701 1544 763 ἄλλα
1573 704 1749 761 κέχυται
1776 716 1864 750 1289

320 773 389 817 ἐπὶ
421 771 502 817 τάν
535 772 726 831 Χάρισιν
759 776 896 830 φίλαν
927 772 1065 816 πάϊδα
1095 774 1169 817 καὶ
1199 772 1352 818 καλάν.

901 987 1075 1031 XLVII.

731 1054 1274 1144 οΑεΤοΒΙοῇ

801 1198 883 1230 ΕΙΣ
908 1196 1169 1231 ΔΙΟΝΤΣΟΝ.

967 1281 1002 1323 1.

300 1419 481 1456 ¹--ru..
506 1434 673 1456 ιιιι

316 1503 503 1561 Ἐξόχως
535 1502 576 1547 δ’
612 1503 843 1561 εὐγενέτας
873 1502 1149 1562 ἡλιόμορφος
1181 1505 1354 1558 ζαθέοις

319 1575 470 1633 ἄρχων
503 1588 552 1620 σε
583 1584 728 1632 τιμαῖς
758 1579 964 1634 γεραίρει.

318 1718 377 1755 Fr.
404 1722 437 1754 2.
487 1718 622 1753 Athen.
649 1718 718 1752 XV
744 1721 812 1754 670
832 1718 860 1753 E
896 1717 986 1753 item
1018 1728 1061 1753 ex
1089 1717 1282 1754 clearcho:
1319 1713 1437 1754 Οθεν
1462 1719 1750 1764 Λυκοφρονίδης

222 1763 289 1802 τὸν
317 1763 460 1825 ἐρῶντα
487 1762 634 1801 ἐκεῖνον
661 1763 854 1801 αἰπόλον
882 1762 1032 1810 ἐποίησε
1059 1764 1235 1810 λέγοντα·
1261 1762 1344 1801 τόδ’
1372 1762 1587 1820 ἀνατίθημι
1607 1769 1682 1802 κτλ.
1705 1786 1747 1792 -
1809 1763 1815 1792 ἕ

222 1813 266 1850 V.
297 1818 326 1850 1.
354 1811 480 1859 ρόδον,
505 1812 695 1848 Hermann
722 1809 882 1858 ρόδειον.
908 1833 955 1838 —
980 1812 1024 1848 V.
1051 1816 1072 1847 2
1098 1813 1257 1849 fortasse
1282 1813 1450 1849 trimeter
1473 1812 1655 1849 iambicus
1680 1814 1749 1867 eslf,

222 1861 413 1896 vocalibus
439 1860 734 1895 coalescentibus
752 1859 947 1896 novissimi
966 1860 1140 1895 vocabuli
1159 1859 1312 1896 κυνέαν.
1335 1881 1378 1886 -
1398 1858 1583 1907 ανάθημα
1609 1859 1748 1906 scripsi,

219 1908 334 1952 vulgo
359 1904 502 1952 νόημα,
527 1906 700 1942 Meineke
727 1904 884 1953 ἅνθημα
909 1906 1060 1952 maluit,
1085 1907 1277 1943 Hermann
1301 1908 1438 1954 μνῆμα.
1488 1907 1615 1968 Longe
1641 1908 1750 1944 aliter

220 1956 258 1991 C.
285 1955 343 1990 Fr.
371 1955 578 1998 Hermann,
605 1954 669 1999 qui
693 1954 893 1999 legendum
919 1935 1064 1989 censuil’z
1094 1951 1177 1989 τόδ’
1205 1951 1419 2012 ἀνατίθημί
1439 1967 1498 1991 σοι
1529 1953 1748 2014 ρόπαλον,

222 1999 347 2058 3(vel
371 1996 415 2058 ᾧ)
453 2006 600 2047 νεῐμα
650 2005 691 2037 at
716 2001 762 2038 cf.
788 2001 962 2037 philostr.
988 2000 1054 2036 vit.
1081 2001 1205 2059 Apoll.
1231 2002 1265 2038 V
1293 2006 1352 2038 15.
1385 2000 1435 2043 ὥς
1466 2004 1525 2048 εἴη
1556 2001 1626 2049 μέν
1657 2015 1746 2038 ποτε

221 2047 370 2109 ποιμὴν
388 2046 407 2084 ὁ
434 2050 620 2092 Αἴσωπος,
652 2046 765 2108 νέμοι
786 2047 828 2084 δὲ
854 2046 947 2105 πρὸς
973 2046 1060 2096 ἴερῷ
1082 2045 1221 2095 Ερμοῦ
1251 2079 1258 2086 .
1286 2078 1294 2086 .
1323 2077 1330 2084 .
1356 2046 1376 2085 ὁ
1405 2051 1446 2085 δὲ
1473 2051 1643 2108 Αἴσωπος
1669 2048 1749 2095 ἔχοι

222 2095 290 2153 μὲν
324 2093 461 2138 ου’τως,
493 2093 542 2136 ὡς
573 2094 690 2141 μηδεν
716 2096 789 2131 τῶν
822 2092 1001 2132 τοιούτων
1018 2085 1148 2154 ἔχειν,
1187 2097 1357 2142 φείδοιτο
1396 2095 1438 2133 δὲ
1477 2097 1542 2132 καὶ
1573 2091 1626 2132 ὧν
1658 2095 1734 2133 εἶε

222 2142 412 2201 γάλακτος
433 2141 474 2179 δὲ
501 2140 604 2201 αυτῷ
620 2141 804 2200 σπένδοι,
830 2155 918 2179 οσον
945 2141 1001 2184 οἷς
1018 2135 1258 2202 αμελχθεῖσα
1285 2141 1426 2187 ἐδίδου,
1451 2144 1515 2180 καὶ
1534 2146 1666 2202 κηρίον
1706 2145 1748 2180 πὶ

223 2190 289 2228 τὸν
317 2188 442 2252 βωμὸν
469 2179 592 2235 φέροι,
618 2186 708 2226 όσον
731 2172 804 2236 τὴν
819 2195 925 2251 χεῖρα
947 2188 1143 2248 ἐμπλῆσαι,
1170 2187 1296 2227 ἑστιᾶν
1317 2188 1354 2227 δ’
1377 2189 1493 2228 αὐτὸν
1513 2192 1578 2227 καὶ
1597 2189 1749 2248 μύρτοις

222 2236 319 2296 ᾠέτο
345 2238 408 2274 καὶ
434 2240 624 2282 παραθεὶς
649 2235 697 2273 civ
723 2238 797 2273 τῶν
823 2236 946 2296 ρόδων
972 2234 995 2283 ἢ
1023 2239 1096 2274 τῶν
1121 2239 1190 2273 ἴων
1215 2239 1351 2286 κομιδῇ
1378 2236 1500 2284 ὀλίγα·
1518 2240 1567 2275 τί
1586 2236 1658 2285 γὰρ
1677 2240 1752 2284 δεῖ,

223 2301 250 2321 ω
283 2284 419 2331 Ερμῆ,
465 2284 585 2330 ἔλεγε,
624 2284 835 2329 στεφάνους
871 2284 1022 2321 πλέκειν
1061 2286 1126 2321 καὶ
1159 2282 1313 2332 αμελεῐν
1350 2286 1424 2322 τῶν
1454 2284 1668 2342 προβάτωνς
1702 2308 1746 2313 —

224 2332 368 2369 κυνέαν
393 2332 467 2377 ΑΒ,
495 2331 635 2377 κυνέην
661 2332 771 2377 PVL,
796 2331 867 2368 τὰν
893 2331 1034 2368 κυνέαν
1059 2332 1259 2370 Hermann.
1287 2355 1328 2360 —
1355 2333 1399 2369 V.
1427 2338 1459 2369 3.
1485 2332 1554 2368 τάν
1580 2334 1747 2377 Dindorf‚
1859 2342 1864 2371 ἶ

222 2381 336 2438 vulgo
363 2378 443 2426 τὴν.
471 2400 514 2406 —-
540 2351 633 2429 ἄλλα
667 2378 810 2415 Schwei
814 2381 1011 2426 g,haeuser
1049 2377 1159 2416 ἄλλαι
1183 2379 1288 2425 ΑΒΡ,
1319 2377 1408 2416 ἀλλὰ
1435 2381 1479 2426 V,
1511 2377 1609 2436 αλλῇ
1634 2381 1675 2416 L.
1701 2402 1746 2407 —
1809 2389 1813 2392 ⁴
1860 2377 1864 2400 3

221 2426 375 2473 κέχυται
401 2426 563 2462 Dindorf
585 2438 684 2469 casu,
710 2429 752 2462 ul:
775 2427 934 2472 videtur,
955 2428 1091 2463 omisilz.
1113 2448 1157 2454 ——
1180 2427 1222 2464 V.
1243 2432 1276 2464 4.
1295 2426 1378 2472 Χαρ
1381 2439 1454 2463 ισιν
1480 2428 1623 2474 scripsi,
1647 2429 1748 2475 lege-

222 2476 332 2510 batur
356 2471 504 2532 Χαρισι.
548 2474 720 2510 Meineke
747 2471 835 2511 ἐπεί
855 2488 925 2510 τοι
949 2472 1037 2516 νόος
1061 2472 1169 2521 ἁμῖν
1196 2475 1271 2521 (vel
1296 2442 1405 2522 ἁμὸς)
1431 2474 1587 2522 κέχυται
1612 2472 1675 2512 ἐπὶ
1700 2473 1746 2511 σὲ

221 2520 291 2558 τάν
316 2519 454 2568 Χαρισι
480 2522 605 2566 φίλαν.

318 2627 543 2664 Castorio.
586 2628 645 2664 Fr.
668 2632 699 2663 1.
725 2627 860 2663 Athen.
886 2628 956 2663 XII
976 2631 1043 2664 542
1059 2628 1105 2664 Ε·
1129 2626 1192 2664 Ἐν
1218 2627 1260 2665 δὲ
1286 2629 1330 2676 τῇ
1356 2629 1485 2686 πομπῇ
1510 2629 1584 2664 τῶν
1611 2634 1746 2665 Διονυ-

225 2677 326 2720 σι’,ων
352 2671 403 2733 ᾒν
427 2673 570 2731 ἔστεψεν
598 2673 825 2732 (Δημήτριος
849 2672 869 2711 ὁ
897 2673 1105 2721 Φαληρεὺς)
1131 2689 1256 2722 αρχων
1287 2674 1506 2723 γενόμενος,
1536 2669 1606 2723 ᾖδε
1638 2674 1748 2721 χορὸς

223 2722 276 2763 εἰς
315 2719 432 2758 αὐτὸν
470 2719 662 2768 ποιήματα
699 2721 936 2780 Σειρώμενος
971 2723 1038 2758 τοῦ
1074 2724 1222 2764 Σολέως
1258 2723 1366 2769 (PVL
1398 2703 1580 2769 Σωλέως),
1619 2720 1660 2758 ἐν
1691 2722 1748 2765 οἷς

224 2767 459 2815 ἡλιόμορφος
471 2767 813 2828 προσηγορεύετο·
853 2767 1020 2816 ἐξόχως
1057 2773 1131 2806 κτλ.
1188 2771 1302 2806 Recte
1333 2770 1546 2827 Leopardus
1577 2773 1747 2806 Καστο-

229 2818 392 2859 ρίωνος
422 2817 488 2852 τοῦ
515 2816 673 2857 Σολέως.
725 2817 832 2860 Quod
857 2817 1072 2853 Athenaeus
1097 2817 1246 2863 scripsit
1276 2816 1331 2859 εἰς
1355 2814 1483 2862 αυτὸν,
1513 2817 1747 2871 negligenter

232 2864 378 2899 loeutus
405 2866 478 2908 est,
509 2875 596 2899 nam
623 2866 664 2899 ut
687 2867 789 2900 recte
815 2864 1081 2900 animadvertit
1104 2863 1274 2902 Meineke
1306 2875 1455 2901 carmen
1485 2864 1570 2909 hoc,
1603 2863 1642 2900 in
1672 2875 1745 2911 quo
