1864 3126
796 169 997 207 SAPPno.
1187 159 1190 165 '
1355 211 1361 223 ,
1578 169 1663 212 115

791 278 859 322 78.
891 280 996 333 [44]
1594 290 1662 322 902

224 357 297 405 Σὺ
329 359 379 405 δὲ
410 358 669 417 στεφάνοις,
701 354 736 405 ὦ
768 363 908 414 Δίκα,
940 360 1160 419 περθέσθ’
1196 361 1371 420 ἐράταις
1402 360 1639 419 φόβαισιν,

225 429 421 489 ὅρπακας
451 429 636 488 ἀνήτοιο
668 430 926 490 συνε’ρραισ’
961 431 1175 478 ἀπάλαισι
1207 435 1376 491 χέρσιν·

225 501 470 548 εὐάνθεσιν
502 503 549 547 ἐκ
579 501 666 560 γὰρ
698 504 873 548 πέλεται
904 504 978 548 καὶ
1009 503 1188 562 χάριτος
1218 507 1442 563 μακαιρᾶν

224 576 397 632 μᾶλλον
427 575 664 633 προτέρην·
697 572 1054 633 ἀστεφανώτοισι
1086 574 1128 620 δ’
1164 574 1531 634 ἀπυστρέφονται.

793 684 861 727 79.
895 685 1001 738 [43.]
1594 695 1662 726 903

175 824 177 826 Ι
214 764 333 823 ’Έγω
367 765 416 810 δὲ
447 763 604 823 φίλημ’
639 763 924 823 ἁβροσύναν,
954 769 1034 811 καί
1061 783 1138 824 μοι
1170 802 1179 810 .
1212 801 1221 810 .
1253 801 1263 810 .
1293 765 1344 811 τὸ
1376 766 1580 823 λάμπρον

226 840 327 896 ἔρος
357 873 366 882 .
398 872 408 882 .
439 872 450 882 .
481 835 615 882 ἀελίω
646 836 720 881 καὶ
751 835 801 882 τὸ
834 836 974 882 κάλον
1004 837 1226 896 λέλογχεν.

130 978 196 1015 καὶ
220 976 264 1015 τὸ
290 977 422 1026 εἰρήνη
449 981 593 1026 εἴρηνα.
643 980 790 1016 Nomen
822 980 894 1016 hoc
926 979 1108 1016 muliebre
1139 979 1240 1015 haud
1271 979 1500 1038 infrequens,
1533 980 1597 1016 sed
1623 982 1665 1016 nt

131 1026 281 1063 videtur
305 1027 511 1063 recentiore
531 1027 681 1064 demum
700 1030 868 1073 tempore
893 1027 1092 1063 usitatum:
1117 1027 1237 1073 possis
1258 1027 1441 1063 coniicere
1461 1025 1507 1062 Η
1513 1041 1663 1072 ριννα

130 1074 232 1120 quod
257 1086 392 1111 nomen
417 1075 512 1111 alias
537 1086 683 1122 quoque
709 1075 881 1111 similiter
906 1075 1171 1121 depravatum,
1209 1074 1274 1111 sed
1306 1075 1418 1110 nimis
1451 1076 1521 1110 hoc
1548 1076 1664 1111 ineer-

131 1124 231 1167 tum,
256 1121 385 1168 itaque
411 1123 530 1159 satius
555 1122 643 1158 duxi
667 1122 763 1158 nihil
786 1133 935 1160 novare.

225 1169 285 1206 Fr
306 1173 361 1206 78.
401 1170 535 1206 Athen.
557 1169 625 1206 XV
646 1170 776 1207 674Ε·
802 1166 955 1216 Σαπφώ
983 1166 1020 1205 δ’
1042 1166 1298 1227 ἁπλούστερον
1323 1167 1392 1216 τὴν
1419 1169 1544 1206 αἰτίαν
1570 1167 1664 1206 ἀπο-

131 1217 264 1253 δίδωσι
288 1217 356 1253 τοῦ
381 1218 671 1275 στεφανοῦσθαι
695 1214 811 1271 ἡμᾶς,
837 1218 998 1275 λέγουσα
1024 1214 1133 1253 τάδε·
1160 1214 1219 1253 Σὺ
1245 1215 1287 1253 δὲ
1315 1215 1518 1262 στεφάνοις
1544 1215 1662 1253 ὤδικα

130 1260 328 1312 neceb-{63³
357 1261 409 1310 ἔρ.
436 1278 482 1324 φ.
500 1278 558 1323 ορ.
584 1262 711 1322 ἀνήτω
738 1264 936 1311 συνερραις
950 1261 1216 1323 ἀπαλλαγείσῃ
1243 1265 1312 1310 (sic
1338 1265 1444 1323 Cant.
1471 1266 1519 1310 L,
1545 1262 1662 1301 ἀπαλ-

130 1313 262 1370 λαγίση
290 1313 335 1357 A)
374 1326 406 1358 χ.
440 1309 614 1349 εὖάνθεα
644 1311 716 1359 γὰρ
748 1327 786 1350 π.
818 1312 884 1349 καὶ
914 1310 1063 1359 χάριτες
1099 1313 1167 1356 (sic
1192 1301 1276 1357 AB,
1312 1310 1460 1369 χάριστε
1489 1294 1594 1349 Cant.
1621 1314 1665 1357 L)

130 1373 300 1407 μακαιρα
331 1373 368 1406 μ.
399 1358 612 1407 προτέρηνα
650 1358 825 1406 στεφάνω
856 1365 954 1396 τοῖσι
991 1360 1059 1404 (sic
1090 1360 1139 1418 B,
1177 1358 1450 1417 στεφανώτοισι
1483 1360 1586 1397 Cant.
1620 1362 1665 1406 L)

131 1406 461 1468 δαπυστρέφονται
493 1409 562 1453 (sic
589 1407 694 1445 Cant.
721 1409 768 1452 L,
795 1409 970 1454 ὃεπυστρ.
998 1408 1052 1451 Β).
1097 1405 1158 1449 Ὡς
1190 1404 1471 1454 εὐανθέστερον
1489 1406 1575 1464 γὰρ
1601 1408 1663 1444 καὶ

131 1453 404 1501 κεχαρισμένον
435 1456 576 1514 μᾶλλον
606 1461 684 1497 τοῖς
714 1458 824 1497 θεοῖς
848 1453 1098 1514 παραγγέλλει
1123 1456 1412 1501 στεφανοῦσθαι
1436 1453 1523 1496 τοὺς
1548 1454 1665 1491 θύον-

130 1516 207 1544 τας.
233 1523 278 1529 -
304 1503 347 1540 V.
370 1507 401 1538 1.
428 1497 458 1539 (ὅ
479 1505 579 1539 Δίκα
599 1502 784 1548 Welcker,
809 1501 1002 1560 περθέσθ’
1030 1502 1184 1540 Seidler.
1236 1503 1450 1539 Hermanno
1476 1515 1548 1539 non
1575 1503 1666 1539 satis

131 1550 223 1586 feeit
242 1550 430 1587 Welckeri
455 1551 680 1587 coniectura.
706 1549 836 1610 itaque
862 1565 891 1586 ω
911 1549 1010 1608 ὃέμα
1034 1550 1243 1607 suspicatus
1269 1552 1327 1586 est
1350 1551 1549 1597 legendum
1576 1562 1665 1594 esse,

133 1608 353 1644 comparans
376 1597 622 1655 Resychiunn
657 1612 685 1634 ω
712 1596 826 1645 δέμα,
853 1593 882 1633 ὦ
908 1594 1023 1643 αὐτή,
1055 1598 1122 1633 ubi
1153 1593 1249 1643 αὕτη
1276 1598 1439 1645 corrigit.
1490 1598 1571 1644 Ego
1597 1598 1664 1634 ali-

133 1645 282 1690 quando
315 1645 459 1683 conieci
485 1642 683 1692 Δώριχα,
714 1657 802 1682 nam
833 1646 1019 1692 poetriam
1049 1644 1178 1681 fratris
1209 1646 1368 1681 Charaxi
1400 1645 1558 1681 amicam
1591 1656 1665 1681 non

130 1694 278 1728 tantum
305 1693 533 1730 contumelia
557 1692 726 1730 affecisse
743 1693 834 1739 (vid.
854 1693 897 1730 fr.
921 1695 1015 1739 138),
1041 1692 1108 1730 sed
1133 1693 1264 1730 eadem
1291 1693 1405 1729 etiam
1430 1693 1666 1729 familiariter

131 1751 240 1776 usum
279 1750 358 1777 esse
396 1740 490 1777 mihi
526 1740 656 1777 videor
693 1752 738 1777 ex
767 1740 962 1798 Posidippi
996 1741 1165 1778 versibus
1197 1741 1298 1799 apud
1328 1740 1415 1777 Ath
1442 1741 1527 1776 XIII
1554 1741 1664 1776 5960

132 1787 327 1835 colligere.
361 1790 531 1835 Δωρίχα,
564 1785 678 1825 ὀστέα
709 1787 780 1836 μὲν
812 1785 859 1824 σὰ
891 1787 1010 1824 παλαι
1034 1786 1219 1824 κεκόνισθ
1262 1802 1282 1825 ο
1309 1802 1348 1825 τε
1376 1786 1513 1834 δεσμὸς
1537 1790 1666 1834 χαίτης

204 1836 440 1894 ,Σαπφῷαι
472 1834 514 1872 δὲ
547 1834 703 1883 μένουσι
739 1837 875 1882 φίλης
912 1834 968 1872 ἔτι
1000 1836 1065 1872 καὶ
1100 1834 1300 1893 μενέουσιν
1331 1834 1432 1885 ᾠδῆς
1464 1834 1507 1871 αἱ
1533 1839 1665 1871 λευκαὶ

195 1881 399 1941 εγόμεναι
429 1884 582 1925 σελίδες.
616 1905 660 1910 —-
699 1884 744 1919 V.
770 1887 803 1919 2.
842 1881 1031 1930 ὅρπακας,
1068 1883 1181 1929 vulgo
1214 1881 1393 1929 ὅρπακας.
1427 1904 1470 1910 -
1508 1880 1665 1941 ἀνήτοιο

132 1942 201 1966 συν
225 1927 349 1976 ρραισ’
370 1930 501 1977 scripsi
521 1932 574 1976 (et
591 1927 806 1989 συνέρραισ’
827 1932 942 1968 etiam
963 1931 1319 1989 Schweighaeuser),
1347 1931 1489 1966 Ahrens
1509 1944 1665 1987 ανητοιρ

132 1975 363 2024 συνόρραισᾏ
398 1979 589 2015 Hermann
619 1975 745 2025 ἀνήτω
772 1975 1024 2024 συνεέρραισζ
1059 1978 1230 2015 Meineke
1267 1975 1392 2024 ἀνήτω
1418 1975 1665 2035 συνεΐρραισζ

160 2026 235 2061 uod
260 2025 559 2083 improbandum.
604 2027 686 2062 Huc
711 2026 863 2072 respicit
888 2026 1011 2062 Schol.
1039 2026 1195 2062 Theocr.
1222 2026 1291 2061 VII
1315 2030 1378 2061 63·
1404 2022 1596 2070 ἀνητίνοις
1621 2024 1662 2061 δὲ

132 2036 298 2158 ἓιξὲτῖνὲἕ
322 2070 1158 2177 Ῑσὲἔςρανο’ἓπάῗξιιΞλέἶιεέἳὼῖοιιιὶυεΣέἒιῗεῄίᾒ.
1158 2073 1372 2156 addevpogl.
1387 2073 1665 2174 εξὲνξεῖσιξινὶἐ

132 2164 485 2275 ἷῗᾶξῖἷέῗζῗῑὲζὲἐ.
497 2166 678 2253 ξῖἷῗέίἷ.
672 2169 1066 2262 μῖζῒῗέῗξνῖἕέἶὲἔς
1082 2167 1282 2262 ’,ἱίῗὲῗρηὲν
1301 2166 1664 2259 ἒίῗιὲεἷῐωῖἕῗῗέῗ

133 2267 256 2307 τερεῖν
294 2263 360 2308 τῆς
397 2261 510 2308 ὁδοῦ,
549 2264 642 2308 alim
682 2261 879 2300 ἐκπέλεται
906 2275 1114 2320 componas
1147 2275 1231 2299 cum
1258 2262 1471 2319 Sophocleo
1503 2258 1663 2298 ἐκπέλει.

134 2309 278 2345 Deinde
316 2310 442 2355 recepi
480 2311 689 2347 Casauboni
726 2310 1026 2348 emendationem
1063 2307 1364 2367 ἀστεφανώτοισι
1401 2306 1441 2343 δ’
1481 2305 1663 2365 ἀπυστρέ-

134 2370 299 2414 ερονται,
325 2368 552 2403 quamquam
578 2357 741 2394 insolens
766 2359 823 2394 est
847 2359 1052 2403 structura,
1084 2369 1171 2393 nam
1202 2353 1549 2401 ἀστεφανώτοις
1578 2353 1663 2401 γὰρ

132 2402 442 2450 απυστρέφονται
471 2404 596 2450 potius
626 2404 702 2440 dici
733 2415 756 2441 ο
785 2405 941 2442 ortebat.
991 2406 1132 2441 Locum
1169 2405 1413 2462 depravatum
1453 2402 1517 2438 alii
1554 2402 1666 2439 aliter

134 2462 178 2487 ex
181 2451 310 2498 pedire
335 2451 462 2488 conati
487 2453 586 2496 sunt,
611 2450 715 2488 Neue
736 2449 910 2488 ευάνθεα
929 2450 1000 2498 γὰρ
1020 2452 1084 2488 καὶ
1103 2449 1319 2509 κεχάρισται
1344 2447 1550 2508 μακάρεσσι
1569 2454 1663 2485 τοῖσι

135 2499 293 2535 Μᾶλλον
323 2496 513 2556 upotffzn',
545 2498 690 2535 Seidler
714 2496 886 2536 εὖάνθεα
912 2499 982 2546 μὲν
1007 2498 1080 2546 γὰρ
1105 2513 1142 2534 π.
1170 2494 1385 2555 κευχάριστ’
1415 2494 1453 2538 ἐς
1478 2498 1665 2543 μαχαίρας

135 2546 275 2603 μᾶλλον
301 2544 506 2592 προτόρην,
536 2547 725 2601 Hermann
750 2543 939 2582 εὖανθεΐα
964 2561 997 2593 γ.
1024 2560 1062 2582 π.
1090 2560 1121 2582 κ.
1149 2543 1297 2592 χάριτες
1321 2546 1487 2599 μαχαίρᾳ
1514 2558 1549 2590 μ.
1576 2557 1664 2590 προ-

134 2590 265 2639 τόρην,
297 2593 439 2630 Ahrens
472 2591 646 2630 εὖάνθεα
671 2591 743 2650 γὰρ
769 2594 899 2640 (θεᾶν)
924 2608 962 2630 π.
989 2594 1054 2630 καὶ.
1078 2607 1228 2650 χαριτος
1253 2592 1445 2639 μακαιρᾶν
1471 2605 1508 2637 μ.
1532 2589 1661 2637 προτέ-

135 2654 228 2699 ρην,
256 2622 430 2688 ’flat-tung
461 2637 633 2677 εὖάνθεα
664 2638 736 2686 γὰρ
768 2640 832 2676 καὶ
863 2640 1068 2687 μεμέληται
1099 2638 1258 2685 Χάρισιν
1290 2641 1493 2696 μακαίραις
1523 2639 1663 2684 μᾶλλον

135 2686 312 2771 ποτόρήῖν.
357 2688 463 2726 Blass
488 2689 743 2725 Hermannum
768 2689 947 2734 sequitur,
972 2689 1043 2724 nisi
1069 2688 1169 2733 quod
1194 2687 1258 2722 καὶ
1283 2685 1389 2732 χάρις
1414 2684 1452 2726 ἐς
1477 2686 1681 2732 μακαίρας

136 2746 207 2771 sen
235 2747 266 2772 si

208 2747 372 2821 pFr.''19.
422 2783 557 2821 Athen.
583 2782 651 2818 XV
677 2782 809 2818 68·le
846 2783 969 2818 καίτοι
994 2780 1187 2838 Σαπφω,
1222 2778 1317 2826 γυνὴ
1350 2778 1420 2836 μὲν
1450 2778 1544 2825 πρὸς
1574 2776 1663 2838 ἀλή-

135 2832 253 2866 θειαν
286 2823 380 2867 οὖσα
411 2833 476 2866 καὶ
507 2828 701 2888 ποιήτρια,
727 2843 834 2888 ομως
863 2826 1011 2886 ᾐδέσθη
1043 2826 1085 2864 τὸ
1112 2826 1228 2864 καλὸν
1255 2828 1319 2873 τῆς
1344 2825 1557 2884 ἁβρότητος
1581 2825 1663 2886 ἀφ

137 2880 237 2913 ελεῖν
262 2876 422 2923 λέγουσα
447 2872 539 2914 ὦδε·
562 2874 669 2935 Ἐγώ
695 2875 742 2913 δὲ
770 2873 927 2934 φι”λημ
955 2879 1029 2912 κτλ.
1055 2873 1225 2921 φανερὸν
1250 2876 1412 2911 ποιοῦσα
1430 2876 1546 2911 πᾶσιν
1566 2872 1616 2916 ὥς
1640 2873 1663 2921 ἡ

137 2925 205 2960 τοῦ
231 2925 297 2970 ζῆν
324 2922 511 2971 ἐπιθυμία
536 2923 578 2961 τὸ
604 2922 776 2971 λαμπρὸν
801 2924 865 2959 καὶ
890 2922 931 2959 τὸ
952 2921 1070 2959 καλὸν
1090 2922 1192 2968 εἶχεν
1216 2920 1323 2970 αὐτῇ.
1363 2924 1483 2958 ταῦτα
1503 2920 1541 2957 δ’
1564 2920 1665 2959 ἐστίν

1329 2984 1381 3019 80
