<?xml version="1.0" encoding="UTF-8"?>
<!DOCTYPE html PUBLIC "-//W3C//DTD XHTML 1.0 Transitional//EN"
    "http://www.w3.org/TR/xhtml1/DTD/xhtml1-transitional.dtd">
<html xmlns="http://www.w3.org/1999/xhtml" xml:lang="en" lang="en">
 <head>
  <title>
</title>
<meta http-equiv="Content-Type" content="text/html;charset=utf-8" />
  <meta name='ocr-system' content='tesseract 3.04.00' />
  <meta name='ocr-capabilities' content='ocr_page ocr_carea ocr_par ocr_line ocrx_word'/>
</head>
<body>
  <div class='ocr_page' id='page_1' title='image "./poetaelyricigrae03berguoft_0447.png"; bbox 0 0 1864 3126; ppageno 0'>
   <div class='ocr_carea' id='block_1_1' title="bbox 0 0 162 144">
    <p class='ocr_par' dir='ltr' id='par_1_1' title="bbox 0 0 162 144">
     <span class='ocr_line' id='line_1_1' title="bbox 0 0 162 144; baseline 0 2982"><span class='ocrx_word' id='word_1_1' title='bbox 0 0 162 144; x_wconf 95' lang='lat' dir='ltr'><strong> </strong></span> 
     </span>
    </p>
   </div>
   <div class='ocr_carea' id='block_1_2' title="bbox 765 153 1672 199">
    <p class='ocr_par' dir='ltr' id='par_1_2' title="bbox 765 153 1672 199">
     <span class='ocr_line' id='line_1_2' title="bbox 765 153 1672 199; baseline 0.009 -8"><span class='ocrx_word' id='word_1_2' title='bbox 765 153 1043 193; x_wconf 85' lang='lat' dir='ltr'><strong>SIMONIDES.</strong></span> <span class='ocrx_word' id='word_1_3' title='bbox 1585 156 1672 199; x_wconf 83' lang='lat'><strong>437</strong></span> 
     </span>
    </p>
   </div>
   <div class='ocr_carea' id='block_1_3' title="bbox 124 267 1672 1303">
    <p class='ocr_par' dir='ltr' id='par_1_3' title="bbox 124 267 1672 1303">
     <span class='ocr_line' id='line_1_3' title="bbox 131 267 1671 319; baseline 0.001 -11"><span class='ocrx_word' id='word_1_4' title='bbox 131 268 312 318; x_wconf 71' lang='lat' dir='ltr'><strong>maioris,</strong></span> <span class='ocrx_word' id='word_1_5' title='bbox 340 281 421 309; x_wconf 84' lang='lat' dir='ltr'><strong>non</strong></span> <span class='ocrx_word' id='word_1_6' title='bbox 451 267 628 309; x_wconf 78' lang='lat' dir='ltr'><strong>historici</strong></span> <span class='ocrx_word' id='word_1_7' title='bbox 662 280 750 308; x_wconf 88' lang='lat' dir='ltr'><strong>esse</strong></span> <span class='ocrx_word' id='word_1_8' title='bbox 781 267 1026 312; x_wconf 84' lang='lat' dir='ltr'><strong>confidenter</strong></span> <span class='ocrx_word' id='word_1_9' title='bbox 1056 270 1330 319; x_wconf 76' lang='lat' dir='ltr'><strong>pronuntians.</strong></span> <span class='ocrx_word' id='word_1_10' title='bbox 1380 270 1671 310; x_wconf 85' lang='lat' dir='ltr'><strong>Difficillimum</strong></span> 
     </span>
     <span class='ocr_line' id='line_1_4' title="bbox 133 334 1672 388; baseline 0.001 -14"><span class='ocrx_word' id='word_1_11' title='bbox 133 336 207 385; x_wconf 82' lang='lat' dir='ltr'><strong>est,</strong></span> <span class='ocrx_word' id='word_1_12' title='bbox 240 346 351 384; x_wconf 89' lang='lat' dir='ltr'><strong>eum,</strong></span> <span class='ocrx_word' id='word_1_13' title='bbox 382 334 450 385; x_wconf 88' lang='lat' dir='ltr'><strong>qui</strong></span> <span class='ocrx_word' id='word_1_14' title='bbox 481 334 701 375; x_wconf 85' lang='lat' dir='ltr'><strong>adversarii</strong></span> <span class='ocrx_word' id='word_1_15' title='bbox 738 335 874 384; x_wconf 86' lang='lat' dir='ltr'><strong>partes</strong></span> <span class='ocrx_word' id='word_1_16' title='bbox 913 335 1108 386; x_wconf 79' lang='lat' dir='ltr'><strong>suscepit,</strong></span> <span class='ocrx_word' id='word_1_17' title='bbox 1145 336 1281 375; x_wconf 89' lang='lat' dir='ltr'><strong>iudicii</strong></span> <span class='ocrx_word' id='word_1_18' title='bbox 1319 337 1564 388; x_wconf 69' lang='lat' dir='ltr'><strong>aequitatem</strong></span> <span class='ocrx_word' id='word_1_19' title='bbox 1600 349 1672 387; x_wconf 86' lang='lat' dir='ltr'><strong>per</strong></span> 
     </span>
     <span class='ocr_line' id='line_1_5' title="bbox 132 398 1671 454; baseline 0.002 -15"><span class='ocrx_word' id='word_1_20' title='bbox 132 398 267 439; x_wconf 83' lang='lat' dir='ltr'><strong>omnia</strong></span> <span class='ocrx_word' id='word_1_21' title='bbox 298 411 476 450; x_wconf 85' lang='lat' dir='ltr'><strong>servare,</strong></span> <span class='ocrx_word' id='word_1_22' title='bbox 513 400 582 439; x_wconf 89' lang='lat' dir='ltr'><strong>sed</strong></span> <span class='ocrx_word' id='word_1_23' title='bbox 619 411 748 451; x_wconf 87' lang='lat' dir='ltr'><strong>neque</strong></span> <span class='ocrx_word' id='word_1_24' title='bbox 785 399 1048 439; x_wconf 89' lang='lat' dir='ltr'><strong>eruditionem</strong></span> <span class='ocrx_word' id='word_1_25' title='bbox 1086 412 1214 451; x_wconf 91' lang='lat' dir='ltr'><strong>neque</strong></span> <span class='ocrx_word' id='word_1_26' title='bbox 1252 402 1370 441; x_wconf 90' lang='lat' dir='ltr'><strong>fidem</strong></span> <span class='ocrx_word' id='word_1_27' title='bbox 1414 402 1671 454; x_wconf 74' lang='lat' dir='ltr'><strong>desiderabit,</strong></span> 
     </span>
     <span class='ocr_line' id='line_1_6' title="bbox 131 463 1670 519; baseline 0.003 -15"><span class='ocrx_word' id='word_1_28' title='bbox 131 463 202 516; x_wconf 89' lang='lat' dir='ltr'><strong>qui</strong></span> <span class='ocrx_word' id='word_1_29' title='bbox 245 464 530 516; x_wconf 88' lang='lat' dir='ltr'><strong>circumspecto</strong></span> <span class='ocrx_word' id='word_1_30' title='bbox 574 464 718 505; x_wconf 89' lang='lat' dir='ltr'><strong>iudicio</strong></span> <span class='ocrx_word' id='word_1_31' title='bbox 764 465 1055 504; x_wconf 82' lang='lat' dir='ltr'><strong>examinaverit</strong></span> <span class='ocrx_word' id='word_1_32' title='bbox 1093 466 1287 506; x_wconf 90' lang='lat' dir='ltr'><strong>libellum.</strong></span> <span class='ocrx_word' id='word_1_33' title='bbox 1355 468 1497 519; x_wconf 83' lang='lat' dir='ltr'><strong>Neque</strong></span> <span class='ocrx_word' id='word_1_34' title='bbox 1540 469 1670 508; x_wconf 89' lang='lat' dir='ltr'><strong>malae</strong></span> 
     </span>
     <span class='ocr_line' id='line_1_7' title="bbox 132 529 1669 587; baseline 0.003 -18"><span class='ocrx_word' id='word_1_35' title='bbox 132 529 286 570; x_wconf 77' lang='lat' dir='ltr'><strong>fraudis</strong></span> <span class='ocrx_word' id='word_1_36' title='bbox 319 531 493 581; x_wconf 87' lang='lat' dir='ltr'><strong>suspicio</strong></span> <span class='ocrx_word' id='word_1_37' title='bbox 528 531 635 571; x_wconf 90' lang='lat' dir='ltr'><strong>cadit</strong></span> <span class='ocrx_word' id='word_1_38' title='bbox 659 531 701 570; x_wconf 89' lang='lat' dir='ltr'><strong>in</strong></span> <span class='ocrx_word' id='word_1_39' title='bbox 726 529 1022 570; x_wconf 84' lang='lat' dir='ltr'><strong>Corinthiacam</strong></span> <span class='ocrx_word' id='word_1_40' title='bbox 1050 532 1283 587; x_wconf 85' lang='lat' dir='ltr'><strong>orationem,</strong></span> <span class='ocrx_word' id='word_1_41' title='bbox 1310 545 1430 583; x_wconf 90' lang='lat' dir='ltr'><strong>quam</strong></span> <span class='ocrx_word' id='word_1_42' title='bbox 1455 534 1669 584; x_wconf 80' lang='lat' dir='ltr'><strong>Emporius</strong></span> 
     </span>
     <span class='ocr_line' id='line_1_8' title="bbox 131 595 1670 647; baseline 0.001 -12"><span class='ocrx_word' id='word_1_43' title='bbox 131 607 206 636; x_wconf 87' lang='lat' dir='ltr'><strong>suo</strong></span> <span class='ocrx_word' id='word_1_44' title='bbox 237 595 323 636; x_wconf 91' lang='lat' dir='ltr'><strong>iure</strong></span> <span class='ocrx_word' id='word_1_45' title='bbox 356 597 520 647; x_wconf 87' lang='lat' dir='ltr'><strong>negavit</strong></span> <span class='ocrx_word' id='word_1_46' title='bbox 549 597 690 637; x_wconf 89' lang='lat' dir='ltr'><strong>Dionis</strong></span> <span class='ocrx_word' id='word_1_47' title='bbox 722 608 830 645; x_wconf 90' lang='lat' dir='ltr'><strong>esse,</strong></span> <span class='ocrx_word' id='word_1_48' title='bbox 862 595 932 635; x_wconf 87' lang='lat' dir='ltr'><strong>sed</strong></span> <span class='ocrx_word' id='word_1_49' title='bbox 964 596 1071 647; x_wconf 90' lang='lat' dir='ltr'><strong>quod</strong></span> <span class='ocrx_word' id='word_1_50' title='bbox 1103 597 1302 637; x_wconf 86' lang='lat' dir='ltr'><strong>Favorino</strong></span> <span class='ocrx_word' id='word_1_51' title='bbox 1333 598 1538 647; x_wconf 84' lang='lat' dir='ltr'><strong>attribuit,</strong></span> <span class='ocrx_word' id='word_1_52' title='bbox 1570 598 1670 637; x_wconf 89' lang='lat' dir='ltr'><strong>mihi</strong></span> 
     </span>
     <span class='ocr_line' id='line_1_9' title="bbox 129 660 1668 715; baseline 0.001 -14"><span class='ocrx_word' id='word_1_53' title='bbox 129 660 291 712; x_wconf 86' lang='lat' dir='ltr'><strong>quidem</strong></span> <span class='ocrx_word' id='word_1_54' title='bbox 322 674 402 701; x_wconf 90' lang='lat' dir='ltr'><strong>non</strong></span> <span class='ocrx_word' id='word_1_55' title='bbox 433 662 644 713; x_wconf 79' lang='lat' dir='ltr'><strong>persuasit.</strong></span> <span class='ocrx_word' id='word_1_56' title='bbox 706 662 846 712; x_wconf 88' lang='lat' dir='ltr'><strong>Neque</strong></span> <span class='ocrx_word' id='word_1_57' title='bbox 871 661 976 700; x_wconf 87' lang='lat' dir='ltr'><strong>alter</strong></span> <span class='ocrx_word' id='word_1_58' title='bbox 1001 662 1170 702; x_wconf 88' lang='lat' dir='ltr'><strong>alterius</strong></span> <span class='ocrx_word' id='word_1_59' title='bbox 1196 663 1300 702; x_wconf 89' lang='lat' dir='ltr'><strong>libro</strong></span> <span class='ocrx_word' id='word_1_60' title='bbox 1327 676 1423 703; x_wconf 90' lang='lat' dir='ltr'><strong>usus</strong></span> <span class='ocrx_word' id='word_1_61' title='bbox 1450 666 1531 715; x_wconf 70' lang='lat' dir='ltr'><strong>est,</strong></span> <span class='ocrx_word' id='word_1_62' title='bbox 1562 665 1668 714; x_wconf 92' lang='lat' dir='ltr'><strong>quod</strong></span> 
     </span>
     <span class='ocr_line' id='line_1_10' title="bbox 130 726 1668 778; baseline 0.001 -12"><span class='ocrx_word' id='word_1_63' title='bbox 130 726 319 767; x_wconf 76' lang='lat' dir='ltr'><strong>dictitant</strong></span> <span class='ocrx_word' id='word_1_64' title='bbox 358 730 617 777; x_wconf 87' lang='lat' dir='ltr'><strong>personatum</strong></span> <span class='ocrx_word' id='word_1_65' title='bbox 659 726 828 766; x_wconf 90' lang='lat' dir='ltr'><strong>Dionem</strong></span> <span class='ocrx_word' id='word_1_66' title='bbox 872 726 1164 778; x_wconf 84' lang='lat' dir='ltr'><strong>epigrammata</strong></span> <span class='ocrx_word' id='word_1_67' title='bbox 1201 741 1248 767; x_wconf 85' lang='lat' dir='ltr'><strong>ex</strong></span> <span class='ocrx_word' id='word_1_68' title='bbox 1285 728 1495 768; x_wconf 84' lang='lat' dir='ltr'><strong>Plutarchi</strong></span> <span class='ocrx_word' id='word_1_69' title='bbox 1531 729 1668 769; x_wconf 89' lang='lat' dir='ltr'><strong>libello</strong></span> 
     </span>
     <span class='ocr_line' id='line_1_11' title="bbox 129 791 1669 844; baseline 0.002 -13"><span class='ocrx_word' id='word_1_70' title='bbox 129 792 311 843; x_wconf 80' lang='lat' dir='ltr'><strong>petiisse,</strong></span> <span class='ocrx_word' id='word_1_71' title='bbox 361 804 464 844; x_wconf 87' lang='lat' dir='ltr'><strong>nego</strong></span> <span class='ocrx_word' id='word_1_72' title='bbox 508 805 554 832; x_wconf 88' lang='lat' dir='ltr'><strong>ac</strong></span> <span class='ocrx_word' id='word_1_73' title='bbox 602 804 798 843; x_wconf 85' lang='lat' dir='ltr'><strong>pernego:</strong></span> <span class='ocrx_word' id='word_1_74' title='bbox 849 791 987 831; x_wconf 81' lang='lat' dir='ltr'><strong>obstat</strong></span> <span class='ocrx_word' id='word_1_75' title='bbox 1042 792 1135 834; x_wconf 90' lang='lat' dir='ltr'><strong>huic</strong></span> <span class='ocrx_word' id='word_1_76' title='bbox 1185 794 1360 844; x_wconf 91' lang='lat' dir='ltr'><strong>opinioni</strong></span> <span class='ocrx_word' id='word_1_77' title='bbox 1409 808 1489 834; x_wconf 88' lang='lat' dir='ltr'><strong>non</strong></span> <span class='ocrx_word' id='word_1_78' title='bbox 1538 795 1669 834; x_wconf 86' lang='lat' dir='ltr'><strong>solum</strong></span> 
     </span>
     <span class='ocr_line' id='line_1_12' title="bbox 128 858 1669 910; baseline 0.001 -13"><span class='ocrx_word' id='word_1_79' title='bbox 128 858 299 908; x_wconf 83' lang='lat' dir='ltr'><strong>insignis</strong></span> <span class='ocrx_word' id='word_1_80' title='bbox 341 858 564 908; x_wconf 88' lang='lat' dir='ltr'><strong>scripturae</strong></span> <span class='ocrx_word' id='word_1_81' title='bbox 606 858 800 908; x_wconf 85' lang='lat' dir='ltr'><strong>varietas,</strong></span> <span class='ocrx_word' id='word_1_82' title='bbox 842 869 965 908; x_wconf 88' lang='lat' dir='ltr'><strong>quam</strong></span> <span class='ocrx_word' id='word_1_83' title='bbox 1007 859 1160 909; x_wconf 87' lang='lat' dir='ltr'><strong>passim</strong></span> <span class='ocrx_word' id='word_1_84' title='bbox 1202 860 1554 910; x_wconf 84' lang='lat' dir='ltr'><strong>deprehendimus,</strong></span> <span class='ocrx_word' id='word_1_85' title='bbox 1599 860 1669 899; x_wconf 89' lang='lat' dir='ltr'><strong>sed</strong></span> 
     </span>
     <span class='ocr_line' id='line_1_13' title="bbox 129 922 1668 977; baseline 0.002 -15"><span class='ocrx_word' id='word_1_86' title='bbox 129 922 312 962; x_wconf 84' lang='lat' dir='ltr'><strong>etiamid</strong></span> <span class='ocrx_word' id='word_1_87' title='bbox 330 923 437 973; x_wconf 90' lang='lat' dir='ltr'><strong>quod</strong></span> <span class='ocrx_word' id='word_1_88' title='bbox 458 923 638 973; x_wconf 85' lang='lat' dir='ltr'><strong>sophista</strong></span> <span class='ocrx_word' id='word_1_89' title='bbox 657 922 853 962; x_wconf 86' lang='lat' dir='ltr'><strong>Simonidi</strong></span> <span class='ocrx_word' id='word_1_90' title='bbox 877 923 1066 964; x_wconf 86' lang='lat' dir='ltr'><strong>attribuit</strong></span> <span class='ocrx_word' id='word_1_91' title='bbox 1097 926 1293 976; x_wconf 88' lang='lat' dir='ltr'><strong>carmina,</strong></span> <span class='ocrx_word' id='word_1_92' title='bbox 1325 938 1428 977; x_wconf 86' lang='lat' dir='ltr'><strong>quae</strong></span> <span class='ocrx_word' id='word_1_93' title='bbox 1460 926 1545 965; x_wconf 85' lang='lat' dir='ltr'><strong>sine</strong></span> <span class='ocrx_word' id='word_1_94' title='bbox 1576 938 1668 975; x_wconf 91' lang='lat' dir='ltr'><strong>poe—</strong></span> 
     </span>
     <span class='ocr_line' id='line_1_14' title="bbox 128 984 1668 1042; baseline 0.002 -15"><span class='ocrx_word' id='word_1_95' title='bbox 128 991 194 1028; x_wconf 83' lang='lat' dir='ltr'><strong>tae</strong></span> <span class='ocrx_word' id='word_1_96' title='bbox 224 987 384 1027; x_wconf 87' lang='lat' dir='ltr'><strong>nomine</strong></span> <span class='ocrx_word' id='word_1_97' title='bbox 415 988 599 1028; x_wconf 84' lang='lat' dir='ltr'><strong>adhibuit</strong></span> <span class='ocrx_word' id='word_1_98' title='bbox 631 984 935 1041; x_wconf 79' lang='lat' dir='ltr'><strong>PlutarchuS.*)</strong></span> <span class='ocrx_word' id='word_1_99' title='bbox 993 990 1099 1030; x_wconf 89' lang='lat' dir='ltr'><strong>Usus</strong></span> <span class='ocrx_word' id='word_1_100' title='bbox 1126 993 1189 1030; x_wconf 88' lang='lat' dir='ltr'><strong>est</strong></span> <span class='ocrx_word' id='word_1_101' title='bbox 1214 994 1383 1042; x_wconf 85' lang='lat' dir='ltr'><strong>uterque</strong></span> <span class='ocrx_word' id='word_1_102' title='bbox 1409 991 1584 1031; x_wconf 87' lang='lat' dir='ltr'><strong>editione</strong></span> <span class='ocrx_word' id='word_1_103' title='bbox 1610 990 1668 1030; x_wconf 80' lang='lat' dir='ltr'><strong>Si-</strong></span> 
     </span>
     <span class='ocr_line' id='line_1_15' title="bbox 127 1052 1668 1108; baseline 0.003 -16"><span class='ocrx_word' id='word_1_104' title='bbox 127 1052 405 1093; x_wconf 89' lang='lat' dir='ltr'><strong>monideorum</strong></span> <span class='ocrx_word' id='word_1_105' title='bbox 435 1053 674 1103; x_wconf 84' lang='lat' dir='ltr'><strong>carminum3</strong></span> <span class='ocrx_word' id='word_1_106' title='bbox 706 1054 812 1104; x_wconf 91' lang='lat' dir='ltr'><strong>quod</strong></span> <span class='ocrx_word' id='word_1_107' title='bbox 844 1054 878 1093; x_wconf 89' lang='lat' dir='ltr'><strong>si</strong></span> <span class='ocrx_word' id='word_1_108' title='bbox 911 1054 1044 1095; x_wconf 86' lang='lat' dir='ltr'><strong>aliena</strong></span> <span class='ocrx_word' id='word_1_109' title='bbox 1075 1057 1372 1108; x_wconf 88' lang='lat' dir='ltr'><strong>epigrammata</strong></span> <span class='ocrx_word' id='word_1_110' title='bbox 1401 1057 1443 1096; x_wconf 88' lang='lat' dir='ltr'><strong>in</strong></span> <span class='ocrx_word' id='word_1_111' title='bbox 1475 1058 1577 1097; x_wconf 89' lang='lat' dir='ltr'><strong>hanc</strong></span> <span class='ocrx_word' id='word_1_112' title='bbox 1608 1070 1668 1097; x_wconf 86' lang='lat' dir='ltr'><strong>re-</strong></span> 
     </span>
     <span class='ocr_line' id='line_1_16' title="bbox 127 1119 1668 1175; baseline 0.002 -16"><span class='ocrx_word' id='word_1_113' title='bbox 127 1122 244 1170; x_wconf 85' lang='lat' dir='ltr'><strong>cepta</strong></span> <span class='ocrx_word' id='word_1_114' title='bbox 273 1120 454 1170; x_wconf 88' lang='lat' dir='ltr'><strong>fuerunt,</strong></span> <span class='ocrx_word' id='word_1_115' title='bbox 485 1119 616 1158; x_wconf 89' lang='lat' dir='ltr'><strong>malae</strong></span> <span class='ocrx_word' id='word_1_116' title='bbox 641 1119 796 1159; x_wconf 86' lang='lat' dir='ltr'><strong>fraudis</strong></span> <span class='ocrx_word' id='word_1_117' title='bbox 822 1132 952 1170; x_wconf 88' lang='lat' dir='ltr'><strong>neque</strong></span> <span class='ocrx_word' id='word_1_118' title='bbox 978 1133 1064 1172; x_wconf 91' lang='lat' dir='ltr'><strong>eos,</strong></span> <span class='ocrx_word' id='word_1_119' title='bbox 1097 1122 1166 1172; x_wconf 89' lang='lat' dir='ltr'><strong>qui</strong></span> <span class='ocrx_word' id='word_1_120' title='bbox 1196 1122 1317 1172; x_wconf 90' lang='lat' dir='ltr'><strong>primi</strong></span> <span class='ocrx_word' id='word_1_121' title='bbox 1349 1123 1450 1162; x_wconf 88' lang='lat' dir='ltr'><strong>hanc</strong></span> <span class='ocrx_word' id='word_1_122' title='bbox 1483 1124 1668 1175; x_wconf 86' lang='lat' dir='ltr'><strong>syllogen</strong></span> 
     </span>
     <span class='ocr_line' id='line_1_17' title="bbox 126 1184 1666 1237; baseline 0.003 -13"><span class='ocrx_word' id='word_1_123' title='bbox 126 1184 400 1234; x_wconf 84' lang='lat' dir='ltr'><strong>condiderunt,</strong></span> <span class='ocrx_word' id='word_1_124' title='bbox 433 1185 580 1225; x_wconf 89' lang='lat' dir='ltr'><strong>nedum</strong></span> <span class='ocrx_word' id='word_1_125' title='bbox 611 1198 680 1225; x_wconf 90' lang='lat' dir='ltr'><strong>eos</strong></span> <span class='ocrx_word' id='word_1_126' title='bbox 697 1185 1042 1237; x_wconf 60' lang='lat' dir='ltr'><strong>insimulabimus,</strong></span> <span class='ocrx_word' id='word_1_127' title='bbox 1075 1187 1144 1237; x_wconf 91' lang='lat' dir='ltr'><strong>qui</strong></span> <span class='ocrx_word' id='word_1_128' title='bbox 1174 1187 1238 1226; x_wconf 87' lang='lat' dir='ltr'><strong>his</strong></span> <span class='ocrx_word' id='word_1_129' title='bbox 1270 1188 1502 1228; x_wconf 87' lang='lat' dir='ltr'><strong>auctoribus</strong></span> <span class='ocrx_word' id='word_1_130' title='bbox 1528 1188 1666 1228; x_wconf 88' lang='lat' dir='ltr'><strong>confisi</strong></span> 
     </span>
     <span class='ocr_line' id='line_1_18' title="bbox 124 1250 1532 1303; baseline 0.003 -13"><span class='ocrx_word' id='word_1_131' title='bbox 124 1250 339 1291; x_wconf 86' lang='lat' dir='ltr'><strong>subditicia</strong></span> <span class='ocrx_word' id='word_1_132' title='bbox 368 1251 522 1302; x_wconf 91' lang='lat' dir='ltr'><strong>pariter</strong></span> <span class='ocrx_word' id='word_1_133' title='bbox 556 1252 678 1302; x_wconf 89' lang='lat' dir='ltr'><strong>atque</strong></span> <span class='ocrx_word' id='word_1_134' title='bbox 710 1264 905 1303; x_wconf 87' lang='lat' dir='ltr'><strong>germana</strong></span> <span class='ocrx_word' id='word_1_135' title='bbox 934 1252 1157 1292; x_wconf 86' lang='lat' dir='ltr'><strong>testimonii</strong></span> <span class='ocrx_word' id='word_1_136' title='bbox 1188 1253 1279 1292; x_wconf 90' lang='lat' dir='ltr'><strong>loco</strong></span> <span class='ocrx_word' id='word_1_137' title='bbox 1307 1253 1532 1303; x_wconf 86' lang='lat' dir='ltr'><strong>proferunt.</strong></span> 
     </span>
    </p>
   </div>
   <div class='ocr_carea' id='block_1_4' title="bbox 863 1403 918 1446">
    <p class='ocr_par' dir='ltr' id='par_1_4' title="bbox 863 1403 918 1446">
     <span class='ocr_line' id='line_1_19' title="bbox 863 1403 918 1446; baseline 0.036 -2"><span class='ocrx_word' id='word_1_138' title='bbox 863 1403 918 1446; x_wconf 89' lang='lat'><strong>·4.</strong></span> 
     </span>
    </p>
   </div>
   <div class='ocr_carea' id='block_1_5' title="bbox 122 1495 1667 2140">
    <p class='ocr_par' dir='ltr' id='par_1_5' title="bbox 122 1495 1667 2140">
     <span class='ocr_line' id='line_1_20' title="bbox 246 1495 1666 1550; baseline 0.003 -15"><span class='ocrx_word' id='word_1_139' title='bbox 246 1495 441 1536; x_wconf 88' lang='lat' dir='ltr'><strong>Simonidi</strong></span> <span class='ocrx_word' id='word_1_140' title='bbox 471 1497 751 1536; x_wconf 87' lang='lat' dir='ltr'><strong>attribuuntur</strong></span> <span class='ocrx_word' id='word_1_141' title='bbox 781 1496 863 1536; x_wconf 87' lang='lat' dir='ltr'><strong>tria</strong></span> <span class='ocrx_word' id='word_1_142' title='bbox 894 1497 1025 1548; x_wconf 89' lang='lat' dir='ltr'><strong>elogia</strong></span> <span class='ocrx_word' id='word_1_143' title='bbox 1063 1497 1157 1548; x_wconf 89' lang='lat' dir='ltr'><strong>pilis</strong></span> <span class='ocrx_word' id='word_1_144' title='bbox 1190 1498 1285 1538; x_wconf 90' lang='lat' dir='ltr'><strong>olim</strong></span> <span class='ocrx_word' id='word_1_145' title='bbox 1315 1499 1511 1549; x_wconf 89' lang='lat' dir='ltr'><strong>inscripta</strong></span> <span class='ocrx_word' id='word_1_146' title='bbox 1542 1511 1666 1550; x_wconf 90' lang='lat' dir='ltr'><strong>prope</strong></span> 
     </span>
     <span class='ocr_line' id='line_1_21' title="bbox 125 1561 1666 1616; baseline 0.003 -16"><span class='ocrx_word' id='word_1_147' title='bbox 125 1561 417 1613; x_wconf 84' lang='lat' dir='ltr'><strong>Thermopylas</strong></span> <span class='ocrx_word' id='word_1_148' title='bbox 454 1563 497 1602; x_wconf 90' lang='lat' dir='ltr'><strong>in</strong></span> <span class='ocrx_word' id='word_1_149' title='bbox 526 1563 761 1602; x_wconf 87' lang='lat' dir='ltr'><strong>memoriam</strong></span> <span class='ocrx_word' id='word_1_150' title='bbox 793 1561 1194 1612; x_wconf 86' lang='lat' dir='ltr'><strong>Peloponnesiorum,</strong></span> <span class='ocrx_word' id='word_1_151' title='bbox 1231 1564 1543 1616; x_wconf 86' lang='lat' dir='ltr'><strong>Spartanorum,</strong></span> <span class='ocrx_word' id='word_1_152' title='bbox 1585 1565 1666 1604; x_wconf 88' lang='lat' dir='ltr'><strong>Me-</strong></span> 
     </span>
     <span class='ocr_line' id='line_1_22' title="bbox 123 1623 1666 1682; baseline 0.002 -16"><span class='ocrx_word' id='word_1_153' title='bbox 123 1627 271 1678; x_wconf 84' lang='lat' dir='ltr'><strong>gistiae</strong></span> <span class='ocrx_word' id='word_1_154' title='bbox 300 1628 407 1668; x_wconf 88' lang='lat' dir='ltr'><strong>vatis</strong></span> <span class='ocrx_word' id='word_1_155' title='bbox 441 1623 608 1682; x_wconf 86' lang='lat' dir='ltr'><strong>(Simon.</strong></span> <span class='ocrx_word' id='word_1_156' title='bbox 634 1641 695 1679; x_wconf 89' lang='lat' dir='ltr'><strong>ep.</strong></span> <span class='ocrx_word' id='word_1_157' title='bbox 724 1630 790 1679; x_wconf 88' lang='lat'><strong>91,</strong></span> <span class='ocrx_word' id='word_1_158' title='bbox 819 1629 887 1677; x_wconf 83' lang='lat'><strong>92,</strong></span> <span class='ocrx_word' id='word_1_159' title='bbox 915 1625 1003 1679; x_wconf 90' lang='grc'>94),</span> <span class='ocrx_word' id='word_1_160' title='bbox 1034 1641 1162 1679; x_wconf 87' lang='lat' dir='ltr'><strong>neque</strong></span> <span class='ocrx_word' id='word_1_161' title='bbox 1194 1630 1405 1680; x_wconf 87' lang='lat' dir='ltr'><strong>quisquam</strong></span> <span class='ocrx_word' id='word_1_162' title='bbox 1437 1630 1666 1669; x_wconf 87' lang='lat' dir='ltr'><strong>criticorum</strong></span> 
     </span>
     <span class='ocr_line' id='line_1_23' title="bbox 124 1693 1667 1744; baseline 0.002 -12"><span class='ocrx_word' id='word_1_163' title='bbox 124 1705 246 1732; x_wconf 87' lang='lat' dir='ltr'><strong>ausus</strong></span> <span class='ocrx_word' id='word_1_164' title='bbox 278 1695 341 1732; x_wconf 88' lang='lat' dir='ltr'><strong>est</strong></span> <span class='ocrx_word' id='word_1_165' title='bbox 365 1695 527 1743; x_wconf 90' lang='lat' dir='ltr'><strong>poetam</strong></span> <span class='ocrx_word' id='word_1_166' title='bbox 553 1693 600 1732; x_wconf 86' lang='lat' dir='ltr'><strong>dc</strong></span> <span class='ocrx_word' id='word_1_167' title='bbox 626 1693 880 1744; x_wconf 87' lang='lat' dir='ltr'><strong>possessione</strong></span> <span class='ocrx_word' id='word_1_168' title='bbox 900 1693 1087 1734; x_wconf 87' lang='lat' dir='ltr'><strong>deiicere:</strong></span> <span class='ocrx_word' id='word_1_169' title='bbox 1119 1695 1229 1735; x_wconf 88' lang='lat' dir='ltr'><strong>solus</strong></span> <span class='ocrx_word' id='word_1_170' title='bbox 1252 1695 1396 1734; x_wconf 85' lang='lat' dir='ltr'><strong>Kaibel</strong></span> <span class='ocrx_word' id='word_1_171' title='bbox 1421 1696 1667 1735; x_wconf 88' lang='lat' dir='ltr'><strong>confidenter</strong></span> 
     </span>
     <span class='ocr_line' id='line_1_24' title="bbox 124 1758 1665 1810; baseline 0.003 -13"><span class='ocrx_word' id='word_1_172' title='bbox 124 1758 293 1810; x_wconf 84' lang='lat' dir='ltr'><strong>derogat</strong></span> <span class='ocrx_word' id='word_1_173' title='bbox 324 1758 519 1798; x_wconf 87' lang='lat' dir='ltr'><strong>Simonidi</strong></span> <span class='ocrx_word' id='word_1_174' title='bbox 555 1772 616 1809; x_wconf 90' lang='lat' dir='ltr'><strong>ep.</strong></span> <span class='ocrx_word' id='word_1_175' title='bbox 651 1761 702 1798; x_wconf 88' lang='lat'><strong>91</strong></span> <span class='ocrx_word' id='word_1_176' title='bbox 744 1762 786 1798; x_wconf 93' lang='lat' dir='ltr'><strong>et</strong></span> <span class='ocrx_word' id='word_1_177' title='bbox 817 1761 892 1810; x_wconf 85' lang='lat'><strong>92,</strong></span> <span class='ocrx_word' id='word_1_178' title='bbox 930 1759 1108 1799; x_wconf 85' lang='lat' dir='ltr'><strong>incertae</strong></span> <span class='ocrx_word' id='word_1_179' title='bbox 1151 1760 1366 1800; x_wconf 85' lang='lat' dir='ltr'><strong>admodum</strong></span> <span class='ocrx_word' id='word_1_180' title='bbox 1410 1761 1665 1801; x_wconf 83' lang='lat' dir='ltr'><strong>auctoritatis</strong></span> 
     </span>
     <span class='ocr_line' id='line_1_25' title="bbox 124 1823 1665 1876; baseline 0.002 -13"><span class='ocrx_word' id='word_1_181' title='bbox 124 1837 184 1875; x_wconf 89' lang='lat' dir='ltr'><strong>ep.</strong></span> <span class='ocrx_word' id='word_1_182' title='bbox 218 1826 274 1864; x_wconf 84' lang='lat'><strong>94</strong></span> <span class='ocrx_word' id='word_1_183' title='bbox 307 1837 394 1864; x_wconf 89' lang='lat' dir='ltr'><strong>esse</strong></span> <span class='ocrx_word' id='word_1_184' title='bbox 426 1823 650 1874; x_wconf 88' lang='lat' dir='ltr'><strong>contendit,</strong></span> <span class='ocrx_word' id='word_1_185' title='bbox 694 1827 858 1864; x_wconf 85' lang='lat' dir='ltr'><strong>auctore</strong></span> <span class='ocrx_word' id='word_1_186' title='bbox 895 1837 991 1863; x_wconf 86' lang='lat' dir='ltr'><strong>usus</strong></span> <span class='ocrx_word' id='word_1_187' title='bbox 1024 1825 1248 1876; x_wconf 89' lang='lat' dir='ltr'><strong>Herodoto,</strong></span> <span class='ocrx_word' id='word_1_188' title='bbox 1294 1826 1362 1876; x_wconf 92' lang='lat' dir='ltr'><strong>qui</strong></span> <span class='ocrx_word' id='word_1_189' title='bbox 1402 1826 1665 1876; x_wconf 81' lang='lat' dir='ltr'><strong>gravissimus</strong></span> 
     </span>
     <span class='ocr_line' id='line_1_26' title="bbox 123 1890 1666 1943; baseline 0.002 -15"><span class='ocrx_word' id='word_1_190' title='bbox 123 1891 186 1928; x_wconf 86' lang='lat' dir='ltr'><strong>est</strong></span> <span class='ocrx_word' id='word_1_191' title='bbox 217 1890 349 1940; x_wconf 83' lang='lat' dir='ltr'><strong>testis3</strong></span> <span class='ocrx_word' id='word_1_192' title='bbox 390 1902 484 1929; x_wconf 90' lang='lat' dir='ltr'><strong>nam</strong></span> <span class='ocrx_word' id='word_1_193' title='bbox 515 1891 638 1929; x_wconf 88' lang='lat' dir='ltr'><strong>ceteri</strong></span> <span class='ocrx_word' id='word_1_194' title='bbox 674 1890 820 1930; x_wconf 90' lang='lat' dir='ltr'><strong>novicii</strong></span> <span class='ocrx_word' id='word_1_195' title='bbox 858 1891 962 1930; x_wconf 89' lang='lat' dir='ltr'><strong>sunt.</strong></span> <span class='ocrx_word' id='word_1_196' title='bbox 1031 1890 1259 1931; x_wconf 85' lang='lat' dir='ltr'><strong>Herodotus</strong></span> <span class='ocrx_word' id='word_1_197' title='bbox 1303 1891 1372 1930; x_wconf 94' lang='lat' dir='ltr'><strong>ubi</strong></span> <span class='ocrx_word' id='word_1_198' title='bbox 1417 1891 1496 1930; x_wconf 84' lang='lat' dir='ltr'><strong>tria</strong></span> <span class='ocrx_word' id='word_1_199' title='bbox 1533 1892 1666 1943; x_wconf 86' lang='lat' dir='ltr'><strong>elogia</strong></span> 
     </span>
     <span class='ocr_line' id='line_1_27' title="bbox 123 1950 1664 2011; baseline 0.003 -18"><span class='ocrx_word' id='word_1_200' title='bbox 123 1954 354 2006; x_wconf 86' lang='lat' dir='ltr'><strong>adscripsit,</strong></span> <span class='ocrx_word' id='word_1_201' title='bbox 392 1956 491 1995; x_wconf 87' lang='lat' dir='ltr'><strong>haec</strong></span> <span class='ocrx_word' id='word_1_202' title='bbox 522 1955 651 1995; x_wconf 88' lang='lat' dir='ltr'><strong>addit:</strong></span> <span class='ocrx_word' id='word_1_203' title='bbox 696 1950 958 2008; x_wconf 76' lang='grc' dir='ltr'><em>ἐπιγράμμασι</em></span> <span class='ocrx_word' id='word_1_204' title='bbox 1001 1953 1073 2008; x_wconf 77' lang='grc' dir='ltr'><strong>μέν</strong></span> <span class='ocrx_word' id='word_1_205' title='bbox 1116 1972 1193 1996; x_wconf 89' lang='grc' dir='ltr'><strong>νυν</strong></span> <span class='ocrx_word' id='word_1_206' title='bbox 1233 1955 1299 1996; x_wconf 76' lang='grc' dir='ltr'><strong>καὶ</strong></span> <span class='ocrx_word' id='word_1_207' title='bbox 1337 1953 1496 2011; x_wconf 79' lang='grc' dir='ltr'><em>στήλῃσι</em></span> <span class='ocrx_word' id='word_1_208' title='bbox 1534 1955 1607 2005; x_wconf 67' lang='grc' dir='ltr'><strong>ἔξω</strong></span> <span class='ocrx_word' id='word_1_209' title='bbox 1638 1952 1664 2009; x_wconf 81' lang='grc' dir='ltr'><em>ἢ</em></span> 
     </span>
     <span class='ocr_line' id='line_1_28' title="bbox 122 2016 1666 2075; baseline 0.001 -15"><span class='ocrx_word' id='word_1_210' title='bbox 122 2016 164 2062; x_wconf 84' lang='grc' dir='ltr'><strong>τὸ</strong></span> <span class='ocrx_word' id='word_1_211' title='bbox 207 2023 277 2061; x_wconf 87' lang='grc' dir='ltr'><strong>τοῦ</strong></span> <span class='ocrx_word' id='word_1_212' title='bbox 321 2016 482 2073; x_wconf 75' lang='grc' dir='ltr'><em>μάντιος</em></span> <span class='ocrx_word' id='word_1_213' title='bbox 524 2018 747 2075; x_wconf 62' lang='grc' dir='ltr'><em>ἐπίγραμμα</em></span> <span class='ocrx_word' id='word_1_214' title='bbox 785 2017 1068 2073; x_wconf 82' lang='grc' dir='ltr'><em>Ἀμφικτύονές</em></span> <span class='ocrx_word' id='word_1_215' title='bbox 1105 2022 1181 2062; x_wconf 83' lang='grc' dir='ltr'><em>εἰσί</em></span> <span class='ocrx_word' id='word_1_216' title='bbox 1217 2034 1342 2072; x_wconf 88' lang='grc' dir='ltr'><em>σφεας</em></span> <span class='ocrx_word' id='word_1_217' title='bbox 1383 2022 1424 2062; x_wconf 79' lang='grc' dir='ltr'><strong>οἱ</strong></span> <span class='ocrx_word' id='word_1_218' title='bbox 1452 2018 1666 2074; x_wconf 81' lang='grc' dir='ltr'><em>ἐπικοσμή-</em></span> 
     </span>
     <span class='ocr_line' id='line_1_29' title="bbox 123 2082 1664 2140; baseline 0.001 -14"><span class='ocrx_word' id='word_1_219' title='bbox 123 2097 270 2137; x_wconf 82' lang='grc' dir='ltr'><em>σαντες,</em></span> <span class='ocrx_word' id='word_1_220' title='bbox 299 2082 342 2127; x_wconf 91' lang='grc' dir='ltr'><strong>τὸ</strong></span> <span class='ocrx_word' id='word_1_221' title='bbox 375 2083 418 2126; x_wconf 79' lang='grc' dir='ltr'><strong>δὲ</strong></span> <span class='ocrx_word' id='word_1_222' title='bbox 449 2088 518 2127; x_wconf 86' lang='grc' dir='ltr'><strong>τοῦ</strong></span> <span class='ocrx_word' id='word_1_223' title='bbox 549 2082 709 2138; x_wconf 76' lang='grc' dir='ltr'><em>μάντιος</em></span> <span class='ocrx_word' id='word_1_224' title='bbox 737 2085 958 2140; x_wconf 81' lang='grc' dir='ltr'><em>Μεγιστίεω</em></span> <span class='ocrx_word' id='word_1_225' title='bbox 991 2086 1220 2139; x_wconf 78' lang='grc' dir='ltr'><em>Σιμωνίδης</em></span> <span class='ocrx_word' id='word_1_226' title='bbox 1245 2082 1266 2128; x_wconf 83' lang='grc' dir='ltr'><strong>ὅ</strong></span> <span class='ocrx_word' id='word_1_227' title='bbox 1292 2084 1556 2138; x_wconf 81' lang='grc' dir='ltr'><em>Λεωπρέπεός</em></span> <span class='ocrx_word' id='word_1_228' title='bbox 1588 2086 1664 2127; x_wconf 81' lang='grc' dir='ltr'><em>ἐστι</em></span> 
     </span>
    </p>
   </div>
   <div class='ocr_carea' id='block_1_6' title="bbox 46 2146 1664 2206">
    <p class='ocr_par' dir='ltr' id='par_1_6' title="bbox 46 2146 1664 2206">
     <span class='ocr_line' id='line_1_30' title="bbox 46 2146 1664 2206; baseline 0 -14"><span class='ocrx_word' id='word_1_229' title='bbox 46 2174 49 2175; x_wconf 39' lang='lat'><em>⁷</em></span> <span class='ocrx_word' id='word_1_230' title='bbox 122 2148 219 2192; x_wconf 79' lang='grc' dir='ltr'><em>κατὰ</em></span> <span class='ocrx_word' id='word_1_231' title='bbox 262 2152 411 2204; x_wconf 82' lang='grc' dir='ltr'><em>ξεινίην</em></span> <span class='ocrx_word' id='word_1_232' title='bbox 441 2146 463 2192; x_wconf 83' lang='grc' dir='ltr'>ὃ</span> <span class='ocrx_word' id='word_1_233' title='bbox 494 2147 733 2206; x_wconf 67' lang='grc' dir='ltr'><em>ἐπιγράψας.</em></span> <span class='ocrx_word' id='word_1_234' title='bbox 795 2151 911 2191; x_wconf 88' lang='lat' dir='ltr'><strong>Unde</strong></span> <span class='ocrx_word' id='word_1_235' title='bbox 948 2152 1092 2192; x_wconf 86' lang='lat' dir='ltr'><strong>Kaibel</strong></span> <span class='ocrx_word' id='word_1_236' title='bbox 1139 2153 1312 2205; x_wconf 90' lang='lat' dir='ltr'><strong>conficit,</strong></span> <span class='ocrx_word' id='word_1_237' title='bbox 1350 2154 1546 2204; x_wconf 86' lang='lat' dir='ltr'><strong>ignorari,</strong></span> <span class='ocrx_word' id='word_1_238' title='bbox 1586 2166 1664 2204; x_wconf 93' lang='lat' dir='ltr'><strong>quo</strong></span> 
     </span>
    </p>
   </div>
   <div class='ocr_carea' id='block_1_7' title="bbox 122 2217 1666 2663">
    <p class='ocr_par' dir='ltr' id='par_1_7' title="bbox 122 2217 1666 2663">
     <span class='ocr_line' id='line_1_31' title="bbox 124 2217 1666 2269; baseline 0.001 -13"><span class='ocrx_word' id='word_1_239' title='bbox 124 2218 210 2257; x_wconf 87' lang='lat' dir='ltr'><strong>iure</strong></span> <span class='ocrx_word' id='word_1_240' title='bbox 255 2230 316 2268; x_wconf 85' lang='lat' dir='ltr'><strong>ep.</strong></span> <span class='ocrx_word' id='word_1_241' title='bbox 359 2220 412 2257; x_wconf 86' lang='lat'><strong>94</strong></span> <span class='ocrx_word' id='word_1_242' title='bbox 456 2217 651 2258; x_wconf 82' lang='lat' dir='ltr'><strong>Simonidi</strong></span> <span class='ocrx_word' id='word_1_243' title='bbox 691 2217 928 2258; x_wconf 88' lang='lat' dir='ltr'><strong>attribuerit</strong></span> <span class='ocrx_word' id='word_1_244' title='bbox 967 2218 1216 2267; x_wconf 88' lang='lat' dir='ltr'><strong>Herodotus,</strong></span> <span class='ocrx_word' id='word_1_245' title='bbox 1257 2218 1579 2269; x_wconf 89' lang='lat' dir='ltr'><strong>quandoquidem</strong></span> <span class='ocrx_word' id='word_1_246' title='bbox 1623 2219 1666 2257; x_wconf 93' lang='lat' dir='ltr'><strong>in</strong></span> 
     </span>
     <span class='ocr_line' id='line_1_32' title="bbox 125 2283 1663 2335; baseline 0.001 -14"><span class='ocrx_word' id='word_1_247' title='bbox 125 2283 393 2322; x_wconf 89' lang='lat' dir='ltr'><strong>monumentis</strong></span> <span class='ocrx_word' id='word_1_248' title='bbox 439 2285 649 2333; x_wconf 88' lang='lat' dir='ltr'><strong>poetarum</strong></span> <span class='ocrx_word' id='word_1_249' title='bbox 692 2284 853 2323; x_wconf 90' lang='lat' dir='ltr'><strong>nomina</strong></span> <span class='ocrx_word' id='word_1_250' title='bbox 901 2284 1204 2334; x_wconf 84' lang='lat' dir='ltr'><strong>epigrammatis</strong></span> <span class='ocrx_word' id='word_1_251' title='bbox 1254 2296 1333 2323; x_wconf 89' lang='lat' dir='ltr'><strong>non</strong></span> <span class='ocrx_word' id='word_1_252' title='bbox 1384 2283 1464 2322; x_wconf 89' lang='lat' dir='ltr'><strong>sint</strong></span> <span class='ocrx_word' id='word_1_253' title='bbox 1507 2283 1663 2335; x_wconf 78' lang='lat' dir='ltr'><strong>addita3</strong></span> 
     </span>
     <span class='ocr_line' id='line_1_33' title="bbox 126 2347 1663 2399; baseline 0.001 -13"><span class='ocrx_word' id='word_1_254' title='bbox 126 2347 226 2386; x_wconf 87' lang='lat' dir='ltr'><strong>illud</strong></span> <span class='ocrx_word' id='word_1_255' title='bbox 269 2350 422 2387; x_wconf 91' lang='lat' dir='ltr'><strong>certum</strong></span> <span class='ocrx_word' id='word_1_256' title='bbox 468 2360 556 2388; x_wconf 89' lang='lat' dir='ltr'><strong>esse</strong></span> <span class='ocrx_word' id='word_1_257' title='bbox 595 2351 636 2387; x_wconf 90' lang='lat' dir='ltr'><strong>et</strong></span> <span class='ocrx_word' id='word_1_258' title='bbox 673 2350 942 2399; x_wconf 83' lang='lat' dir='ltr'><strong>exploratum,</strong></span> <span class='ocrx_word' id='word_1_259' title='bbox 987 2348 1246 2388; x_wconf 88' lang='lat' dir='ltr'><strong>historiarum</strong></span> <span class='ocrx_word' id='word_1_260' title='bbox 1290 2349 1524 2398; x_wconf 88' lang='lat' dir='ltr'><strong>scriptorem</strong></span> <span class='ocrx_word' id='word_1_261' title='bbox 1562 2349 1663 2388; x_wconf 89' lang='lat' dir='ltr'><strong>nihil</strong></span> 
     </span>
     <span class='ocr_line' id='line_1_34' title="bbox 122 2413 1663 2465; baseline 0.001 -12"><span class='ocrx_word' id='word_1_262' title='bbox 122 2414 326 2464; x_wconf 84' lang='lat' dir='ltr'><strong>accepisse</strong></span> <span class='ocrx_word' id='word_1_263' title='bbox 371 2413 419 2452; x_wconf 92' lang='lat' dir='ltr'><strong>de</strong></span> <span class='ocrx_word' id='word_1_264' title='bbox 463 2415 624 2452; x_wconf 86' lang='lat' dir='ltr'><strong>auctore</strong></span> <span class='ocrx_word' id='word_1_265' title='bbox 662 2426 723 2464; x_wconf 89' lang='lat' dir='ltr'><strong>ep.</strong></span> <span class='ocrx_word' id='word_1_266' title='bbox 757 2416 810 2454; x_wconf 88' lang='grc'><strong>91</strong></span> <span class='ocrx_word' id='word_1_267' title='bbox 847 2417 889 2454; x_wconf 87' lang='lat' dir='ltr'><strong>et</strong></span> <span class='ocrx_word' id='word_1_268' title='bbox 929 2416 1003 2465; x_wconf 81' lang='lat'><strong>923</strong></span> <span class='ocrx_word' id='word_1_269' title='bbox 1048 2414 1184 2464; x_wconf 89' lang='lat' dir='ltr'><strong>itaque</strong></span> <span class='ocrx_word' id='word_1_270' title='bbox 1228 2426 1317 2453; x_wconf 90' lang='lat' dir='ltr'><strong>cum</strong></span> <span class='ocrx_word' id='word_1_271' title='bbox 1362 2413 1442 2452; x_wconf 88' lang='lat' dir='ltr'><strong>tria</strong></span> <span class='ocrx_word' id='word_1_272' title='bbox 1485 2415 1663 2454; x_wconf 90' lang='lat' dir='ltr'><strong>carmina</strong></span> 
     </span>
     <span class='ocr_line' id='line_1_35' title="bbox 129 2478 1662 2530; baseline -0.001 -11"><span class='ocrx_word' id='word_1_273' title='bbox 129 2479 268 2519; x_wconf 90' lang='lat' dir='ltr'><strong>eodem</strong></span> <span class='ocrx_word' id='word_1_274' title='bbox 308 2482 488 2528; x_wconf 84' lang='lat' dir='ltr'><strong>tempore</strong></span> <span class='ocrx_word' id='word_1_275' title='bbox 528 2479 798 2518; x_wconf 89' lang='lat' dir='ltr'><strong>monumentis</strong></span> <span class='ocrx_word' id='word_1_276' title='bbox 840 2480 965 2518; x_wconf 86' lang='lat' dir='ltr'><strong>incisa</strong></span> <span class='ocrx_word' id='word_1_277' title='bbox 1007 2479 1105 2528; x_wconf 91' lang='lat' dir='ltr'><strong>sint,</strong></span> <span class='ocrx_word' id='word_1_278' title='bbox 1144 2480 1185 2518; x_wconf 86' lang='lat' dir='ltr'><strong>et</strong></span> <span class='ocrx_word' id='word_1_279' title='bbox 1228 2478 1398 2517; x_wconf 86' lang='lat' dir='ltr'><strong>duorum</strong></span> <span class='ocrx_word' id='word_1_280' title='bbox 1439 2479 1662 2530; x_wconf 85' lang='lat' dir='ltr'><strong>elogiorum</strong></span> 
     </span>
     <span class='ocr_line' id='line_1_36' title="bbox 125 2543 1661 2594; baseline 0 -10"><span class='ocrx_word' id='word_1_281' title='bbox 125 2547 264 2584; x_wconf 84' lang='lat' dir='ltr'><strong>auctor</strong></span> <span class='ocrx_word' id='word_1_282' title='bbox 295 2543 372 2583; x_wconf 90' lang='lat' dir='ltr'><strong>iam</strong></span> <span class='ocrx_word' id='word_1_283' title='bbox 407 2543 602 2583; x_wconf 88' lang='lat' dir='ltr'><strong>Herodoti</strong></span> <span class='ocrx_word' id='word_1_284' title='bbox 635 2543 792 2582; x_wconf 88' lang='lat' dir='ltr'><strong>saeculo</strong></span> <span class='ocrx_word' id='word_1_285' title='bbox 832 2544 995 2594; x_wconf 86' lang='lat' dir='ltr'><strong>ignotus</strong></span> <span class='ocrx_word' id='word_1_286' title='bbox 1034 2544 1174 2593; x_wconf 84' lang='lat' dir='ltr'><strong>fuerit,</strong></span> <span class='ocrx_word' id='word_1_287' title='bbox 1213 2546 1524 2583; x_wconf 87' lang='lat' dir='ltr'><strong>consentaneum</strong></span> <span class='ocrx_word' id='word_1_288' title='bbox 1561 2556 1661 2594; x_wconf 88' lang='lat' dir='ltr'><strong>esse,</strong></span> 
     </span>
     <span class='ocr_line' id='line_1_37' title="bbox 124 2604 1660 2663; baseline 0 -14"><span class='ocrx_word' id='word_1_289' title='bbox 124 2623 204 2651; x_wconf 89' lang='lat' dir='ltr'><strong>non</strong></span> <span class='ocrx_word' id='word_1_290' title='bbox 234 2609 440 2660; x_wconf 87' lang='lat' dir='ltr'><strong>scripsisse</strong></span> <span class='ocrx_word' id='word_1_291' title='bbox 474 2608 730 2659; x_wconf 89' lang='lat' dir='ltr'><strong>Simonidem,</strong></span> <span class='ocrx_word' id='word_1_292' title='bbox 762 2609 824 2648; x_wconf 93' lang='lat' dir='ltr'><strong>cui</strong></span> <span class='ocrx_word' id='word_1_293' title='bbox 855 2609 1021 2649; x_wconf 89' lang='lat' dir='ltr'><strong>tertium</strong></span> <span class='ocrx_word' id='word_1_294' title='bbox 1053 2604 1151 2663; x_wconf 86' lang='lat'>(94)</span> <span class='ocrx_word' id='word_1_295' title='bbox 1182 2609 1401 2648; x_wconf 89' lang='lat' dir='ltr'><strong>tribuatur:</strong></span> <span class='ocrx_word' id='word_1_296' title='bbox 1434 2622 1527 2647; x_wconf 88' lang='lat' dir='ltr'><strong>nam</strong></span> <span class='ocrx_word' id='word_1_297' title='bbox 1558 2623 1660 2660; x_wconf 86' lang='lat' dir='ltr'><strong>quae</strong></span> 
     </span>
    </p>
   </div>
   <div class='ocr_carea' id='block_1_8' title="bbox 124 2768 1660 2961">
    <p class='ocr_par' dir='ltr' id='par_1_8' title="bbox 124 2768 1660 2961">
     <span class='ocr_line' id='line_1_38' title="bbox 222 2768 1660 2817; baseline 0.001 -11"><span class='ocrx_word' id='word_1_298' title='bbox 222 2771 257 2816; x_wconf 87' lang='lat'><strong>*)</strong></span> <span class='ocrx_word' id='word_1_299' title='bbox 283 2770 454 2807; x_wconf 83' lang='lat' dir='ltr'><strong>Fortasse</strong></span> <span class='ocrx_word' id='word_1_300' title='bbox 474 2769 662 2817; x_wconf 88' lang='lat' dir='ltr'><strong>quispiam</strong></span> <span class='ocrx_word' id='word_1_301' title='bbox 681 2768 996 2813; x_wconf 57' lang='lat' dir='ltr'><strong>comminiscentur,</strong></span> <span class='ocrx_word' id='word_1_302' title='bbox 1016 2769 1225 2815; x_wconf 87' lang='lat' dir='ltr'><strong>sophistam</strong></span> <span class='ocrx_word' id='word_1_303' title='bbox 1243 2769 1423 2806; x_wconf 85' lang='lat' dir='ltr'><strong>traditam</strong></span> <span class='ocrx_word' id='word_1_304' title='bbox 1437 2770 1660 2817; x_wconf 78' lang='lat' dir='ltr'><strong>scripturam</strong></span> 
     </span>
     <span class='ocr_line' id='line_1_39' title="bbox 125 2816 1660 2864; baseline 0 -9"><span class='ocrx_word' id='word_1_305' title='bbox 125 2829 191 2855; x_wconf 84' lang='lat' dir='ltr'><strong>suo</strong></span> <span class='ocrx_word' id='word_1_306' title='bbox 235 2817 401 2864; x_wconf 90' lang='lat' dir='ltr'><strong>periculo</strong></span> <span class='ocrx_word' id='word_1_307' title='bbox 443 2817 702 2855; x_wconf 84' lang='lat' dir='ltr'><strong>immutavisse</strong></span> <span class='ocrx_word' id='word_1_308' title='bbox 742 2819 782 2854; x_wconf 89' lang='lat' dir='ltr'><strong>et</strong></span> <span class='ocrx_word' id='word_1_309' title='bbox 825 2816 1026 2853; x_wconf 88' lang='lat' dir='ltr'><strong>Simonidis</strong></span> <span class='ocrx_word' id='word_1_310' title='bbox 1062 2827 1199 2853; x_wconf 92' lang='lat' dir='ltr'><strong>nomen</strong></span> <span class='ocrx_word' id='word_1_311' title='bbox 1240 2817 1448 2863; x_wconf 81' lang='lat' dir='ltr'><strong>addidisse,</strong></span> <span class='ocrx_word' id='word_1_312' title='bbox 1486 2829 1532 2855; x_wconf 92' lang='lat' dir='ltr'><strong>ne</strong></span> <span class='ocrx_word' id='word_1_313' title='bbox 1572 2819 1660 2855; x_wconf 89' lang='lat' dir='ltr'><strong>Plu·</strong></span> 
     </span>
     <span class='ocr_line' id='line_1_40' title="bbox 124 2863 1659 2920; baseline 0.002 -19"><span class='ocrx_word' id='word_1_314' title='bbox 124 2865 296 2902; x_wconf 83' lang='lat' dir='ltr'><strong>tarohum</strong></span> <span class='ocrx_word' id='word_1_315' title='bbox 329 2865 511 2920; x_wconf 82' lang='lat' dir='ltr'><strong>expilasse</strong></span> <span class='ocrx_word' id='word_1_316' title='bbox 544 2866 697 2912; x_wconf 84' lang='lat' dir='ltr'><strong>coargui</strong></span> <span class='ocrx_word' id='word_1_317' title='bbox 728 2866 871 2911; x_wconf 84' lang='lat' dir='ltr'><strong>posset:</strong></span> <span class='ocrx_word' id='word_1_318' title='bbox 910 2876 976 2919; x_wconf 77' lang='lat' dir='ltr'><strong>per</strong></span> <span class='ocrx_word' id='word_1_319' title='bbox 1011 2874 1074 2918; x_wconf 72' lang='lat' dir='ltr'><strong>me</strong></span> <span class='ocrx_word' id='word_1_320' title='bbox 1112 2863 1199 2900; x_wconf 85' lang='lat' dir='ltr'><strong>licet</strong></span> <span class='ocrx_word' id='word_1_321' title='bbox 1234 2864 1306 2900; x_wconf 88' lang='lat' dir='ltr'><strong>hac</strong></span> <span class='ocrx_word' id='word_1_322' title='bbox 1342 2865 1659 2920; x_wconf 38' lang='lat' dir='ltr'><strong>‘interpretatione</strong></span> 
     </span>
     <span class='ocr_line' id='line_1_41' title="bbox 128 2911 1471 2961; baseline 0.001 -13"><span class='ocrx_word' id='word_1_323' title='bbox 128 2915 295 2961; x_wconf 81' lang='lat' dir='ltr'><strong>utantur,</strong></span> <span class='ocrx_word' id='word_1_324' title='bbox 318 2924 383 2958; x_wconf 84' lang='lat' dir='ltr'><strong>qui</strong></span> <span class='ocrx_word' id='word_1_325' title='bbox 407 2913 701 2958; x_wconf 85' lang='lat' dir='ltr'><strong>calumniatoris,</strong></span> <span class='ocrx_word' id='word_1_326' title='bbox 727 2923 804 2948; x_wconf 87' lang='lat' dir='ltr'><strong>non</strong></span> <span class='ocrx_word' id='word_1_327' title='bbox 830 2912 917 2949; x_wconf 88' lang='lat' dir='ltr'><strong>boni</strong></span> <span class='ocrx_word' id='word_1_328' title='bbox 943 2911 1076 2948; x_wconf 76' lang='lat' dir='ltr'><strong>iudicis</strong></span> <span class='ocrx_word' id='word_1_329' title='bbox 1103 2913 1228 2957; x_wconf 85' lang='lat' dir='ltr'><strong>partes</strong></span> <span class='ocrx_word' id='word_1_330' title='bbox 1254 2914 1471 2959; x_wconf 81' lang='lat' dir='ltr'><strong>suscipiunt.</strong></span> 
     </span>
    </p>
   </div>
  </div>
 </body>
</html>
