1864 3126
0 168 10 267 ἱ

773 115 1114 156 STESICHORUS.
1624 120 1674 163 21
1684 120 1713 163 5

237 220 413 269 Οῧνεκα
450 222 705 283 Τυνδάρεος

232 294 372 351 ῥέζων
403 294 510 341 ποτὲ
539 298 648 341 πᾶσι
678 301 806 350 θεοῖς
835 295 1009 354 μούνας
1039 294 1195 343 λάθετ’
1229 296 1472 358 ἠπιοδαὶρω
1641 312 1711 344 985

266 451 402 487 Postea
425 449 667 496 Stesichorus,
692 452 734 486 ut
758 450 914 488 sarciret
937 451 1125 495 iniuriam,
1150 464 1226 498 qua
1249 452 1419 490 affecisse
1445 453 1621 498 quamvis
1649 454 1704 491 in-

171 497 271 535 vitus
298 498 498 535 videbatur
522 498 722 543 Helenam,
754 498 905 545 scripsit
935 500 1191 547 Παλινῳὸίαν.
1243 499 1353 536 Klein
1385 501 1526 547 aliique
1559 500 1711 539 Palino-

170 546 272 582 diam
291 557 441 583 carmen
460 557 534 583 non
553 545 743 583 diversum
769 548 924 583 censent
947 547 996 582 ab
1020 557 1076 592 eo,
1102 547 1205 593 quod
1224 544 1359 584 Ἑλένα
1383 548 1603 595 inscriptum
1623 550 1705 595 fuit,

169 593 303 640 quibus
316 604 390 630 non
403 593 586 631 debebam
600 593 804 641 suffragari.
854 594 1024 630 Secernit
1048 594 1096 631 ab
1121 594 1266 631 Helena
1289 594 1528 633 Palinodiam
1555 598 1704 643 praeter

169 641 264 678 alios
291 641 405 678 Lehrs
430 641 532 678 Aurs.
560 645 606 678 28
620 653 709 687 seq„
741 642 807 678 sed
838 642 939 688 quod
969 641 1188 679 Palinodiae
1219 643 1417 680 consilium
1447 644 1708 682 illustraturus

170 688 323 725 Pindari
341 689 513 736 exemplo
532 689 659 734 utitur,
684 701 759 726 non
783 688 880 726 vidit
905 700 944 726 se
962 689 1075 737 plane
1100 690 1265 737 disparia
1290 702 1529 737 componere.
1580 692 1706 730 Palin-

169 736 294 773 odiam
325 736 515 784 peculiare
546 736 658 774 fuisse
690 748 840 774 carmen
871 737 964 774 satis
995 748 1180 784 superque
1205 738 1459 776 testificantur
1483 739 1605 785 Plato,
1631 741 1707 778 Iso·

161 786 304 828 crates,
330 784 409 830 alii,
435 787 475 821 et
499 785 682 822 Isocrates
707 785 859 830 quidem
891 785 1107 832 planissime
1138 797 1244 843 segre
1294 787 1313 822 t
1346 797 1369 822 a
1393 787 1517 833 priore
1543 787 1708 825 carmine

169 829 208 878 (ἢ
231 829 332 888 ρδή,
357 831 382 868 i.
408 843 438 869 e.
460 831 621 879 Ἑλένα),
647 833 749 879 quod
774 830 843 879 τὴν
869 831 1087 880 ἔμπροσθεν
1113 829 1216 882 ᾤδην
1289 832 1436 871 aximus
1462 834 1608 881 Tyrius,
1640 833 1708 872 τὸν

168 892 352 926 προτερον
377 878 489 927 λόγον
514 881 684 927 appellat
713 881 974 925 Philostratus,
1007 880 1174 931 vicissim
1206 880 1279 922 Dio
1306 880 1436 929 Chrys.
1468 882 1707 920 Palinodiam

169 926 237 974 τὴν
261 924 420 974 ὕστερον
445 924 549 974 αἰδήν
574 927 683 965 dicit:
714 928 807 965 item
833 928 1047 975 proletariis
1079 927 1344 975 scriptoribus,
1375 930 1480 966 velut
1505 930 1641 967 Suidae
1667 932 1708 968 et

168 974 294 1012 schol.
313 965 480 1020 Aristid„
501 975 595 1012 illud
613 973 734 1022 ψόγος
747 973 913 1022 Ἑλένης,
939 977 1010 1013 hoc
1031 973 1219 1023 ἐγκώμιον
1242 975 1426 1022 (ἔπαινος)
1441 974 1596 1024 Ἑλένης
1614 978 1705 1015 diei·

168 1024 238 1059 tur.
288 1022 534 1060 Grammatici
552 1026 710 1069 veteres,
736 1024 800 1069 qui
826 1023 1031 1060 Stesichori
1059 1025 1227 1061 carmina
1249 1027 1529 1070 recensuerunt,
1554 1037 1705 1072 compo-

167 1071 321 1107 suerunt
343 1073 386 1107 ut
409 1082 479 1118 par
509 1073 567 1108 est
590 1074 791 1118 utrumque
822 1083 989 1118 carmen,
1020 1073 1063 1108 ut
1096 1073 1235 1109 Helena
1266 1074 1365 1109 esset
1397 1073 1500 1120 prior
1525 1073 1620 1111 liber
1646 1071 1703 1121 (τὸ

166 1118 315 1165 πρῶτον
340 1117 405 1165 τῆς
424 1116 577 1165 Ἑλένης
601 1119 645 1156 fr.
672 1122 745 1165 31),
771 1119 971 1156 Palinodia
995 1120 1194 1166 posterior.
1299 1125 1302 1138 ¹

262 1166 370 1210 Quod
396 1166 640 1212 Stesichorus,
674 1169 716 1203 ut
746 1167 929 1204 Helenam
965 1168 1013 1204 ab
1044 1167 1201 1204 infamia
1230 1167 1429 1215 liberaret,
1460 1169 1702 1205 simulacrum

165 1214 313 1251 tamtum
338 1214 515 1251 heroinae
539 1226 563 1251 a
587 1215 723 1252 Paride
743 1215 895 1252 Troiam
920 1214 1123 1252 abductum
1142 1227 1222 1252 esse
1241 1215 1432 1253 fabulatus
1452 1219 1519 1262 est,
1544 1217 1703 1254 fortasse

165 1261 227 1298 hic
252 1273 401 1308 quoque
427 1261 630 1299 Hesiodum
656 1265 847 1300 auctorem
880 1263 1064 1309 sequitur,
1097 1262 1282 1309 siquidem
1314 1275 1404 1300 vera
1435 1264 1554 1300 tradit
1583 1265 1701 1303 schol.

164 1309 349 1367 Lycophr.
375 1313 467 1365 8322-
487 1310 634 1365 πρῶ-τος
653 1308 823 1366 Ἡσίοδος
846 1310 1053 1372 περὶε(εἰῩθ
1078 1309 1195 1357 παρὰ)
1221 1311 1288 1368 τῆς
1306 1309 1460 1367 Ἑλένης
1480 1309 1521 1366 τὸ
1543 1313 1701 1367 εἴδωλον

163 1358 480 1451 ῗῑῖἷέγέζίὶιὲξῗ,
501 1358 738 1443 ῐῗὼεῖἳὲἒῒ
748 1359 929 1450 κῖἰῗθὲἒὲ,
946 1360 1300 1453 {gffmssssfflff
1308 1371 1503 1443 ‘'21232325113‘
1522 1361 1703 1444 ἐὴίῗῗὲὲ

164 1452 366 1489 memoriae
398 1453 559 1488 multum
589 1466 678 1489 usus
709 1456 767 1490 est
798 1453 1044 1490 Stesichorus.
1102 1453 1178 1490 Alii
1211 1454 1322 1490 aliter
1352 1455 1562 1501 corrigunt,
1595 1455 1700 1492 velut

165 1498 257 1536 Geel
281 1500 368 1546 περὶ
392 1500 458 1546 τῆς
477 1497 631 1547 Ἑλένης
654 1499 787 1547 λέγων,
818 1501 1001 1538 Bficheler
1025 1501 1111 1548 περὶ
1137 1501 1336 1538 delendum
1362 1504 1505 1547 censet,
1537 1503 1699 1548 denique

163 1546 435 1593 Markscheffel,
462 1548 522 1584 cui
547 1547 614 1584 alii
640 1550 782 1586 assensi
806 1550 904 1594 sunt,
929 1549 1086 1586 Hesiodi
1116 1549 1258 1586 nomini
1289 1549 1484 1586 substituit
1515 1549 1699 1587 Stesicho-

163 1595 1433 1681 rflesssffkaoqffiuffiffffgffodissiuffiffiisshssss}‘nt‘ssf'ffitiffiessum
1465 1597 1580 1636 ⁸⁰¹¹⁰¹·
1611 1597 1698 1644 ¹⁴³⁰·

257 1689 359 1734 Quae
392 1690 438 1726 de
470 1690 674 1729 Stesichori
706 1693 900 1729 oculorum
930 1692 1071 1728 lumine
1097 1692 1235 1729 amisso
1261 1694 1300 1729 et
1323 1693 1532 1739 reciperato
1556 1693 1699 1731 tradita

163 1739 260 1783 sunt,
286 1750 323 1774 m
378 1738 386 1745 '
431 1737 627 1785 magisque
653 1739 884 1786 amplificata
909 1741 948 1776 et
972 1742 1151 1776 exornata
1175 1751 1256 1776 esse
1289 1742 1452 1777 constat:
1485 1753 1582 1777 unus
1608 1742 1695 1778 Pto-

162 1786 328 1823 lemaeus
395 1786 479 1833 eph.
507 1798 566 1833 ap.
591 1787 770 1824 Photium
794 1787 891 1823 Bibl.
918 1787 1010 1824 CXC
1042 1800 1078 1834 p.
1109 1791 1176 1823 149
1197 1787 1227 1823 Β
1253 1787 1309 1824 ed.
1337 1787 1454 1824 Bekk.
1487 1789 1575 1826 ficta
1605 1789 1698 1826 haec

162 1833 315 1870 omnino
348 1834 557 1880 contendit,
588 1834 668 1882 ipse
700 1846 799 1872 nova
829 1837 868 1871 et
891 1835 1129 1872 incredibilia
1154 1838 1408 1872 commentus:
1437 1832 1629 1883 Ἀρχέλαος
1654 1835 1696 1873 δὲ

162 1878 182 1917 ὁ
220 1879 389 1926 Κύπριος
419 1880 652 1940 Στησιχόρου
685 1883 778 1929 φησὶ
810 1883 879 1920 τοῦ
914 1883 1072 1929 ποιητοῦ
1099 1879 1256 1929 Ἑλένην
1283 1879 1472 1930 Ἱμεραίαν
1505 1881 1699 1931 ἐρωμένην

161 1928 359 1975 γενέσθαι,
384 1931 568 1966 Μικυθου
593 1929 806 1977 θυγατέρα·
834 1927 1054 1968 ἀποστᾶσαν
1079 1929 1122 1967 δὲ
1148 1928 1381 1977 Στησιχόρου
1406 1929 1586 1988 καὶπρὸς
1604 1929 1698 1968 Βού-

160 1979 281 2013 παλον
306 1979 565 2024 πορευθεῖσαν
590 1973 834 2025 ἀμυνόμενον
860 1979 925 2025 τῆς
943 1977 1158 2025 ὑπεροψίας
1181 1975 1249 2015 τὸν
1274 1977 1435 2025 ποιητὴν
1485 1988 1621 2026 ραψαι,
1647 1977 1697 2020 ὠς

161 2024 246 2069 (hoc
277 2024 362 2061 add.
394 2026 443 2069 A,
475 2025 591 2084 vulgo
624 2026 742 2070 deest)
769 2023 902 2072 Ἑλένη
934 2022 1074 2063 ἑκοῦσα
1106 2022 1246 2072 ἀπῆρε·
1284 2027 1410 2073 ψευδῆ
1437 2027 1461 2062 δ
1513 2024 1579 2063 τὸν
1610 2028 1697 2072 περὶ

160 2069 487 2156 Ξὶηιέὥῖἒέἒῗοὲἷζέ
505 2070 1695 2167 ἐῖἔὲζὶωῖἶῖθίῗῗέ,οἶῖῗιῗοέὗᾝᾶἳὲῗέἰὲξᾶξίῗῑὲῗῇᾚὲἒο

160 2177 290 2203 verum
314 2167 363 2204 ab
388 2168 460 2204 hoc
485 2168 636 2214 quidem
663 2169 817 2206 crimine
842 2169 1075 2214 liberandus3
1102 2180 1189 2205 nam
1214 2169 1310 2205 nihil
1336 2169 1439 2205 aliud
1458 2181 1570 2214 quam
1596 2181 1694 2205 sum-

161 2225 262 2250 mam
292 2214 457 2251 Helenae
483 2215 740 2253 Stesichoreae
777 2216 898 2253 tribus
935 2216 995 2253 his
1032 2217 1156 2253 verbis
1195 2217 1492 2263 comprehendit.
1555 2217 1696 2253 Nostra

159 2260 340 2298 memoria
365 2261 534 2308 plerique
559 2264 670 2299 fidem
695 2264 1071 2311 denegantanilibus
1095 2266 1139 2300 ut
1157 2276 1178 2300 0
1207 2264 1358 2300 inantur
1382 2264 1520 2300 fabulis
1545 2264 1591 2300 de
1612 2275 1693 2300 cac-

161 2308 287 2346 citatis
304 2309 483 2355 periculo,
503 2311 603 2356 quod
623 2311 785 2348 feliciter
804 2312 966 2349 evaserit
984 2314 1114 2358 poeta:
1134 2312 1185 2347 mi
1214 2311 1227 2347 i
1247 2322 1353 2348 secus
1373 2312 1536 2348 videtur:
1562 2312 1695 2348 eadem

163 2356 240 2392 fere
267 2358 440 2403 expertus
492 2359 599 2394 ostea
623 2357 719 2395 alius
745 2361 871 2405 poeta,
897 2360 956 2396 cui
978 2359 1160 2396 lermod
1183 2370 1331 2403 nomen,
1356 2359 1421 2395 ubi
1446 2359 1588 2395 somnio
1614 2371 1692 2395 mo-

160 2403 260 2440 nitus
294 2405 468 2441 contume
486 2405 561 2441 iam
593 2416 669 2451 qua
698 2406 921 2443 Islandicam
954 2407 1137 2453 virginem
1165 2406 1341 2443 affecerat
1370 2407 1575 2451 resarcivit,
1607 2418 1692 2443 ocu-

159 2451 281 2488 lorum
306 2463 414 2488 usum
440 2452 561 2488 denuo
586 2454 737 2490 nactus:
764 2454 810 2490 cf.
837 2454 1041 2491 Weinhold
1066 2454 1237 2492 Altnord.
1262 2453 1388 2490 Lebeu
1414 2459 1494 2490 340.

254 2500 313 2535 Fr.
339 2503 395 2536 26.
447 2499 571 2536 Schol.
597 2499 724 2547 Eurip.
745 2499 864 2538 Orest.
885 2505 973 2538 249:
998 2499 1228 2560 Στησίχορός
1252 2512 1379 2547 φησιν,
1405 2498 1456 2543 ὡς
1481 2499 1591 2538 θύων
1616 2506 1695 2544 τοῖς

158 2549 268 2588 θεοῖς
296 2544 522 2592 Τυνδάρεως
544 2544 759 2594 Ἀφροδίτης
778 2545 1004 2586 ἐπελάθετο·
1032 2547 1092 2586 διὸ
1113 2551 1362 2595 οργισθεῖσαν
1381 2546 1450 2595 τὴν
1469 2546 1567 2585 θεὸν
1586 2547 1693 2596 &yd-

159 2607 253 2639 μους
278 2607 317 2631 τε
343 2594 409 2631 καὶ
433 2592 637 2651 τριγᾶμοθς
662 2595 727 2631 καὶ
750 2594 1004 2642 λειψάνδρους
1029 2593 1149 2633 αὐτοῦ
1174 2593 1241 2637 τὰς
1258 2595 1475 2642 θυγατέρας
1496 2593 1691 2655 ἐποίησεν·

160 2641 238 2688 ἔχει
270 2640 313 2678 δὲ
348 2640 372 2688 ἡ
399 2643 527 2688 χρῆσις
558 2655 678 2685 ουτως
708 2646 796 2688 (om.
827 2643 910 2689 M.)·
942 2641 1113 2681 οὕνεκα
1144 2646 1220 2680 κτλ.
1253 2664 1296 2670 -
1336 2644 1379 2679 V.
1409 2649 1440 2679 1.
1475 2645 1693 2691 Τυνδαρεος

158 2689 438 2735 Schneidewin,
469 2690 665 2737 legebatur
699 2687 943 2736 Τυνδάρεως,
975 2692 1107 2728 contra
1142 2690 1258 2727 Cobet
1283 2702 1401 2737 nuper
1425 2691 1526 2738 apud
1552 2692 1689 2729 Home—

157 2749 240 2773 rum
269 2733 474 2783 Τυνδάρεω
499 2749 567 2784 pro
590 2736 812 2784 Τυνδαρέου
837 2739 1086 2776 revocandum
1112 2737 1267 2775 censuit.
1293 2759 1337 2765 —
1364 2738 1407 2775 V.
1429 2743 1461 2774 2.
1487 2737 1579 2776 ποτὲ
1598 2740 1692 2776 πᾶσι

159 2784 303 2830 scripsi,
342 2784 419 2821 sive
455 2782 554 2822 ποθ’
588 2781 708 2821 ἅπασι
738 2785 860 2830 malis,
897 2786 989 2822 πᾶσι
1006 2786 1075 2831 M,
1104 2781 1224 2822 ἅπασι
1255 2785 1355 2831 ABI,
1391 2786 1457 2822 ned
1487 2786 1591 2823 ΑΒΜ
1622 2798 1689 2834 pro

159 2827 301 2868 οὕνεκα
338 2832 514 2869 exhibent
547 2828 688 2869 οὕνεκά
723 2846 834 2879 ποτε,
870 2834 940 2870 hac
978 2833 1162 2879 scriptura
1198 2845 1286 2869 usus
1320 2832 1382 2870 hic
1412 2833 1502 2871 ποτὲ
1534 2834 1685 2872 inserui.

160 2878 395 2916 Schoemann
419 2875 499 2927 ἅμα
524 2881 618 2917 πᾶσι
642 2880 804 2928 scripsit.
838 2902 880 2908 —
914 2879 1057 2929 μούνας
1082 2879 1226 2928 scripsi,
1257 2880 1290 2916 A
1314 2878 1444 2928 μόνας,
1475 2881 1562 2919 Bm
1588 2883 1687 2930 μιᾶς.
