1864 3126
213 151 302 193 210
521 180 522 183 ¹
773 148 968 185 POETAE
993 147 1169 184 MELICI.

887 257 1061 311 10.[9]

325 346 413 384 Sch.
446 345 577 395 Apoll.
610 346 683 384 Rh.
716 345 735 383 I
770 347 875 384 211:
912 343 1151 395 Στησίχορος
1189 339 1231 381 δὲ
1269 341 1312 381 ἐν
1343 343 1390 395 τῇ
1421 340 1636 393 Γηρυονίδι
1665 339 1732 381 καὶ

207 407 331 462 νῆσόν
360 425 448 449 τινα
479 409 522 450 ἐν
552 413 604 466 τῷ
631 406 861 465 Ἀτλαντικῷ
891 404 1048 461 πελάγει
1078 407 1364 459 Σαρπηδονίαν
1395 407 1530 458 φησίν.

704 548 781 592 ΙΙΙ,
830 545 1238 590 ΚΕΡΒΕΡΟΣ.

875 619 1077 695 11.[11]

325 731 470 769 Pollux
493 730 529 768 X
558 730 658 769 152:
687 725 972 781 Ἀρύβαλλος
1003 725 1047 766 δὲ
1077 725 1142 766 ἐπὶ
1171 728 1240 766 τοῦ
1272 722 1495 765 συσπᾶστου
1520 724 1733 778 βαλαντίου

210 795 253 835 ἐν
279 792 542 846 Ἀντιφάνους
574 790 708 834 Αὑτοῦ
739 792 875 845 ἐρῶντι
904 792 971 832 καὶ
1001 791 1044 832 ἐν
1073 794 1126 848 τῷ
1151 787 1395 843 Στησιχόρου
1427 789 1624 845 Κερβέρῳ.
1674 790 1734 829 Cf.

208 862 332 901 Bekk.
364 862 440 900 An.
472 861 491 899 I
523 861 622 909 443,
655 861 709 899 23
744 855 832 912 (ubi
862 854 997 912 ἆρίβ.),
1029 858 1136 898 Suid.
1167 872 1203 897 v.
1230 853 1467 909 ’Λρίβαλλος.

754 998 830 1041 IV.
878 995 1196 1040 ΚΤΚΝΟΣ.

872 1093 1076 1146 12.[12]

330 1181 419 1220 Sch.
444 1180 559 1218 Pind.
586 1179 647 1219 Ol.
671 1180 708 1218 X
737 1181 808 1218 19:
830 1174 1003 1230 Ἐτροὶπη
1036 1175 1079 1217 δὲ
1109 1176 1175 1216 καὶ
1206 1172 1457 1229 ὑπεχώρησεν
1487 1174 1531 1215 ε’ν
1560 1178 1606 1229 τῇ
1636 1171 1736 1227 πρὸς

208 1242 277 1286 τὸν
307 1242 470 1285 Κύκνον
510 1241 614 1296 μάχη
645 1239 665 1283 ὃ
699 1241 872 1296 μέγιστος
903 1238 1112 1295 “Ηρακλῆς,
1151 1238 1474 1294 παρορμήσαντος
1501 1237 1640 1292 ’Ἄρεος
1669 1236 1738 1280 τὸν
1778 1288 1792 1291 μ

211 1307 390 1350 Κύκνον·
423 1308 631 1362 ἐμαχέσατο
664 1306 706 1348 δὲ
731 1304 942 1360 Ἡρακλῆς,
973 1304 1032 1347 ὅτι
1061 1303 1272 1355 κακόξενος
1296 1300 1348 1358 ἦν
1373 1302 1532 1353 Κύκνος
1555 1301 1643 1353 υἱὸς
1667 1307 1737 1345 τοῦ

202 1373 353 1427 ’Ἀρεος,
384 1373 452 1414 καὶ
483 1373 526 1414 ἐν
555 1370 717 1427 παρόδῳ
749 1374 817 1424 τῆς
846 1372 1051 1420 Θετταλίας
1075 1372 1196 1412 οἰκῶν
1221 1367 1503 1423 ἆπεκαρατόμει
1526 1365 1618 1418 τοὺς
1641 1384 1738 1422 παρ-

214 1437 364 1490 ιόντας,
403 1436 504 1480 ναὸν
540 1441 592 1495 τῷ
619 1435 728 1491 ’Ἀρει
764 1434 1005 1490 βουλόμενος
1042 1435 1084 1476 ἐκ
1128 1438 1206 1476 τῶν
1249 1437 1432 1487 κεφαλῶν
1469 1435 1738 1486 οἰκοδομῆσαι,

211 1505 278 1545 καὶ
307 1502 412 1561 αὐτῷ
431 1501 624 1556 ,παριόντι
655 1502 930 1556 ἐπιβουλεῦσαι
959 1499 1146 1554 ἠθέλησε·
1179 1497 1371 1553 συστάσης
1402 1493 1477 1541 οὖν
1502 1496 1634 1548 αὐτοῖς
1665 1496 1739 1551 μᾶ-

212 1587 283 1623 χης
315 1569 438 1623 ἔφυγε
470 1570 601 1617 δείσας
626 1564 836 1621 ἹΙρακλῆς,
863 1565 1184 1619 συμβαλλομένου
1198 1563 1338 1619 ’Ἀρεος
1362 1568 1414 1621 τῷ
1439 1563 1552 1604 παιδὶ
1577 1561 1741 1619 Κύκνῳ,

212 1633 295 1676 ἄλλ’
330 1633 493 1687 ὕστερον
524 1630 644 1674 αὐτὸν
675 1629 799 1685 μόνον
829 1629 1042 1686 γενόμενον
1079 1630 1257 1684 ἐνίκησεν
1288 1626 1309 1671 ὅ
1336 1627 1532 1682 Ἡρακλῆς
1568 1628 1634 1669 καὶ
1664 1625 1740 1669 ἆπ-

212 1700 371 1741 ε’κτεινε”
402 1697 719 1752 Στησίχοροςὲν
750 1695 1050 1755 ἐπιγραφομένῳ
1083 1693 1228 1752 Κύκνῳ
1261 1696 1412 1748 ἱστορεῖ.

764 1802 1188 1881 ν.ΣΚΤΛΛΑ

877 1931 1081 1984 13.[14]

334 2020 422 2060 Sch.
449 2021 580 2070 Apoll.
607 2020 680 2057 Rh.
707 2019 764 2056 IV
791 2019 893 2057 828:
925 2017 1164 2068 Στησίχορος
1189 2012 1232 2054 δὲ
1256 2013 1300 2054 ἐν
1323 2017 1368 2068 τῇ
1392 2010 1550 2067 Σκύλλῃ
1582 2013 1740 2065 Λαμίας

212 2082 285 2138 τὴν
315 2082 500 2125 Σκύλλαν
531 2082 629 2136 φησὶ
659 2080 858 2136 θυγατέρα
889 2077 1000 2121 εἶναι.
1060 2082 1125 2120 Ita
1154 2081 1276 2131 vulgo
1307 2080 1475 2131 legitur,
1503 2092 1557 2138 'ac
1594 2078 1740 2118 similia

213 2152 379 2191 tradunt)
417 2150 548 2191 Cram.
591 2150 667 2189 An.
710 2148 801 2186 Par.
844 2147 907 2186 III
950 2148 1054 2197 479,
1101 2147 1168 2184 14.
1221 2145 1335 2184 Eust:
1379 2143 1450 2183 od.
1498 2145 1629 2193 1714,
1673 2144 1740 2183 34.

217 2217 366 2256 Eudoc.
406 2217 503 2255 377.
542 2214 620 2254 Sed
651 2213 732 2267 cod.
765 2213 883 2253 Laur.
916 2211 960 2252 ἐν
995 2213 1042 2265 τῇ
1077 2206 1236 2263 Σκύλλη
1273 2209 1405 2256 εἴδους
1441 2204 1546 2256 τινὸς
1582 2208 1741 2260 Λαμίας

215 2283 386 2332 exhibet,
417 2281 516 2319 mihi
546 2278 726 2326 Εἰὸοὖς
766 2273 871 2326 τινὸς
907 2276 1066 2329 Λαμίας
1103 2275 1353 2315 scribendum
1389 2274 1566 2325 videtur,
1603 2275 1650 2312 ut
1680 2285 1738 2312 se-

215 2348 391 2386 cundum
423 2345 693 2394 Stesichorum
724 2343 938 2392 Eidothoa,
970 2354 1089 2393 quam
1119 2341 1342 2391 Aeschylus
1380 2351 1536 2389 quoque
1573 2339 1614 2377 in
1644 2338 1739 2376 Pro-

215 2415 281 2451 teo
315 2413 358 2450 et
381 2411 594 2461 Euripides
625 2410 667 2448 in
692 2408 845 2447 Helena
876 2402 987 2446 Εἰδώ
1019 2406 1234 2456 appellant,
1261 2400 1570 2454 Scyllasfuerit
1599 2404 1739 2441 mater.

719 2543 1238 2590 ·W.2TO0HPAL

878 2639 1103 2693 14.[15]1

312 2902 368 2937 Fr.
397 2905 450 2936 14.
501 2900 633 2935 Alzhen.
660 2898 711 2934 III
738 2897 843 2934 95D:
869 2893 1154 2943 Στησίχορός
1177 2894 1218 2931 τὲ
1244 2906 1358 2940 φησιν
1385 2891 1426 2929 ἒν
1451 2890 1738 2938 Συοθήραις·

1743 280 1813 314 978
