<?xml version="1.0" encoding="UTF-8"?>
<!DOCTYPE html PUBLIC "-//W3C//DTD XHTML 1.0 Transitional//EN"
    "http://www.w3.org/TR/xhtml1/DTD/xhtml1-transitional.dtd">
<html xmlns="http://www.w3.org/1999/xhtml" xml:lang="en" lang="en">
 <head>
  <title>
</title>
<meta http-equiv="Content-Type" content="text/html;charset=utf-8" />
  <meta name='ocr-system' content='tesseract 3.04.00' />
  <meta name='ocr-capabilities' content='ocr_page ocr_carea ocr_par ocr_line ocrx_word'/>
</head>
<body>
  <div class='ocr_page' id='page_1' title='image "./poetaelyricigrae03berguoft_0564.png"; bbox 0 0 1864 3126; ppageno 0'>
   <div class='ocr_carea' id='block_1_1' title="bbox 1684 0 1864 233">
    <p class='ocr_par' dir='ltr' id='par_1_1' title="bbox 1684 0 1864 233">
     <span class='ocr_line' id='line_1_1' title="bbox 1684 0 1864 233; baseline 0 2893"><span class='ocrx_word' id='word_1_1' title='bbox 1684 0 1864 233; x_wconf 95' lang='lat' dir='ltr'><strong><em> </em></strong></span> 
     </span>
    </p>
   </div>
   <div class='ocr_carea' id='block_1_2' title="bbox 644 797 1738 966">
    <p class='ocr_par' dir='ltr' id='par_1_2' title="bbox 644 797 1738 966">
     <span class='ocr_line' id='line_1_2' title="bbox 913 797 1738 843; baseline 0.005 -4"><span class='ocrx_word' id='word_1_2' title='bbox 913 797 1047 839; x_wconf 92' lang='lat' dir='ltr'>XXX.</span> <span class='ocrx_word' id='word_1_3' title='bbox 1647 809 1738 843; x_wconf 81' lang='lat'>1215</span> 
     </span>
     <span class='ocr_line' id='line_1_3' title="bbox 644 903 1701 966; baseline 0.005 -4"><span class='ocrx_word' id='word_1_4' title='bbox 644 909 1308 966; x_wconf 74' lang='lat' dir='ltr'>LAMPRooLEs</span> <span class='ocrx_word' id='word_1_5' title='bbox 1699 903 1701 905; x_wconf 80' lang='grc'><strong>’</strong></span> 
     </span>
    </p>
   </div>
   <div class='ocr_carea' id='block_1_3' title="bbox 308 1349 1529 1421">
    <p class='ocr_par' dir='ltr' id='par_1_3' title="bbox 308 1349 1529 1421">
     <span class='ocr_line' id='line_1_4' title="bbox 308 1349 1529 1421; baseline 0.002 -16"><span class='ocrx_word' id='word_1_6' title='bbox 308 1360 527 1405; x_wconf 81' lang='grc' dir='ltr'><strong><em>Πὰλλάδα</em></strong></span> <span class='ocrx_word' id='word_1_7' title='bbox 557 1349 853 1419; x_wconf 64' lang='grc' dir='ltr'><strong><em>περσέπολιν,</em></strong></span> <span class='ocrx_word' id='word_1_8' title='bbox 878 1362 1033 1407; x_wconf 82' lang='grc' dir='ltr'><strong><em>δεινὰν</em></strong></span> <span class='ocrx_word' id='word_1_9' title='bbox 1064 1361 1177 1408; x_wconf 78' lang='grc' dir='ltr'><strong><em>θεὸν</em></strong></span> <span class='ocrx_word' id='word_1_10' title='bbox 1209 1362 1529 1421; x_wconf 78' lang='grc' dir='ltr'><em>ἐγρεκύδοιμον</em></span> 
     </span>
    </p>
   </div>
   <div class='ocr_carea' id='block_1_4' title="bbox 202 1511 1737 2932">
    <p class='ocr_par' dir='ltr' id='par_1_4' title="bbox 202 1511 1737 2932">
     <span class='ocr_line' id='line_1_5' title="bbox 294 1511 1737 1576; baseline 0.003 -27.042"><span class='ocrx_word' id='word_1_11' title='bbox 294 1515 612 1575; x_wconf 28' lang='lat' dir='ltr'>Lammprocles</span> <span class='ocrx_word' id='word_1_12' title='bbox 651 1516 720 1552; x_wconf 88' lang='lat' dir='ltr'>·.Fr</span> <span class='ocrx_word' id='word_1_13' title='bbox 749 1520 779 1551; x_wconf 94' lang='lat'><strong><em>1.</em></strong></span> <span class='ocrx_word' id='word_1_14' title='bbox 826 1516 1012 1573; x_wconf 88' lang='lat' dir='ltr'>Aristoph.</span> <span class='ocrx_word' id='word_1_15' title='bbox 1039 1517 1136 1555; x_wconf 90' lang='lat' dir='ltr'>Nub.</span> <span class='ocrx_word' id='word_1_16' title='bbox 1161 1529 1195 1553; x_wconf 86' lang='lat' dir='ltr'>v</span> <span class='ocrx_word' id='word_1_17' title='bbox 1223 1521 1308 1553; x_wconf 83' lang='lat'>967:</span> <span class='ocrx_word' id='word_1_18' title='bbox 1336 1514 1420 1553; x_wconf 85' lang='grc' dir='ltr'><strong><em>Εἶτ’</em></strong></span> <span class='ocrx_word' id='word_1_19' title='bbox 1447 1511 1497 1553; x_wconf 80' lang='grc' dir='ltr'><strong><em>αὖ</em></strong></span> <span class='ocrx_word' id='word_1_20' title='bbox 1521 1519 1737 1576; x_wconf 77' lang='grc' dir='ltr'><strong><em>προμαθεῖν</em></strong></span> 
     </span>
     <span class='ocr_line' id='line_1_6' title="bbox 214 1557 1734 1624; baseline 0.001 -26"><span class='ocrx_word' id='word_1_21' title='bbox 214 1557 304 1612; x_wconf 80' lang='grc' dir='ltr'><strong><em>ᾆσμ’</em></strong></span> <span class='ocrx_word' id='word_1_22' title='bbox 334 1560 552 1620; x_wconf 80' lang='grc' dir='ltr'><strong><em>ἐδίδασκεν,</em></strong></span> <span class='ocrx_word' id='word_1_23' title='bbox 583 1559 633 1598; x_wconf 83' lang='grc' dir='ltr'><em>τώ</em></span> <span class='ocrx_word' id='word_1_24' title='bbox 660 1561 763 1620; x_wconf 79' lang='grc' dir='ltr'><strong><em>μηρὼ</em></strong></span> <span class='ocrx_word' id='word_1_25' title='bbox 789 1561 838 1609; x_wconf 92' lang='grc' dir='ltr'><strong><em>μὴ</em></strong></span> <span class='ocrx_word' id='word_1_26' title='bbox 865 1564 1106 1624; x_wconf 79' lang='grc' dir='ltr'><strong><em>ξυνέχοντας,</em></strong></span> <span class='ocrx_word' id='word_1_27' title='bbox 1129 1561 1181 1599; x_wconf 85' lang='grc' dir='ltr'><strong><em>Ἦ</em></strong></span> <span class='ocrx_word' id='word_1_28' title='bbox 1203 1562 1421 1600; x_wconf 78' lang='grc' dir='ltr'><em>Παλλάδα</em></span> <span class='ocrx_word' id='word_1_29' title='bbox 1453 1563 1734 1622; x_wconf 76' lang='grc' dir='ltr'><strong><em>περσέπολιν</em></strong></span> 
     </span>
     <span class='ocr_line' id='line_1_7' title="bbox 214 1599 1737 1695; baseline 0.001 -50"><span class='ocrx_word' id='word_1_30' title='bbox 214 1599 382 1646; x_wconf 74' lang='grc' dir='ltr'><strong><em>δεινὰν</em></strong></span> <span class='ocrx_word' id='word_1_31' title='bbox 415 1606 437 1655; x_wconf 83' lang='grc' dir='ltr'><em>ἢ</em></span> <span class='ocrx_word' id='word_1_32' title='bbox 475 1609 741 1654; x_wconf 86' lang='grc' dir='ltr'><strong><em>Τηλέπορόν</em></strong></span> <span class='ocrx_word' id='word_1_33' title='bbox 772 1624 813 1646; x_wconf 88' lang='grc' dir='ltr'><strong><em>τι</em></strong></span> <span class='ocrx_word' id='word_1_34' title='bbox 843 1608 895 1695; x_wconf 63' lang='lat'><strong><em>{30</em></strong></span> <span class='ocrx_word' id='word_1_35' title='bbox 906 1624 1012 1658; x_wconf 91' lang='grc' dir='ltr'><strong><em>αμα</em></strong></span> <span class='ocrx_word' id='word_1_36' title='bbox 1045 1609 1330 1657; x_wconf 80' lang='grc' dir='ltr'><strong><em>ἐντειναμένους</em></strong></span> <span class='ocrx_word' id='word_1_37' title='bbox 1362 1609 1430 1658; x_wconf 87' lang='grc' dir='ltr'><strong><em>τὴν</em></strong></span> <span class='ocrx_word' id='word_1_38' title='bbox 1455 1609 1655 1670; x_wconf 74' lang='grc' dir='ltr'><strong><em>ἁρμονίαν,</em></strong></span> <span class='ocrx_word' id='word_1_39' title='bbox 1687 1607 1737 1670; x_wconf 83' lang='grc' dir='ltr'><strong><em>ἣν</em></strong></span> 
     </span>
     <span class='ocr_line' id='line_1_8' title="bbox 213 1656 1735 1715; baseline 0.001 -21"><span class='ocrx_word' id='word_1_40' title='bbox 213 1657 252 1694; x_wconf 80' lang='grc' dir='ltr'><strong><em>οἵ</em></strong></span> <span class='ocrx_word' id='word_1_41' title='bbox 273 1656 433 1703; x_wconf 82' lang='grc' dir='ltr'><strong><em>πατέρες</em></strong></span> <span class='ocrx_word' id='word_1_42' title='bbox 457 1656 695 1715; x_wconf 75' lang='grc' dir='ltr'><strong><em>παρέδωκαν.</em></strong></span> <span class='ocrx_word' id='word_1_43' title='bbox 745 1657 841 1694; x_wconf 89' lang='lat' dir='ltr'>Scho</span> <span class='ocrx_word' id='word_1_44' title='bbox 895 1660 973 1695; x_wconf 89' lang='lat' dir='ltr'>cod.</span> <span class='ocrx_word' id='word_1_45' title='bbox 1011 1660 1101 1695; x_wconf 83' lang='lat' dir='ltr'>Rav</span> <span class='ocrx_word' id='word_1_46' title='bbox 1129 1661 1168 1694; x_wconf 90' lang='lat' dir='ltr'><strong><em>et</em></strong></span> <span class='ocrx_word' id='word_1_47' title='bbox 1197 1659 1232 1695; x_wconf 90' lang='lat' dir='ltr'><strong>V</strong></span> <span class='ocrx_word' id='word_1_48' title='bbox 1257 1661 1295 1695; x_wconf 90' lang='lat' dir='ltr'><strong><em>et</em></strong></span> <span class='ocrx_word' id='word_1_49' title='bbox 1325 1659 1372 1695; x_wconf 85' lang='lat' dir='ltr'><strong><em>G·</em></strong></span> <span class='ocrx_word' id='word_1_50' title='bbox 1405 1657 1604 1695; x_wconf 79' lang='grc' dir='ltr'><strong><em>Παλλάδα·</em></strong></span> <span class='ocrx_word' id='word_1_51' title='bbox 1612 1656 1735 1715; x_wconf 75' lang='grc' dir='ltr'><strong><em>Ἀρχή</em></strong></span> 
     </span>
     <span class='ocr_line' id='line_1_9' title="bbox 213 1701 1735 1765; baseline 0.001 -24"><span class='ocrx_word' id='word_1_52' title='bbox 213 1702 380 1762; x_wconf 81' lang='grc' dir='ltr'><strong><em>ᾄσματος</em></strong></span> <span class='ocrx_word' id='word_1_53' title='bbox 409 1706 611 1761; x_wconf 85' lang='grc' dir='ltr'><strong><em>Φρυνίχου,</em></strong></span> <span class='ocrx_word' id='word_1_54' title='bbox 637 1718 687 1746; x_wconf 87' lang='grc' dir='ltr'><strong><em>ως</em></strong></span> <span class='ocrx_word' id='word_1_55' title='bbox 708 1701 984 1765; x_wconf 80' lang='grc' dir='ltr'><strong><em>Ἐρατοσθένης</em></strong></span> <span class='ocrx_word' id='word_1_56' title='bbox 1009 1708 1105 1752; x_wconf 86' lang='grc' dir='ltr'><strong><em>φησί</em></strong></span> <span class='ocrx_word' id='word_1_57' title='bbox 1125 1703 1224 1755; x_wconf 88' lang='grc' dir='ltr'><strong><em>(ασμ.</em></strong></span> <span class='ocrx_word' id='word_1_58' title='bbox 1252 1718 1368 1764; x_wconf 83' lang='grc' dir='ltr'><strong><em>φησιν</em></strong></span> <span class='ocrx_word' id='word_1_59' title='bbox 1388 1703 1437 1748; x_wconf 78' lang='grc' dir='ltr'><strong><em>ὥς</em></strong></span> <span class='ocrx_word' id='word_1_60' title='bbox 1453 1704 1526 1752; x_wconf 89' lang='grc' dir='ltr'><strong><em>Ἑρ.</em></strong></span> <span class='ocrx_word' id='word_1_61' title='bbox 1547 1703 1647 1752; x_wconf 79' lang='grc' dir='ltr'><strong><em>φρύν</em></strong></span> <span class='ocrx_word' id='word_1_62' title='bbox 1659 1705 1735 1764; x_wconf 88' lang='lat' dir='ltr'><strong><em>V)·</em></strong></span> 
     </span>
     <span class='ocr_line' id='line_1_10' title="bbox 216 1742 1735 1813; baseline 0.002 -26"><span class='ocrx_word' id='word_1_63' title='bbox 216 1742 400 1810; x_wconf 84' lang='grc' dir='ltr'><strong><em>Φρύνιχος</em></strong></span> <span class='ocrx_word' id='word_1_64' title='bbox 430 1751 472 1787; x_wconf 79' lang='grc' dir='ltr'><strong><em>δὲ</em></strong></span> <span class='ocrx_word' id='word_1_65' title='bbox 507 1749 625 1788; x_wconf 78' lang='grc' dir='ltr'><strong><em>αὐτοῦ</em></strong></span> <span class='ocrx_word' id='word_1_66' title='bbox 652 1749 786 1788; x_wconf 84' lang='grc' dir='ltr'><strong><em>τούτου</em></strong></span> <span class='ocrx_word' id='word_1_67' title='bbox 819 1753 886 1788; x_wconf 82' lang='grc' dir='ltr'><strong><em>τοῦ</em></strong></span> <span class='ocrx_word' id='word_1_68' title='bbox 921 1751 1086 1810; x_wconf 78' lang='grc' dir='ltr'><strong><em>ᾄσματος</em></strong></span> <span class='ocrx_word' id='word_1_69' title='bbox 1116 1752 1345 1813; x_wconf 78' lang='grc' dir='ltr'><strong><em>μνημονεύει</em></strong></span> <span class='ocrx_word' id='word_1_70' title='bbox 1370 1750 1420 1795; x_wconf 79' lang='grc' dir='ltr'><strong><em>ὡς</em></strong></span> <span class='ocrx_word' id='word_1_71' title='bbox 1443 1752 1735 1800; x_wconf 79' lang='grc' dir='ltr'><strong><em>Λαμπροκλέους</em></strong></span> 
     </span>
     <span class='ocr_line' id='line_1_11' title="bbox 214 1790 1735 1859; baseline 0.001 -25"><span class='ocrx_word' id='word_1_72' title='bbox 214 1798 339 1840; x_wconf 81' lang='grc' dir='ltr'><strong><em>ὄντος·</em></strong></span> <span class='ocrx_word' id='word_1_73' title='bbox 365 1797 586 1834; x_wconf 82' lang='grc' dir='ltr'><strong><em>Παλλάδα</em></strong></span> <span class='ocrx_word' id='word_1_74' title='bbox 612 1800 889 1843; x_wconf 78' lang='grc' dir='ltr'><strong><em>περσέπολιν</em></strong></span> <span class='ocrx_word' id='word_1_75' title='bbox 915 1790 1059 1847; x_wconf 83' lang='grc' dir='ltr'><strong><em>κλῄζω</em></strong></span> <span class='ocrx_word' id='word_1_76' title='bbox 1073 1800 1344 1859; x_wconf 83' lang='grc' dir='ltr'><strong><em>(περσέπτολιν</em></strong></span> <span class='ocrx_word' id='word_1_77' title='bbox 1370 1802 1504 1846; x_wconf 78' lang='grc' dir='ltr'><strong><em>κληίζω</em></strong></span> <span class='ocrx_word' id='word_1_78' title='bbox 1522 1801 1629 1858; x_wconf 84' lang='lat' dir='ltr'>RV),</span> <span class='ocrx_word' id='word_1_79' title='bbox 1653 1813 1735 1836; x_wconf 81' lang='grc' dir='ltr'><strong><em>πο-</em></strong></span> 
     </span>
     <span class='ocr_line' id='line_1_12' title="bbox 211 1843 1734 1905; baseline 0.001 -24"><span class='ocrx_word' id='word_1_80' title='bbox 211 1845 474 1892; x_wconf 82' lang='grc' dir='ltr'><strong><em>λεμαδόκον</em></strong></span> <span class='ocrx_word' id='word_1_81' title='bbox 500 1844 770 1891; x_wconf 82' lang='grc' dir='ltr'><strong><em>(πολεμοδόκον</em></strong></span> <span class='ocrx_word' id='word_1_82' title='bbox 795 1849 845 1904; x_wconf 76' lang='grc' dir='ltr'><strong><em>Ω)</em></strong></span> <span class='ocrx_word' id='word_1_83' title='bbox 872 1845 1022 1893; x_wconf 75' lang='grc' dir='ltr'><strong><em>ἁγνὰν</em></strong></span> <span class='ocrx_word' id='word_1_84' title='bbox 1047 1843 1183 1894; x_wconf 78' lang='grc' dir='ltr'><strong><em>(ἁγνὴν</em></strong></span> <span class='ocrx_word' id='word_1_85' title='bbox 1210 1848 1255 1893; x_wconf 88' lang='lat' dir='ltr'><strong><em>G)</em></strong></span> <span class='ocrx_word' id='word_1_86' title='bbox 1282 1849 1428 1884; x_wconf 84' lang='grc' dir='ltr'><strong><em>παῖδα</em></strong></span> <span class='ocrx_word' id='word_1_87' title='bbox 1453 1845 1563 1889; x_wconf 84' lang='grc' dir='ltr'><strong><em>Διὸς</em></strong></span> <span class='ocrx_word' id='word_1_88' title='bbox 1593 1845 1734 1905; x_wconf 73' lang='grc' dir='ltr'><strong><em>μεγά-</em></strong></span> 
     </span>
     <span class='ocr_line' id='line_1_13' title="bbox 213 1891 1735 1954; baseline 0.001 -25"><span class='ocrx_word' id='word_1_89' title='bbox 213 1897 303 1930; x_wconf 89' lang='grc' dir='ltr'><strong><em>λου.</em></strong></span> <span class='ocrx_word' id='word_1_90' title='bbox 347 1893 509 1929; x_wconf 85' lang='lat' dir='ltr'>Dindorf</span> <span class='ocrx_word' id='word_1_91' title='bbox 537 1894 675 1929; x_wconf 84' lang='lat' dir='ltr'>adiecit</span> <span class='ocrx_word' id='word_1_92' title='bbox 708 1892 951 1940; x_wconf 87' lang='grc' dir='ltr'><strong><em>δαμάσιππον</em></strong></span> <span class='ocrx_word' id='word_1_93' title='bbox 982 1907 1026 1931; x_wconf 84' lang='lat' dir='ltr'><strong><em>ex</em></strong></span> <span class='ocrx_word' id='word_1_94' title='bbox 1052 1896 1174 1932; x_wconf 84' lang='lat' dir='ltr'>Schol.</span> <span class='ocrx_word' id='word_1_95' title='bbox 1205 1895 1309 1931; x_wconf 90' lang='lat' dir='ltr'>Ald.:</span> <span class='ocrx_word' id='word_1_96' title='bbox 1341 1897 1424 1939; x_wconf 78' lang='grc' dir='ltr'><strong><em>εἴδη</em></strong></span> <span class='ocrx_word' id='word_1_97' title='bbox 1456 1892 1637 1954; x_wconf 75' lang='grc' dir='ltr'><strong><em>ᾀσμάτων</em></strong></span> <span class='ocrx_word' id='word_1_98' title='bbox 1663 1891 1735 1941; x_wconf 77' lang='grc' dir='ltr'><strong><em>ἀμ-</em></strong></span> 
     </span>
     <span class='ocr_line' id='line_1_14' title="bbox 215 1931 1734 2000; baseline 0.001 -24"><span class='ocrx_word' id='word_1_99' title='bbox 215 1939 376 1998; x_wconf 83' lang='grc' dir='ltr'><strong><em>φότερα,</em></strong></span> <span class='ocrx_word' id='word_1_100' title='bbox 410 1938 452 1975; x_wconf 86' lang='grc' dir='ltr'><strong><em>τὸ</em></strong></span> <span class='ocrx_word' id='word_1_101' title='bbox 486 1939 707 1975; x_wconf 79' lang='grc' dir='ltr'><strong><em>Παλλάδα</em></strong></span> <span class='ocrx_word' id='word_1_102' title='bbox 738 1954 789 1976; x_wconf 84' lang='grc' dir='ltr'><strong><em>πε</em></strong></span> <span class='ocrx_word' id='word_1_103' title='bbox 803 1941 1044 1987; x_wconf 86' lang='grc' dir='ltr'><strong><em>ρσεπτολιν</em></strong></span> <span class='ocrx_word' id='word_1_104' title='bbox 1075 1940 1194 1978; x_wconf 79' lang='grc' dir='ltr'><strong><em>θεὰν</em></strong></span> <span class='ocrx_word' id='word_1_105' title='bbox 1226 1942 1290 1978; x_wconf 79' lang='grc' dir='ltr'><strong><em>καὶ</em></strong></span> <span class='ocrx_word' id='word_1_106' title='bbox 1322 1940 1363 1978; x_wconf 86' lang='grc' dir='ltr'><strong><em>τὸ</em></strong></span> <span class='ocrx_word' id='word_1_107' title='bbox 1400 1931 1668 2000; x_wconf 87' lang='grc' dir='ltr'><strong><em>Τηλέπορόν</em></strong></span> <span class='ocrx_word' id='word_1_108' title='bbox 1693 1955 1734 1978; x_wconf 85' lang='grc' dir='ltr'><strong><em>τι</em></strong></span> 
     </span>
     <span class='ocr_line' id='line_1_15' title="bbox 213 1982 1734 2045; baseline 0.002 -23"><span class='ocrx_word' id='word_1_109' title='bbox 213 1985 381 2034; x_wconf 87' lang='grc' dir='ltr'><strong><em>βόαμα.</em></strong></span> <span class='ocrx_word' id='word_1_110' title='bbox 408 1985 449 2022; x_wconf 89' lang='grc' dir='ltr'><strong><em>τὸ</em></strong></span> <span class='ocrx_word' id='word_1_111' title='bbox 477 1986 557 2033; x_wconf 73' lang='grc' dir='ltr'><strong><em>μὲν</em></strong></span> <span class='ocrx_word' id='word_1_112' title='bbox 573 1982 641 2023; x_wconf 77' lang='grc' dir='ltr'><strong><em>οὖν</em></strong></span> <span class='ocrx_word' id='word_1_113' title='bbox 666 1985 849 2033; x_wconf 84' lang='grc' dir='ltr'><strong><em>πρότερον</em></strong></span> <span class='ocrx_word' id='word_1_114' title='bbox 874 1992 1065 2045; x_wconf 90' lang='grc' dir='ltr'><strong><em>Λαμπρο</em></strong></span> <span class='ocrx_word' id='word_1_115' title='bbox 1078 1989 1242 2030; x_wconf 72' lang='grc' dir='ltr'><strong><em>πλεους</em></strong></span> <span class='ocrx_word' id='word_1_116' title='bbox 1266 1987 1501 2034; x_wconf 80' lang='grc' dir='ltr'><strong><em>εἶναίφασιν</em></strong></span> <span class='ocrx_word' id='word_1_117' title='bbox 1522 1986 1734 2035; x_wconf 75' lang='grc' dir='ltr'><strong><em>Ἀθηναίου,</em></strong></span> 
     </span>
     <span class='ocr_line' id='line_1_16' title="bbox 211 2032 1732 2092; baseline 0.001 -21"><span class='ocrx_word' id='word_1_118' title='bbox 211 2036 278 2071; x_wconf 73' lang='grc' dir='ltr'><strong><em>τοῦ</em></strong></span> <span class='ocrx_word' id='word_1_119' title='bbox 315 2036 494 2075; x_wconf 86' lang='grc' dir='ltr'><strong><em>Μίδωνος</em></strong></span> <span class='ocrx_word' id='word_1_120' title='bbox 529 2032 631 2070; x_wconf 81' lang='grc' dir='ltr'><strong><em>υιοῦ·</em></strong></span> <span class='ocrx_word' id='word_1_121' title='bbox 672 2034 749 2092; x_wconf 78' lang='grc' dir='ltr'><strong><em>ἔχει</em></strong></span> <span class='ocrx_word' id='word_1_122' title='bbox 788 2034 829 2071; x_wconf 74' lang='grc' dir='ltr'><strong><em>δὲ</em></strong></span> <span class='ocrx_word' id='word_1_123' title='bbox 870 2049 1001 2078; x_wconf 87' lang='grc' dir='ltr'><strong><em>ουτως</em></strong></span> <span class='ocrx_word' id='word_1_124' title='bbox 1042 2039 1089 2072; x_wconf 94' lang='grc' dir='ltr'><strong><em>Π.</em></strong></span> <span class='ocrx_word' id='word_1_125' title='bbox 1128 2035 1437 2082; x_wconf 87' lang='grc' dir='ltr'><strong><em>περσέπτολιν</em></strong></span> <span class='ocrx_word' id='word_1_126' title='bbox 1471 2038 1651 2081; x_wconf 76' lang='grc' dir='ltr'><strong><em>κληίζω.</em></strong></span> <span class='ocrx_word' id='word_1_127' title='bbox 1694 2049 1732 2073; x_wconf 87' lang='grc' dir='ltr'><strong><em>π.</em></strong></span> 
     </span>
     <span class='ocr_line' id='line_1_17' title="bbox 202 2079 1734 2130; baseline 0.001 -13"><span class='ocrx_word' id='word_1_128' title='bbox 202 2079 353 2128; x_wconf 78' lang='grc' dir='ltr'><strong><em>’ἁγνὸν</em></strong></span> <span class='ocrx_word' id='word_1_129' title='bbox 385 2095 422 2117; x_wconf 86' lang='grc' dir='ltr'><strong><em>π.</em></strong></span> <span class='ocrx_word' id='word_1_130' title='bbox 455 2086 497 2117; x_wconf 89' lang='grc' dir='ltr'><strong><em>Δ.</em></strong></span> <span class='ocrx_word' id='word_1_131' title='bbox 533 2095 568 2127; x_wconf 91' lang='grc' dir='ltr'><strong><em>μ.</em></strong></span> <span class='ocrx_word' id='word_1_132' title='bbox 609 2080 917 2129; x_wconf 85' lang='grc' dir='ltr'><strong><em>δαμάσιππον.</em></strong></span> <span class='ocrx_word' id='word_1_133' title='bbox 969 2085 1007 2119; x_wconf 89' lang='lat' dir='ltr'><strong><em>Si</em></strong></span> <span class='ocrx_word' id='word_1_134' title='bbox 1045 2086 1144 2120; x_wconf 88' lang='lat' dir='ltr'>recte</span> <span class='ocrx_word' id='word_1_135' title='bbox 1182 2095 1220 2119; x_wconf 80' lang='lat' dir='ltr'><strong><em>se</em></strong></span> <span class='ocrx_word' id='word_1_136' title='bbox 1257 2084 1440 2119; x_wconf 73' lang='lat' dir='ltr'>haberent</span> <span class='ocrx_word' id='word_1_137' title='bbox 1468 2084 1590 2130; x_wconf 84' lang='lat' dir='ltr'>prima</span> <span class='ocrx_word' id='word_1_138' title='bbox 1619 2083 1734 2120; x_wconf 87' lang='lat' dir='ltr'>verba</span> 
     </span>
     <span class='ocr_line' id='line_1_18' title="bbox 210 2129 1729 2177; baseline 0.001 -12"><span class='ocrx_word' id='word_1_139' title='bbox 210 2130 319 2165; x_wconf 87' lang='lat' dir='ltr'>huius</span> <span class='ocrx_word' id='word_1_140' title='bbox 343 2129 488 2170; x_wconf 88' lang='lat' dir='ltr'>scholii</span> <span class='ocrx_word' id='word_1_141' title='bbox 515 2129 722 2175; x_wconf 88' lang='lat' dir='ltr'>quicunque</span> <span class='ocrx_word' id='word_1_142' title='bbox 748 2131 841 2166; x_wconf 83' lang='lat' dir='ltr'>haec</span> <span class='ocrx_word' id='word_1_143' title='bbox 867 2131 1026 2177; x_wconf 87' lang='lat' dir='ltr'>scripsit,</span> <span class='ocrx_word' id='word_1_144' title='bbox 1052 2131 1192 2167; x_wconf 87' lang='lat' dir='ltr'>diceret</span> <span class='ocrx_word' id='word_1_145' title='bbox 1216 2131 1504 2167; x_wconf 70' lang='lat' dir='ltr'>Eratosthenem</span> <span class='ocrx_word' id='word_1_146' title='bbox 1529 2141 1604 2166; x_wconf 91' lang='lat' dir='ltr'><strong><em>non</em></strong></span> <span class='ocrx_word' id='word_1_147' title='bbox 1628 2131 1729 2167; x_wconf 84' lang='lat' dir='ltr'>recte</span> 
     </span>
     <span class='ocr_line' id='line_1_19' title="bbox 209 2177 1730 2236; baseline 0.001 -24"><span class='ocrx_word' id='word_1_148' title='bbox 209 2179 280 2213; x_wconf 89' lang='lat' dir='ltr'><strong><em>hoc</em></strong></span> <span class='ocrx_word' id='word_1_149' title='bbox 299 2187 448 2213; x_wconf 83' lang='lat' dir='ltr'>carmen</span> <span class='ocrx_word' id='word_1_150' title='bbox 461 2177 671 2223; x_wconf 74' lang='lat' dir='ltr'><em>Phrynicho</em></span> <span class='ocrx_word' id='word_1_151' title='bbox 690 2178 874 2222; x_wconf 83' lang='lat' dir='ltr'>tribuisse,</span> <span class='ocrx_word' id='word_1_152' title='bbox 901 2190 983 2214; x_wconf 82' lang='grc' dir='ltr'><strong><em>οιιιιι</em></strong></span> <span class='ocrx_word' id='word_1_153' title='bbox 1004 2178 1052 2214; x_wconf 88' lang='lat' dir='ltr'><strong><em>sit</em></strong></span> <span class='ocrx_word' id='word_1_154' title='bbox 1070 2179 1315 2236; x_wconf 71' lang='lat' dir='ltr'>Lamproczis:</span> <span class='ocrx_word' id='word_1_155' title='bbox 1341 2180 1383 2214; x_wconf 84' lang='lat' dir='ltr'><strong><em>at</em></strong></span> <span class='ocrx_word' id='word_1_156' title='bbox 1400 2177 1623 2214; x_wconf 85' lang='lat' dir='ltr'>commode</span> <span class='ocrx_word' id='word_1_157' title='bbox 1612 2178 1730 2223; x_wconf 81' lang='lat' dir='ltr'>ipsius</span> 
     </span>
     <span class='ocr_line' id='line_1_20' title="bbox 210 2221 1729 2284; baseline 0.001 -25"><span class='ocrx_word' id='word_1_158' title='bbox 210 2223 468 2260; x_wconf 83' lang='lat' dir='ltr'>Eratosthenis</span> <span class='ocrx_word' id='word_1_159' title='bbox 494 2224 608 2259; x_wconf 89' lang='lat' dir='ltr'>verba</span> <span class='ocrx_word' id='word_1_160' title='bbox 633 2226 780 2260; x_wconf 86' lang='lat' dir='ltr'>servata</span> <span class='ocrx_word' id='word_1_161' title='bbox 806 2227 892 2261; x_wconf 88' lang='lat' dir='ltr'>sunt</span> <span class='ocrx_word' id='word_1_162' title='bbox 915 2225 955 2261; x_wconf 91' lang='lat' dir='ltr'><strong><em>in</em></strong></span> <span class='ocrx_word' id='word_1_163' title='bbox 979 2226 1054 2262; x_wconf 85' lang='lat' dir='ltr'>alio</span> <span class='ocrx_word' id='word_1_164' title='bbox 1080 2225 1238 2261; x_wconf 88' lang='lat' dir='ltr'>scholio·</span> <span class='ocrx_word' id='word_1_165' title='bbox 1256 2223 1401 2266; x_wconf 75' lang='grc' dir='ltr'><strong><em>Ἄλλως·</em></strong></span> <span class='ocrx_word' id='word_1_166' title='bbox 1432 2238 1550 2266; x_wconf 86' lang='grc' dir='ltr'><strong><em>ουτως</em></strong></span> <span class='ocrx_word' id='word_1_167' title='bbox 1571 2221 1729 2284; x_wconf 85' lang='grc' dir='ltr'><strong><em>Ἐρατο-</em></strong></span> 
     </span>
     <span class='ocr_line' id='line_1_21' title="bbox 211 2268 1733 2330; baseline 0.001 -24"><span class='ocrx_word' id='word_1_168' title='bbox 211 2271 368 2329; x_wconf 77' lang='grc' dir='ltr'><strong><em>σθένης·</em></strong></span> <span class='ocrx_word' id='word_1_169' title='bbox 397 2268 579 2316; x_wconf 86' lang='grc' dir='ltr'><strong><em>Φρύνιχος</em></strong></span> <span class='ocrx_word' id='word_1_170' title='bbox 604 2268 722 2307; x_wconf 78' lang='grc' dir='ltr'><strong><em>αὐτοῦ</em></strong></span> <span class='ocrx_word' id='word_1_171' title='bbox 741 2269 875 2308; x_wconf 84' lang='grc' dir='ltr'><strong><em>τούτου</em></strong></span> <span class='ocrx_word' id='word_1_172' title='bbox 895 2274 961 2308; x_wconf 82' lang='grc' dir='ltr'><strong><em>τοῦ</em></strong></span> <span class='ocrx_word' id='word_1_173' title='bbox 981 2285 1146 2323; x_wconf 87' lang='grc' dir='ltr'><strong><em>ασματος</em></strong></span> <span class='ocrx_word' id='word_1_174' title='bbox 1165 2271 1351 2329; x_wconf 88' lang='grc' dir='ltr'><strong><em>μέμνηται</em></strong></span> <span class='ocrx_word' id='word_1_175' title='bbox 1370 2269 1419 2313; x_wconf 80' lang='grc' dir='ltr'><strong><em>ὡς</em></strong></span> <span class='ocrx_word' id='word_1_176' title='bbox 1436 2269 1733 2330; x_wconf 80' lang='grc' dir='ltr'><strong><em>Λαμπροκλὲους</em></strong></span> 
     </span>
     <span class='ocr_line' id='line_1_22' title="bbox 211 2315 1732 2376; baseline 0.001 -22"><span class='ocrx_word' id='word_1_177' title='bbox 211 2317 319 2359; x_wconf 85' lang='grc' dir='ltr'><strong><em>ὄντος</em></strong></span> <span class='ocrx_word' id='word_1_178' title='bbox 342 2319 409 2354; x_wconf 78' lang='grc' dir='ltr'><strong><em>τοῦ</em></strong></span> <span class='ocrx_word' id='word_1_179' title='bbox 440 2319 619 2359; x_wconf 87' lang='grc' dir='ltr'><strong><em>Μίδωνος</em></strong></span> <span class='ocrx_word' id='word_1_180' title='bbox 642 2315 768 2354; x_wconf 74' lang='grc' dir='ltr'><strong><em>υἰοῦ”</em></strong></span> <span class='ocrx_word' id='word_1_181' title='bbox 747 2316 776 2376; x_wconf 82' lang='grc' dir='ltr'><strong><em>ἠ</em></strong></span> <span class='ocrx_word' id='word_1_182' title='bbox 804 2321 994 2366; x_wconf 80' lang='grc' dir='ltr'><strong><em>μαθητου·</em></strong></span> <span class='ocrx_word' id='word_1_183' title='bbox 1029 2320 1105 2366; x_wconf 78' lang='grc' dir='ltr'><strong><em>ἔχει</em></strong></span> <span class='ocrx_word' id='word_1_184' title='bbox 1130 2318 1173 2356; x_wconf 74' lang='grc' dir='ltr'><strong><em>δὲ·</em></strong></span> <span class='ocrx_word' id='word_1_185' title='bbox 1206 2316 1340 2360; x_wconf 86' lang='grc' dir='ltr'><strong><em>ουτως·</em></strong></span> <span class='ocrx_word' id='word_1_186' title='bbox 1372 2317 1593 2355; x_wconf 79' lang='grc' dir='ltr'><strong><em>Παλλάδα</em></strong></span> <span class='ocrx_word' id='word_1_187' title='bbox 1623 2331 1732 2364; x_wconf 81' lang='grc' dir='ltr'><strong><em>περ-</em></strong></span> 
     </span>
     <span class='ocr_line' id='line_1_23' title="bbox 213 2364 1728 2425; baseline 0 -23"><span class='ocrx_word' id='word_1_188' title='bbox 213 2365 427 2402; x_wconf 88' lang='grc' dir='ltr'><strong><em>σέπτολιν</em></strong></span> <span class='ocrx_word' id='word_1_189' title='bbox 472 2364 631 2421; x_wconf 84' lang='grc' dir='ltr'><strong><em>δεινὴν</em></strong></span> <span class='ocrx_word' id='word_1_190' title='bbox 675 2364 789 2402; x_wconf 77' lang='grc' dir='ltr'><strong><em>θεὸν</em></strong></span> <span class='ocrx_word' id='word_1_191' title='bbox 838 2365 1176 2425; x_wconf 75' lang='grc' dir='ltr'><strong><em>ἐγρεκύδοιμον</em></strong></span> <span class='ocrx_word' id='word_1_192' title='bbox 1217 2366 1489 2412; x_wconf 81' lang='grc' dir='ltr'><strong><em>ποτικληΐζω</em></strong></span> <span class='ocrx_word' id='word_1_193' title='bbox 1526 2369 1728 2423; x_wconf 81' lang='grc' dir='ltr'><strong><em>πολεμα-</em></strong></span> 
     </span>
     <span class='ocr_line' id='line_1_24' title="bbox 212 2410 1682 2473; baseline 0.001 -25"><span class='ocrx_word' id='word_1_194' title='bbox 212 2410 350 2449; x_wconf 82' lang='grc' dir='ltr'><strong><em>δόκον</em></strong></span> <span class='ocrx_word' id='word_1_195' title='bbox 376 2410 526 2473; x_wconf 59' lang='grc' dir='ltr'><strong><em>ἅγναν</em></strong></span> <span class='ocrx_word' id='word_1_196' title='bbox 551 2415 694 2449; x_wconf 81' lang='grc' dir='ltr'><strong><em>παῖδα</em></strong></span> <span class='ocrx_word' id='word_1_197' title='bbox 720 2412 830 2455; x_wconf 85' lang='grc' dir='ltr'><strong><em>Διὸς</em></strong></span> <span class='ocrx_word' id='word_1_198' title='bbox 855 2413 1054 2460; x_wconf 78' lang='grc' dir='ltr'><strong><em>μεγάλου</em></strong></span> <span class='ocrx_word' id='word_1_199' title='bbox 1081 2411 1387 2460; x_wconf 86' lang='grc' dir='ltr'><strong><em>δαμάσιππον.</em></strong></span> <span class='ocrx_word' id='word_1_200' title='bbox 1418 2414 1484 2449; x_wconf 77' lang='grc' dir='ltr'><strong><em>καὶ</em></strong></span> <span class='ocrx_word' id='word_1_201' title='bbox 1509 2427 1605 2450; x_wconf 77' lang='grc' dir='ltr'><strong><em>κατα</em></strong></span> <span class='ocrx_word' id='word_1_202' title='bbox 1624 2416 1682 2449; x_wconf 84' lang='grc' dir='ltr'><strong><em>Λα</em></strong></span> 
     </span>
     <span class='ocr_line' id='line_1_25' title="bbox 210 2459 1729 2516; baseline -0.001 -20"><span class='ocrx_word' id='word_1_203' title='bbox 210 2459 376 2516; x_wconf 82' lang='grc' dir='ltr'><strong><em>προκλέα</em></strong></span> <span class='ocrx_word' id='word_1_204' title='bbox 400 2461 603 2505; x_wconf 80' lang='grc' dir='ltr'><strong><em>υποτίθησι</em></strong></span> <span class='ocrx_word' id='word_1_205' title='bbox 628 2473 723 2496; x_wconf 81' lang='grc' dir='ltr'><strong><em>κατα</em></strong></span> <span class='ocrx_word' id='word_1_206' title='bbox 742 2460 854 2504; x_wconf 82' lang='grc' dir='ltr'><strong><em>λέξιν.</em></strong></span> <span class='ocrx_word' id='word_1_207' title='bbox 892 2473 988 2507; x_wconf 88' lang='lat' dir='ltr'>quae</span> <span class='ocrx_word' id='word_1_208' title='bbox 1007 2461 1167 2498; x_wconf 90' lang='lat' dir='ltr'>Dindorf</span> <span class='ocrx_word' id='word_1_209' title='bbox 1180 2462 1235 2497; x_wconf 82' lang='lat' dir='ltr'><strong><em>ita</em></strong></span> <span class='ocrx_word' id='word_1_210' title='bbox 1253 2460 1506 2506; x_wconf 80' lang='lat' dir='ltr'>interpolavit,</span> <span class='ocrx_word' id='word_1_211' title='bbox 1536 2461 1579 2496; x_wconf 84' lang='lat' dir='ltr'>ut</span> <span class='ocrx_word' id='word_1_212' title='bbox 1596 2461 1729 2506; x_wconf 85' lang='grc' dir='ltr'><strong><em>δεινην</em></strong></span> 
     </span>
     <span class='ocr_line' id='line_1_26' title="bbox 211 2505 1724 2553; baseline 0 -10"><span class='ocrx_word' id='word_1_213' title='bbox 211 2505 308 2543; x_wconf 78' lang='grc' dir='ltr'><strong><em>θεὸν</em></strong></span> <span class='ocrx_word' id='word_1_214' title='bbox 346 2505 614 2553; x_wconf 75' lang='grc' dir='ltr'><strong><em>ἐγρεκύδοιμον</em></strong></span> <span class='ocrx_word' id='word_1_215' title='bbox 650 2521 736 2543; x_wconf 91' lang='grc' dir='ltr'><strong><em>ποτι</em></strong></span> <span class='ocrx_word' id='word_1_216' title='bbox 767 2529 810 2534; x_wconf 95' lang='grc'>-</span> <span class='ocrx_word' id='word_1_217' title='bbox 843 2509 1003 2545; x_wconf 86' lang='lat' dir='ltr'>eiiceret.</span> <span class='ocrx_word' id='word_1_218' title='bbox 1059 2510 1142 2545; x_wconf 89' lang='lat' dir='ltr'><strong><em>Non</em></strong></span> <span class='ocrx_word' id='word_1_219' title='bbox 1174 2510 1300 2544; x_wconf 82' lang='lat' dir='ltr'>tamen</span> <span class='ocrx_word' id='word_1_220' title='bbox 1333 2508 1618 2544; x_wconf 85' lang='lat' dir='ltr'>existimandum</span> <span class='ocrx_word' id='word_1_221' title='bbox 1656 2509 1724 2550; x_wconf 81' lang='lat' dir='ltr'>est,</span> 
     </span>
     <span class='ocr_line' id='line_1_27' title="bbox 209 2553 1726 2601; baseline -0.001 -11"><span class='ocrx_word' id='word_1_222' title='bbox 209 2556 316 2590; x_wconf 87' lang='lat' dir='ltr'>illum</span> <span class='ocrx_word' id='word_1_223' title='bbox 341 2555 579 2590; x_wconf 86' lang='lat' dir='ltr'>scholiastam</span> <span class='ocrx_word' id='word_1_224' title='bbox 602 2554 836 2601; x_wconf 87' lang='lat' dir='ltr'>impudenter</span> <span class='ocrx_word' id='word_1_225' title='bbox 861 2556 1099 2592; x_wconf 83' lang='lat' dir='ltr'>Eratostheni</span> <span class='ocrx_word' id='word_1_226' title='bbox 1116 2556 1355 2592; x_wconf 87' lang='lat' dir='ltr'>adversatum</span> <span class='ocrx_word' id='word_1_227' title='bbox 1373 2566 1462 2599; x_wconf 85' lang='lat' dir='ltr'>esse,</span> <span class='ocrx_word' id='word_1_228' title='bbox 1487 2556 1530 2590; x_wconf 90' lang='lat' dir='ltr'>ut</span> <span class='ocrx_word' id='word_1_229' title='bbox 1547 2565 1642 2600; x_wconf 86' lang='lat' dir='ltr'>quae</span> <span class='ocrx_word' id='word_1_230' title='bbox 1660 2553 1726 2590; x_wconf 88' lang='lat' dir='ltr'>ille</span> 
     </span>
     <span class='ocr_line' id='line_1_28' title="bbox 210 2583 1724 2660; baseline -0.001 -22"><span class='ocrx_word' id='word_1_231' title='bbox 210 2603 386 2638; x_wconf 81' lang='lat' dir='ltr'>docuerat</span> <span class='ocrx_word' id='word_1_232' title='bbox 416 2602 516 2637; x_wconf 84' lang='lat' dir='ltr'>mala</span> <span class='ocrx_word' id='word_1_233' title='bbox 545 2602 676 2638; x_wconf 87' lang='lat' dir='ltr'>fraude</span> <span class='ocrx_word' id='word_1_234' title='bbox 706 2602 747 2637; x_wconf 90' lang='lat' dir='ltr'><strong><em>in</em></strong></span> <span class='ocrx_word' id='word_1_235' title='bbox 777 2614 884 2638; x_wconf 88' lang='lat' dir='ltr'>suum</span> <span class='ocrx_word' id='word_1_236' title='bbox 915 2615 1022 2639; x_wconf 88' lang='lat' dir='ltr'>usum</span> <span class='ocrx_word' id='word_1_237' title='bbox 1047 2604 1295 2660; x_wconf 87' lang='lat' dir='ltr'>converteret,</span> <span class='ocrx_word' id='word_1_238' title='bbox 1327 2602 1393 2638; x_wconf 86' lang='lat' dir='ltr'><strong><em>sed</em></strong></span> <span class='ocrx_word' id='word_1_239' title='bbox 1422 2583 1571 2638; x_wconf 82' lang='lat' dir='ltr'>videtur</span> <span class='ocrx_word' id='word_1_240' title='bbox 1592 2601 1631 2636; x_wconf 92' lang='lat' dir='ltr'><strong><em>in</em></strong></span> <span class='ocrx_word' id='word_1_241' title='bbox 1658 2601 1724 2638; x_wconf 87' lang='lat' dir='ltr'>illo</span> 
     </span>
     <span class='ocr_line' id='line_1_29' title="bbox 210 2645 1723 2698; baseline -0.001 -14"><span class='ocrx_word' id='word_1_242' title='bbox 210 2649 352 2685; x_wconf 86' lang='lat' dir='ltr'>scholio</span> <span class='ocrx_word' id='word_1_243' title='bbox 372 2649 623 2684; x_wconf 85' lang='lat' dir='ltr'>scribendum:</span> <span class='ocrx_word' id='word_1_244' title='bbox 645 2645 747 2695; x_wconf 84' lang='grc' dir='ltr'><strong><em>Ἀρχὴ</em></strong></span> <span class='ocrx_word' id='word_1_245' title='bbox 767 2647 931 2698; x_wconf 79' lang='grc' dir='ltr'><strong><em>ᾄσματος</em></strong></span> <span class='ocrx_word' id='word_1_246' title='bbox 951 2652 1153 2696; x_wconf 86' lang='grc' dir='ltr'><strong><em>Φρυνίχου,</em></strong></span> <span class='ocrx_word' id='word_1_247' title='bbox 1174 2647 1222 2690; x_wconf 79' lang='grc' dir='ltr'><strong><em>ὡς</em></strong></span> <span class='ocrx_word' id='word_1_248' title='bbox 1242 2648 1283 2685; x_wconf 77' lang='grc' dir='ltr'><strong><em>δὲ</em></strong></span> <span class='ocrx_word' id='word_1_249' title='bbox 1302 2646 1574 2694; x_wconf 75' lang='grc' dir='ltr'><strong><em>Ἐρατοσθένης</em></strong></span> <span class='ocrx_word' id='word_1_250' title='bbox 1594 2649 1723 2693; x_wconf 86' lang='grc' dir='ltr'><strong><em>φησίν,</em></strong></span> 
     </span>
     <span class='ocr_line' id='line_1_30' title="bbox 211 2692 1723 2743; baseline -0.001 -12"><span class='ocrx_word' id='word_1_251' title='bbox 211 2695 393 2741; x_wconf 82' lang='grc' dir='ltr'><strong><em>Φρύνιχος</em></strong></span> <span class='ocrx_word' id='word_1_252' title='bbox 417 2692 534 2732; x_wconf 77' lang='grc' dir='ltr'><strong><em>αὐτοῦ</em></strong></span> <span class='ocrx_word' id='word_1_253' title='bbox 559 2693 693 2732; x_wconf 81' lang='grc' dir='ltr'><strong><em>τούτου</em></strong></span> <span class='ocrx_word' id='word_1_254' title='bbox 719 2700 792 2732; x_wconf 83' lang='grc' dir='ltr'><strong><em>κτλ.</em></strong></span> <span class='ocrx_word' id='word_1_255' title='bbox 843 2697 1045 2743; x_wconf 80' lang='lat' dir='ltr'>Phrynichi</span> <span class='ocrx_word' id='word_1_256' title='bbox 1075 2709 1223 2733; x_wconf 84' lang='lat' dir='ltr'>carmen</span> <span class='ocrx_word' id='word_1_257' title='bbox 1254 2697 1302 2732; x_wconf 88' lang='lat' dir='ltr'>ab</span> <span class='ocrx_word' id='word_1_258' title='bbox 1327 2695 1574 2741; x_wconf 78' lang='lat' dir='ltr'>Aristophane</span> <span class='ocrx_word' id='word_1_259' title='bbox 1598 2695 1723 2731; x_wconf 88' lang='lat' dir='ltr'>notari</span> 
     </span>
     <span class='ocr_line' id='line_1_31' title="bbox 210 2742 1723 2797; baseline 0.001 -20"><span class='ocrx_word' id='word_1_260' title='bbox 210 2743 379 2779; x_wconf 89' lang='lat' dir='ltr'>nonnulli</span> <span class='ocrx_word' id='word_1_261' title='bbox 404 2755 449 2779; x_wconf 85' lang='lat' dir='ltr'><strong><em>ex</em></strong></span> <span class='ocrx_word' id='word_1_262' title='bbox 474 2743 636 2789; x_wconf 84' lang='lat' dir='ltr'>antiquis</span> <span class='ocrx_word' id='word_1_263' title='bbox 669 2744 922 2789; x_wconf 82' lang='lat' dir='ltr'>grammaticis</span> <span class='ocrx_word' id='word_1_264' title='bbox 949 2745 1135 2786; x_wconf 84' lang='lat' dir='ltr'>dixerant,</span> <span class='ocrx_word' id='word_1_265' title='bbox 1167 2744 1439 2797; x_wconf 81' lang='lat' dir='ltr'>Eratosthenes</span> <span class='ocrx_word' id='word_1_266' title='bbox 1457 2742 1586 2778; x_wconf 88' lang='lat' dir='ltr'>contra</span> <span class='ocrx_word' id='word_1_267' title='bbox 1613 2742 1723 2796; x_wconf 77' lang='lat' dir='ltr'>Lam-</span> 
     </span>
     <span class='ocr_line' id='line_1_32' title="bbox 209 2787 1723 2845; baseline 0 -20"><span class='ocrx_word' id='word_1_268' title='bbox 209 2791 346 2834; x_wconf 83' lang='lat' dir='ltr'>proelis</span> <span class='ocrx_word' id='word_1_269' title='bbox 378 2801 526 2826; x_wconf 86' lang='lat' dir='ltr'>carmen</span> <span class='ocrx_word' id='word_1_270' title='bbox 562 2790 697 2836; x_wconf 80' lang='lat' dir='ltr'>respici</span> <span class='ocrx_word' id='word_1_271' title='bbox 734 2791 870 2827; x_wconf 88' lang='lat' dir='ltr'>docuit</span> <span class='ocrx_word' id='word_1_272' title='bbox 919 2791 1169 2845; x_wconf 82' lang='lat' dir='ltr'>Phrynichum</span> <span class='ocrx_word' id='word_1_273' title='bbox 1203 2790 1344 2836; x_wconf 87' lang='lat' dir='ltr'>ipsum,</span> <span class='ocrx_word' id='word_1_274' title='bbox 1377 2787 1442 2834; x_wconf 86' lang='lat' dir='ltr'>qui</span> <span class='ocrx_word' id='word_1_275' title='bbox 1471 2789 1651 2833; x_wconf 85' lang='lat' dir='ltr'>hymnum</span> <span class='ocrx_word' id='word_1_276' title='bbox 1685 2789 1723 2826; x_wconf 88' lang='lat' dir='ltr'><strong><em>in</em></strong></span> 
     </span>
     <span class='ocr_line' id='line_1_33' title="bbox 210 2835 1719 2884; baseline 0 -13"><span class='ocrx_word' id='word_1_277' title='bbox 210 2837 413 2872; x_wconf 88' lang='lat' dir='ltr'>Minervam</span> <span class='ocrx_word' id='word_1_278' title='bbox 439 2837 616 2882; x_wconf 84' lang='lat' dir='ltr'>condidit,</span> <span class='ocrx_word' id='word_1_279' title='bbox 641 2838 731 2873; x_wconf 91' lang='lat' dir='ltr'>olim</span> <span class='ocrx_word' id='word_1_280' title='bbox 750 2838 961 2875; x_wconf 85' lang='lat' dir='ltr'>existimavi</span> <span class='ocrx_word' id='word_1_281' title='bbox 981 2838 1209 2884; x_wconf 82' lang='lat' dir='ltr'>Lainproclis</span> <span class='ocrx_word' id='word_1_282' title='bbox 1228 2849 1386 2881; x_wconf 83' lang='lat' dir='ltr'>carmen,</span> <span class='ocrx_word' id='word_1_283' title='bbox 1411 2835 1540 2880; x_wconf 89' lang='lat' dir='ltr'>quod</span> <span class='ocrx_word' id='word_1_284' title='bbox 1528 2848 1568 2871; x_wconf 87' lang='grc' dir='ltr'><strong><em>ιιι</em></strong></span> <span class='ocrx_word' id='word_1_285' title='bbox 1587 2836 1719 2872; x_wconf 87' lang='lat' dir='ltr'>eodem</span> 
     </span>
     <span class='ocr_line' id='line_1_34' title="bbox 209 2866 1721 2932; baseline 0 -14"><span class='ocrx_word' id='word_1_286' title='bbox 209 2887 428 2928; x_wconf 78' lang='lat' dir='ltr'>argumento</span> <span class='ocrx_word' id='word_1_287' title='bbox 453 2866 682 2932; x_wconf 83' lang='lat' dir='ltr'>versabatur,</span> <span class='ocrx_word' id='word_1_288' title='bbox 706 2885 746 2920; x_wconf 89' lang='lat' dir='ltr'><strong><em>in</em></strong></span> <span class='ocrx_word' id='word_1_289' title='bbox 769 2885 933 2931; x_wconf 84' lang='lat' dir='ltr'>pedestri</span> <span class='ocrx_word' id='word_1_290' title='bbox 955 2886 1081 2931; x_wconf 82' lang='lat' dir='ltr'>aliquo</span> <span class='ocrx_word' id='word_1_291' title='bbox 1106 2885 1235 2921; x_wconf 88' lang='lat' dir='ltr'>libello</span> <span class='ocrx_word' id='word_1_292' title='bbox 1258 2882 1485 2921; x_wconf 80' lang='lat' dir='ltr'>adhibuisse:</span> <span class='ocrx_word' id='word_1_293' title='bbox 1511 2883 1576 2919; x_wconf 79' lang='lat' dir='ltr'><strong><em>sed</em></strong></span> <span class='ocrx_word' id='word_1_294' title='bbox 1602 2884 1721 2929; x_wconf 84' lang='lat' dir='ltr'>magis</span> 
     </span>
    </p>
   </div>
   <div class='ocr_carea' id='block_1_5' title="bbox 1803 1698 1864 3126">
    <p class='ocr_par' dir='ltr' id='par_1_5' title="bbox 1803 1698 1864 3126">
     <span class='ocr_line' id='line_1_35' title="bbox 1803 1698 1864 3126; baseline 0 0"><span class='ocrx_word' id='word_1_295' title='bbox 1803 1698 1864 3126; x_wconf 95' lang='lat' dir='ltr'><strong><em> </em></strong></span> 
     </span>
    </p>
   </div>
  </div>
 </body>
</html>
