1864 3126
222 168 312 212 370
565 145 567 149 ’
609 200 615 208 .
785 169 978 205 POETAE
1004 169 1184 207 MELIOI.

338 277 390 320 Τὸ
423 278 543 333 ῥόδον
574 277 694 333 ῥόδον
724 278 934 332 τιτρώσκει·
1085 278 1189 332 μάθε
1220 278 1272 334 μὴ
1303 266 1442 330 πόνοις
1472 297 1517 334 με
1547 278 1715 334 βάλλειν.

304 346 341 383 τί
368 341 465 396 καλὴ
497 343 648 396 πέφυκε
677 344 830 396 τέρψις;
908 383 910 385 ,
1109 341 1152 384 Ὁ
1171 343 1302 398 ’Ἔρως
1335 347 1466 386 δίκαια
1496 335 1663 399 πράττει,

303 406 345 448 τὸ
377 406 497 462 ῥόδον
529 407 572 449 δὲ
602 414 719 450 ποῖον
749 411 860 460 εἴπω,
1085 407 1214 462 ὁρόων
1243 408 1318 465 γὰρ
1343 408 1581 464 Ἀφροδίτην

305 470 442 525 οἶπορῶ
475 471 527 526 μὰ
558 471 630 527 τὴν
656 471 848 526 Ἀθήνην.
1085 472 1183 516 νόον
1201 473 1378 516 ἄστατον
1409 480 1619 530 λαχοῦσαν,

222 548 288 579 115
330 535 476 590 Ἐδοὶης
506 536 643 579 πόνων
673 536 715 580 τὸ
746 537 919 591 κέντρον,
1006 549 1072 580 120
1087 539 1238 594 ῥοδέοις
1269 540 1379 590 ἕνυξε
1409 541 1592 594 κέντροις.

968 679 1006 721 4.

469 764 517 803 Τί
545 763 647 804 εἴποι
679 759 699 803 ὃ
727 758 929 803 Ἀπόλλων
959 764 1200 818 κατατρέχων
1231 769 1299 818 τῆς
1330 763 1498 818 Δάφνης

570 827 637 868 καὶ
668 827 920 880 ἕμποδισθεὶς
952 830 1006 878 εἰς
1037 828 1221 871 ἄκανθαν
1252 829 1391 884 ῥόδου;

332 921 480 976 Γενεὴν
511 920 643 976 ῥόδων
674 927 868 974 φανεῖσαν
1088 927 1126 966 τί
1152 922 1194 966 τὸ
1225 929 1377 978 τραῦμα
1408 942 1484 978 μου
1509 924 1718 980 βαθύνεις;

308 986 395 1029 δότε
426 1005 492 1041 μοι
524 987 680 1042 δρέπειν
711 988 896 1041 μανέντα·
1087 990 1181 1043 πυρὶ
1213 994 1292 1042 πῦρ
1322 992 1360 1031 τί
1387 995 1463 1032 νῦν
1486 989 1720 1045 προσάπτεις

304 1055 342 1095 τί
352 1052 479 1107 μάτην
493 1052 535 1093 δὲ
549 1052 661 1094 τοῦτο
675 1049 848 1106 πράττω;
877 1065 968 1096 1104
1031 1064 1074 1095 20
1090 1057 1276 1109 δροσερῆς
1289 1053 1458 1109 Δάφνης
1475 1060 1636 1109 στεροῦν
1655 1072 1720 1110 με,

306 1117 327 1160 ὁ
359 1117 499 1173 χρόνος
531 1118 640 1170 φέρει
671 1116 745 1172 γὰρ
777 1117 884 1160 ἅλλα.
1117 1118 1263 1172 Κύκνε,
1290 1118 1338 1161 σὺ
1365 1119 1525 1174 δραμὼν
1549 1126 1719 1174 πτεροῖσι

269 1193 290 1225 5
329 1180 515 1237 Κιθᾶρης
547 1183 659 1236 μέλος
691 1182 848 1237 δονήσω
1087 1185 1171 1239 λέγε
1201 1188 1247 1240 τῇ
1277 1183 1426 1241 Δάφνῃ
1456 1185 1657 1243 τρεχούσῃ,

304 1251 468 1302 κραδίης
498 1246 648 1297 πόνους
679 1247 878 1306 συνᾴδων,
1088 1250 1153 1290 ἵνα
1184 1267 1250 1303 μοι
1280 1252 1431 1304 φίλημα
1460 1249 1600 1307 πέμψῃ

303 1311 649 1368 ἐλαφρίζεταιγᾶρ
681 1311 842 1367 οἶστρος,
1087 1314 1241 1369 λεχέων,
1272 1311 1345 1368 ἀφ’
1382 1310 1439 1357 ὧν
1469 1321 1595 1370 στερεῖ
1621 1333 1677 1370 με.

304 1378 398 1420 ’ὅταν
429 1379 471 1419 ε’κ
504 1376 660 1432 βάθους
691 1376 853 1434 ἀνέλθῃ.
1028 1391 1072 1422 25
1119 1379 1410 1435 Φιλοκερτόμως
1441 1398 1486 1436 με
1515 1384 1666 1431 παίζειν

335 1442 519 1498 Πτερόεις
540 1443 670 1498 ”Ερως
701 1441 891 1498 ὑπάρχων
1088 1443 1233 1498 ε’νόησα
1262 1443 1334 1498 τὴν
1365 1444 1578 1500 Κυθήρην.

247 1520 289 1551 10
304 1510 495 1563 μετέωρον
526 1507 611 1564 αἶρε
643 1512 811 1563 Φοῖβον,
838 1540 842 1543 »
1111 1507 1154 1551 Ὁ
1176 1509 1304 1562 Ἔρως
1334 1508 1479 1564 τρέχειν
1511 1509 1699 1564 διδάσκει,

303 1577 368 1617 ἴνα
400 1572 451 1628 μὴ
484 1572 525 1616 τὸ
558 1572 697 1628 μικρὸν
728 1573 856 1624 ἄνθος
1088 1572 1149 1626 σύ,
1181 1573 1314 1628 ῥόδον,
1345 1572 1525 1628 τρέχοντα
1555 1574 1710 1625 παύεις·

303 1638 382 1682 ἆπὸ
415 1643 488 1681 σοῦ
521 1637 670 1692 δρόμου
703 1656 749 1692 με
779 1638 925 1695 παύσῃ.
1086 1636 1226 1692 γενεὴν
1257 1641 1351 1692 μίαν
1382 1638 1562 1693 λαχόντες

333 1703 479 1746 Χθόνα
511 1705 577 1745 καὶ
600 1703 726 1746 πόλον
749 1708 938 1746 τοσοῦτον
1028 1713 1072 1744 30
1086 1702 1167 1745 κατ’
1203 1705 1298 1758 ἐμοῦ
1330 1706 1446 1758 διχῶς
1478 1711 1669 1760 φρονεῖτε.

305 1771 478 1812 Φαέθων
510 1768 585 1824 ἐγω
616 1768 804 1812 κυκλευω.
1118 1768 1194 1822 Σύ,
1213 1767 1382 1822 Κύπρις,
1401 1768 1546 1820 πόθοις
1564 1787 1608 1824 με
1629 1769 1717 1812 θέλ-

246 1846 289 1877 1.)
303 1834 431 1877 ποθεν
457 1829 544 1886 οῦν,
569 1833 698 1876 πόθεν
723 1838 938 1888 κρατοῦμαι
1405 1851 1499 1889 γεις,

304 1898 461 1954 ἁπαλὴν
491 1897 615 1952 κόρην
645 1899 809 1948 πιέζεινς
1088 1898 1136 1940 σύ
1167 1916 1212 1953 με
1243 1900 1308 1941 καὶ
1338 1898 1471 1954 ῥόδοις
1501 1899 1692 1955 κατέσχες·

333 1965 437 2020 Λέγε
468 1981 547 2018 μοι,
579 1962 700 2018 ῥόδον
725 1962 936 2017 Κυθήρης,

318 2127 508 2172 Georgii
528 2138 676 2162 carmen
696 2131 728 2162 4.
768 2127 882 2162 Extat
900 2127 999 2172 apud
1018 2126 1254 2171 Matmngam
1274 2130 1353 2161 659.
1390 2126 1468 2161 Hoc
1488 2137 1636 2162 carmen
1654 2126 1747 2172 legi-

222 2179 284 2212 tur
308 2175 423 2211 etiam
448 2175 488 2210 in
514 2174 594 2209 cod.
621 2174 872 2209 Laurentiano
898 2174 1036 2209 XXXII
1062 2178 1106 2209 52
1143 2185 1237 2210 saec.
1266 2177 1310 2208 14
1342 2174 1405 2209 fol.
1437 2173 1647 2209 novissimis
1680 2178 1747 2208 124

223 2226 261 2259 ct
282 2228 364 2267 125,
389 2222 455 2257 ubi
474 2221 687 2256 inscribitur
706 2234 916 2267 ανακρονια
935 2223 1012 2256 κῶν
1032 2222 1291 2267 γραμματικοῦ
1311 2222 1415 2261 τίνας
1433 2217 1482 2256 ἂν
1509 2223 1595 2266 εἴπη
1615 2219 1749 2266 λόγους

219 2269 238 2305 ὁ
267 2267 446 2306 Ἀπόλλων
472 2271 546 2305 κτλ.
597 2267 716 2314 Igitur
742 2269 781 2304 in
805 2270 877 2305 hoc
907 2269 1003 2304 libro
1038 2271 1164 2314 (quem
1189 2268 1317 2304 littera
1341 2267 1369 2302 L
1394 2268 1537 2314 notavi)
1569 2269 1641 2304 hoc
1669 2279 1747 2303 car·

221 2330 307 2354 men
333 2315 580 2352 Constantino
608 2315 733 2352 Siculo
759 2316 958 2361 tribuitur3
985 2317 1157 2362 congruit
1181 2316 1309 2361 quod
1299 2327 1337 2351 m
1356 2315 1428 2351 fine
1449 2316 1624 2351 carminis
1644 2315 1752 2351 addit

222 2402 270 2436 L:
297 2400 363 2435 τοῦ
390 2395 508 2434 αὐτοῦ
535 2395 701 2441 ωδαριον
733 2396 912 2444 ἐρωτικὸν
939 2396 992 2434 δι’
1020 2376 1303 2453 ανακρέοντῗιαὶ
1334 2399 1577 2434 κουκουλλίου
1613 2394 1748 2444 λαβόν

221 2461 283 2488 τος
307 2445 376 2492 τὴν
401 2443 591 2481 ὑπόθεσιν
619 2443 660 2481 ἐκ
687 2448 870 2491 μελωδιου
896 2444 1007 2490 τινός,
1033 2447 1095 2482 hic
1120 2446 1218 2481 enim
1242 2446 1376 2481 titulus
1402 2446 1553 2481 secundi
1571 2445 1745 2481 carminis

221 2492 470 2537 Constantini,
509 2493 594 2528 vide
631 2505 741 2538 supra
772 2506 807 2539 p.
839 2498 920 2531 351.
974 2493 1104 2539 Neque
1141 2494 1266 2529 tamen
1303 2493 1374 2529 hoc
1411 2503 1556 2547 carmen
1588 2490 1743 2537 Γενεη“ν

222 2540 344 2587 ῥόδων
371 2521 604 2576 Cons’tantini
629 2543 697 2584 est,
724 2552 746 2576 a
771 2541 874 2576 cuius
894 2542 1043 2587 ingenio
1064 2542 1253 2584 abhorret3
1281 2541 1392 2586 plane
1412 2539 1510 2575 enim
1530 2539 1642 2574 refert
1660 2539 1745 2574 rhe-

220 2592 343 2625 torum
376 2599 511 2633 nugas,
544 2587 678 2632 quibus
711 2587 890 2646 Georgius
923 2588 1190 2634 grammaticus
1223 2587 1441 2623 delectatur.
1479 2587 1521 2621 In
1545 2587 1656 2622 titulo
1681 2587 1748 2632 τῆς

223 2635 383 2682 Δάφνης
408 2635 480 2691 LE,
489 2634 704 2692 Matranga
735 2633 804 2679 τὴν
830 2633 1003 2693 Δάφνην.
1037 2656 1081 2662 -
1114 2636 1156 2671 V.
1185 2640 1217 2671 2.
1244 2633 1422 2680 μανέντα,
1453 2634 1481 2668 L
1507 2632 1673 2680 μανέντι.
1701 2655 1744 2660 -

222 2684 264 2719 V.
292 2688 324 2719 8.
353 2683 414 2717 LB
440 2678 500 2717 ὅτ’
527 2678 587 2717 ὂὶν.
616 2703 658 2707 —-
686 2682 728 2716 V.
759 2686 812 2718 12.
839 2681 965 2742 παύση
993 2683 1065 2727 LB,
1090 2680 1193 2729 παύῃ
1219 2683 1424 2728 Matranga.
1451 2701 1495 2706 —
1527 2679 1571 2716 V.
1600 2684 1653 2716 14.
1680 2695 1745 2716 κυ-

222 2727 589 2812 κλεύω,11σκυκλε’ω.
620 2750 659 2755 —
688 2729 730 2765 V.
754 2734 807 2766 17.
834 2720 1027 2776 Κυθηρης,
1053 2711 1303 2775 ΙιΚυθείρης.
1331 2749 1374 2755 —-
1401 2728 1445 2764 V.
1472 2731 1529 2763 20.
1555 2728 1746 2774 δροσερῆς,

222 2814 250 2848 L
277 2825 429 2871 τρυφερ.
467 2833 507 2837 -
542 2811 698 2857 στεροῦν
724 2825 787 2858 με,
819 2813 848 2847 L
874 2814 917 2848 ut
948 2813 1097 2848 videt-ur
1128 2813 1340 2858 σπεροῦμεν.
1373 2831 1416 2836 -
1450 2811 1493 2846 V.
1520 2814 1576 2846 23.
1602 2809 1745 2858 πέμψῃ,

222 2860 283 2894 LB
308 2859 460 2905 πέμψει.
488 2880 532 2885 -
558 2859 601 2895 V.
627 2863 683 2894 25.
710 2861 858 2902 παίζειν
883 2860 923 2902 L,
949 2861 1076 2896 παίσει
1102 2860 1141 2896 Β.
1170 2880 1212 2885 —-
1239 2860 1282 2895 V.
1305 2863 1358 2894 26.
1386 2855 1604 2915 Κυθήρην,
1615 2858 1643 2893 L
1669 2861 1745 2893 Κυ-

222 2908 368 2952 θειᾞρην
391 2927 434 2932 -—
461 2906 504 2942 V.
527 2910 583 2941 32.
611 2904 655 2941 σύ
681 2919 739 2952 με,
766 2907 794 2941 L
821 2905 867 2941 σὺ
893 2905 946 2942 δε.
974 2928 1017 2933 -—-
1045 2906 1232 2952 κατέσχες,
1258 2906 1286 2941 L
1313 2917 1336 2941 a
1360 2918 1413 2951 pr.
1441 2918 1487 2941 m.
1514 2903 1680 2951 κατέχες.
1699 2926 1743 2931 -
