1864 3126
224 139 308 183 106
551 195 553 199 ¹
743 112 745 114 ³
788 141 978 178 POE'PAE
1003 141 1182 178 Mamm.

877 250 946 293 50.
979 251 1084 304 [54]

306 329 422 386 ’'Eyco
456 328 496 374 δ’
534 331 603 374 ἐπὶ
635 331 872 387 μαλθάκαν
1131 310 1134 314 -

316 400 455 445 τύλαν
487 402 657 446 σπολέω
689 403 832 459 μέλεα.

823 511 892 553 51.
926 511 1013 564 [79.
1046 512 1130 564 70.]

316 594 386 647 Κῆ
419 589 461 635 δ’
495 590 740 649 ἀμβροσίας
771 591 852 649 μὲν
883 593 1049 650 κράτηρ
1082 594 1307 651 ἐκέκρατο,

312 659 471 718 Ἐρμᾶς
503 660 544 706 δ’
581 666 678 706 ἕλεν
710 661 839 717 ὄλπιν
871 669 993 715 θεοῖς
1023 663 1296 721 οἰνοχόησαι.
1673 675 1743 707 894

315 734 446 789 κῆνοι
478 732 525 777 δ’
557 732 644 791 ἄρα
675 733 835 786 πάντες
865 733 1081 791 καρχήσια
1113 732 1150 777 τ’
1185 729 1296 791 ἦχον

315 802 544 861 κᾶλειβον,
577 803 802 862 ἀράσαντο
836 804 884 849 δὲ
915 804 1099 862 πάμπαν
1131 808 1237 849 ἔσλα

269 887 289 918 5
315 878 375 933 τῷ
408 875 604 936 γάμβρςο.

315 1005 375 1040 Fr.
397 1009 452 1042 50.
496 1006 631 1042 Herod.
658 1006 743 1063 περὶ
769 1019 848 1063 μον.
870 1005 942 1062 λε’ξ.
964 1011 1021 1050 39,
1041 1011 1102 1042 27:
1126 1003 1409 1065 Ἀναδράμωμεν
1437 1005 1499 1043 ἐπὶ
1524 1004 1566 1043 τὸ
1593 1008 1753 1065 προκεί-’

221 1065 356 1098 μενον,
380 1052 646 1110 παραθέμενοι
670 1051 711 1089 τὸ
738 1051 845 1113 τύλη,
870 1049 962 1098 ὅπερ
989 1050 1058 1089 οὐκ
1082 1048 1129 1100 ἦν
1155 1052 1245 1100 παρ’
1270 1051 1459 1111 Ἀττικοῖς,
1488 1051 1581 1090 ἀλλὰ
1593 1052 1744 1111 μέμνη-

220 1113 282 1135 ται
300 1099 450 1157 Σαπφὼ
464 1098 520 1157 ,gv
536 1099 763 1158 δευτέρῳ·
791 1099 863 1146 ε’γώ
891 1099 929 1136 δ’
957 1099 1020 1137 ἐπὶ
1046 1131 1053 1138 .
1075 1129 1082 1136 .
1142 1101 1272 1147 μέλεα·
1300 1097 1372 1137 κόὶν
1399 1100 1467 1161 μέν
1491 1115 1531 1137 τε
1558 1099 1744 1158 τύλαγκας

220 1144 403 1183 ασπόλεα·
431 1144 476 1183 οὗ
501 1145 575 1204 γὰρ
599 1145 618 1183 ὁ
645 1152 682 1184 ἦ
711 1146 926 1204 σύνδεσμος.
964 1149 1132 1194 Respicit
1150 1150 1282 1184 Pollux
1302 1150 1334 1184 X
1353 1153 1416 1184 40:
1444 1146 1485 1184 ἐν
1511 1147 1554 1184 δὲ
1577 1145 1743 1205 Ἀντιφά-

220 1208 309 1236 νους
331 1193 458 1230 Φάωνι
483 1193 579 1231 κατὰ
606 1194 674 1241 τὴν
699 1193 850 1242 κοινὴν
857 1196 988 1241 χρῆσιν
1015 1195 1114 1231 ἔστιν
1140 1193 1265 1252 εὑρεῖν
1290 1210 1358 1236 τας
1382 1193 1505 1241 τύλας,
1562 1224 1569 1231 .
1591 1225 1598 1232 .
1621 1207 1744 1252 ωσπερ

220 1242 284 1277 καὶ
304 1255 407 1301 παρα
427 1245 596 1300 Σαπφοῖ,
631 1244 821 1279 Hermann
848 1244 1021 1279 coniecit:
1080 1271 1087 1278 .
1109 1270 1116 1277 .
1139 1240 1211 1288 ἐγώ
1233 1241 1271 1278 δ’
1293 1240 1355 1279 ε’πὶ
1375 1225 1578 1288 μαλθακὰν
1601 1244 1607 1289 Ι
1628 1240 1744 1278 τύλαν

220 1288 416 1325 κασπολέω
450 1287 567 1336 μέλε’,
599 1290 642 1326 αἰ
665 1291 728 1326 καὶ
753 1287 820 1336 ἅμ’
850 1288 891 1326 ἐν
917 1290 956 1326 τὲ
983 1287 1026 1326 τὺ
1056 1293 1061 1335 1
1090 1288 1180 1340 τύλᾳ
1212 1289 1451 1327 κασπολέεαι
1500 1291 1745 1336 pentametris

220 1337 373 1372 aeolicis
406 1337 608 1383 restitutis,
643 1338 777 1384 quibus
810 1338 959 1383 Sappho
991 1338 1030 1373 in
1059 1327 1169 1374 libro
1187 1338 1347 1374 secundo
1379 1349 1446 1373 usa
1476 1338 1542 1373 sit:
1575 1339 1641 1374 sed
1671 1337 1744 1374 hoe

222 1384 424 1420 admodum
448 1385 650 1429 incertum,
682 1397 769 1420 nam
801 1386 927 1431 potest
957 1385 1043 1421 libri
1074 1397 1247 1421 numerus
1280 1386 1472 1430 corruptus
1503 1396 1580 1421 esse
1611 1385 1744 1431 (possis

222 1429 262 1467 ἐν
289 1430 327 1466 δ’
357 1432 572 1477 coniicere),
611 1433 668 1468 vel
694 1432 810 1468 etiam
835 1432 983 1468 diversa
1008 1432 1170 1469 editione
1196 1433 1428 1468 Herodianus
1453 1444 1539 1469 usus
1564 1434 1635 1477 est,
1659 1432 1744 1468 vide

222 1490 319 1524 quae
345 1491 465 1525 supra
480 1480 618 1516 monui
669 1479 837 1525 Apparet
869 1483 993 1515 autem
1025 1481 1098 1517 duo
1130 1480 1277 1515 diversa
1286 1480 1519 1537 fragmenta
1550 1479 1674 1515 afferri
1697 1481 1745 1515 ab

221 1527 446 1571 Herodiano,
471 1528 601 1573 estque
621 1529 707 1573 post
725 1526 840 1573 μέλεα
860 1527 1096 1563 inserendum
1122 1528 1216 1563 καί·
1245 1523 1318 1562 κόὶν
1338 1526 1407 1573 μὲν
1427 1530 1501 1562 κτλ.
1528 1527 1602 1563 vid.
1622 1527 1666 1562 fr.
1688 1531 1744 1564 79.

315 1574 372 1610 Fr.
400 1578 456 1611 51.
507 1574 688 1610 Coniunxi
728 1575 801 1610 duo
838 1575 1049 1620 fragmenta
1080 1575 1118 1610 in
1149 1587 1279 1618 unum,
1318 1577 1357 1610 et
1386 1574 1558 1610 similiter
1587 1573 1743 1611 Ahrens.

221 1621 344 1668 Vulgo
371 1621 508 1668 singuli
533 1633 660 1657 versus
685 1622 724 1657 in
749 1622 856 1657 binos
882 1622 1084 1658 versiculos
1118 1622 1226 1658 divisi
1258 1624 1380 1668 erant,
1412 1621 1604 1658 coniunxit
1627 1621 1745 1658 Lach-

220 1680 342 1705 mann.
387 1670 430 1705 V.
457 1673 489 1705 4.
517 1670 673 1716 schema,
693 1671 766 1705 est:

645 1758 668 1763 -
693 1741 716 1762 Ζ.
740 1745 764 1763 υ
788 1745 812 1762 υ
836 1758 859 1763 .-.
883 1741 905 1762 L
931 1745 955 1763 υ
978 1745 1003 1763 υ
1027 1758 1050 1763 ..-
1074 1745 1099 1763 υ
1122 1741 1144 1762 L
1170 1757 1192 1763 .-

222 1812 307 1836 cum
332 1798 558 1845 reliquorum
584 1800 677 1835 haec
703 1800 754 1835 sit
778 1799 938 1845 species:

646 1901 667 1906 .-
692 1884 715 1905 ,L
739 1888 764 1905 υ
786 1887 811 1905 υ
835 1901 858 1905 -
882 1901 904 1905 -
999 1901 1022 1904 -
1047 1884 1069 1904 L
1094 1887 1118 1905 υ
1141 1888 1166 1905 υ
1189 1900 1212 1905 -
1237 1900 1260 1905 -

221 1942 389 1978 Fortasse
410 1941 560 1987 Sappho
586 1941 647 1977 hic
673 1953 819 1987 quoque
846 1941 1007 1994 strophis
1032 1943 1294 1986 quaternorum
1320 1953 1493 1977 versuum
1514 1952 1581 1976 usa
1600 1952 1743 1977 versum

220 1988 464 2025 novissimum
484 1989 522 2024 in
542 1989 640 2024 hunc
659 1989 808 2024 modum
829 1988 998 2025 variavit.
1039 1989 1144 2024 Prius
1163 1989 1312 2046 Fragm.
1333 1988 1471 2034 legitur
1490 1989 1588 2034 apud
1608 1989 1742 2025 Athen.

220 2037 253 2071 Χ
279 2040 346 2072 425
365 2035 410 2071 C:
447 2033 606 2076 Ἀλκαΐος
638 2034 680 2071 δὲ
712 2036 777 2071 καὶ
807 2034 873 2071 τὸν
894 2033 1036 2094 Ερμῆν
1068 2034 1211 2081 εἰσάγει
1241 2032 1368 2071 αὐτῶν
1393 2035 1528 2080 (θεῶν)
1559 2032 1744 2080 οἰνοχόον,

221 2081 270 2125 ὡς
295 2084 359 2119 καὶ
385 2080 536 2128 Σαπφὼ
566 2082 744 2128 λέγουσα·
779 2085 854 2119 καὸ
879 2080 916 2118 δ’
944 2085 1089 2130 αμβρ..
1117 2112 1124 2119 .
1154 2111 1160 2118 .
1188 2082 1412 2139 οἰνοχοῆσαι.
1446 2083 1485 2118 et
1507 2093 1634 2118 rursus
1659 2094 1743 2118 eum

221 2131 402 2167 varietate
433 2130 604 2167 lectionis
628 2131 662 2165 II
689 2131 796 2166 39Α.
835 2131 899 2166 καὶ
930 2128 1081 2175 Σαπφώ
1114 2129 1157 2166 δέ
1189 2141 1321 2188 φησιν·
1359 2126 1598 2183 αμβροσίας.
1627 2157 1635 2165 .
1663 2157 1671 2164 .
1704 2127 1742 2165 δ’

222 2175 333 2214 ἑλὼν
340 2177 493 2234 ε’ρπιν
519 2177 587 2223 (sic
613 2177 717 2222 BOD,
748 2177 862 2224 ε’ρπεν
886 2178 966 2222 VL)
991 2181 1100 2218 θεοῖς
1125 2174 1337 2223 ᾧνοχόησεν
1363 2176 1430 2222 (sic
1450 2176 1490 2222 C,
1516 2174 1744 2222 οἰνοχοήσων

220 2225 296 2270 LV,
323 2222 490 2283 οἰνοχόης
514 2225 570 2270 Β).
620 2226 760 2260 Eadem
785 2226 1085 2269 Eust.1633,1,
1118 2224 1183 2270 qui
1207 2224 1313 2260 addit
1338 2223 1414 2260 ἔστι
1440 2223 1482 2260 δε
1510 2223 1614 2269 ἕρπις
1639 2223 1743 2269 αἰγυ-

221 2272 344 2308 πτιστὶ
370 2270 390 2308 ὁ
418 2277 535 2318 οἰνος,
561 2269 667 2308 καθὰ
694 2273 758 2308 καὶ
785 2270 804 2308 ὁ
831 2270 1044 2318 Λυκόφρων
1070 2270 1184 2308 οἶδεν.
1223 2271 1391 2329 Respicit
1415 2271 1529 2307 etiam
1558 2274 1744 2316 1205,18,

221 2319 267 2356 cf.
287 2320 426 2356 Eudoc.
449 2323 504 2355 96.
539 2319 645 2355 Adde
670 2321 865 2365 praeterea
888 2320 974 2355 Ath.
996 2319 1030 2355 V
1051 2323 1117 2355 192
1133 2320 1176 2355 C.
1202 2317 1304 2362 παρὰ
1331 2317 1373 2355 δὲ
1399 2319 1443 2366 τῇ
1470 2319 1563 2365 καλῇ
1584 2321 1751 2364 Σαπφοῖ

222 2367 284 2403 καὶ
311 2366 331 2402 ὁ
352 2365 490 2426 Ερμῆς
514 2366 683 2425 οἰνοχοεῖ
701 2372 779 2408 τοῖς
802 2370 920 2408 θεοῖς.
955 2387 997 2392 —-
1030 2367 1075 2402 V.
1103 2371 1134 2402 1.
1161 2367 1207 2412 κῆ
1235 2364 1272 2402 δ’
1298 2355 1530 2412 Lachmann,
1555 2366 1579 2401 i.
1605 2377 1636 2401 e.
1663 2363 1750 2402 ἐκεῖ

221 2414 283 2460 δέ,
309 2416 337 2450 L
364 2411 492 2459 nddd’,
524 2415 558 2450 V
583 2411 687 2457 κᾶθ’,
711 2413 806 2449 ABP
831 2427 878 2459 κη
856 2415 1003 2497 ηὸαμέρ
983 2415 1120 2472 ροσίας.
1162 2435 1204 2439 -
1242 2415 1286 2450 V.
1313 2418 1345 2449 2.
1367 2410 1460 2459 Ερμ
1463 2413 1507 2454 ἇς
1521 2394 1669 2449 Athen.
1695 2414 1742 2457 ΙΙ,

221 2463 338 2498 altero
364 2462 447 2498 Loco
473 2462 525 2497 sic
550 2461 590 2507 L,
616 2462 679 2497 sed
706 2461 768 2496 PV
796 2458 864 2507 ἕρμ.
839 2475 937 2507 μ,αις
994 2463 1064 2497 ust.
1086 2458 1232 2507 Ερμῆς
1257 2482 1300 2487 ——
1327 2457 1378 2506 δ’,
1404 2461 1537 2496 Athen.
1558 2459 1591 2494 X
1613 2457 1670 2496 δὲ.
1699 2481 1742 2486 -—

152 2510 154 2512 ’
223 2509 306 2544 ε’λεν
333 2508 487 2554 Seidler,
512 2508 599 2545 libri
624 2505 728 2553 ἑλών,
753 2508 900 2545 Hecker
925 2507 971 2555 ἔχ
980 2521 1028 2544 εν
1054 2509 1223 2545 coniecit.
1245 2529 1289 2534 -—-
1315 2507 1530 2553 οἰνοχοῆσαι
1554 2506 1689 2543 Athen.
1709 2508 1743 2542 X

222 2556 328 2592 codd.
357 2577 399 2582 —-
433 2537 542 2592 ὄλπιν
569 2555 653 2592 Ath.
680 2556 733 2602 Χ,
758 2557 876 2592 altero
902 2556 1072 2615 1.ἓὲρπιν.
1100 2577 1142 2582 --
1169 2556 1337 2592 Alterum
1362 2555 1615 2600 fragmentum
1640 2556 1745 2590 extat

221 2604 320 2660 apud
346 2604 480 2639 Athen.
508 2603 558 2638 XI
583 2603 714 2639 475A:
752 2601 999 2660 Μνημονεύει
1029 2602 1072 2639 δὲ
1098 2603 1172 2639 τῶν
1197 2616 1315 2649 καρχη
1294 2603 1408 2648 ησίων
1434 2601 1499 2636 καὶ
1522 2599 1673 2646 Σαπφώ
1701 2599 1743 2638 ἐν

221 2648 382 2704 τούτοις·
415 2651 521 2698 κοινῇ
557 2647 595 2686 δ’
598 2663 698 2707 αρα
722 2649 861 2691 πάντες
885 2654 959 2687 κτλ.
1008 2651 1148 2687 Eadem
1174 2650 1336 2686 Maerob.
1362 2648 1437 2684 Sat.
1463 2648 1496 2682 V
1522 2652 1579 2692 21,
1606 2653 1644 2692 6,
1677 2649 1743 2685 sed

222 2697 424 2734 novissima
448 2687 561 2734 verba
586 2693 776 2743 ἀράσαντο
802 2701 875 2733 κτλ.
901 2698 1051 2734 tantum
1074 2697 1115 2733 in
1140 2698 1222 2734 edd.
1247 2698 1337 2734 vett.
1359 2695 1548 2741 leguntur.
1572 2716 1617 2722 -
1645 2696 1687 2732 V.
1708 2700 1741 2732 3

222 2746 344 2801 κῆνοι
352 2744 427 2801 AB,
453 2746 561 2790 κοινῆ
581 2745 688 2790 PVL,
713 2745 875 2781 Maerob.
896 2745 1018 2803 κοινῇ,
1043 2745 1108 2780 sed
1130 2745 1209 2781 cod.
1232 2745 1373 2780 Thuan.
1395 2743 1515 2800 κῆνοι.
1539 2764 1578 2768 —
1605 2741 1742 2788 καρχή-

222 2804 366 2896 ‘i‘fi‘ugn
372 2774 1630 2899 220220213’3?..t‘hssffossfflszz’gsffl‘'immffiztzmffssssssff‘Hffg‘ssg.
1646 2789 1741 2891 (533-

222 2883 321 2934 χήσι’
361 2853 479 2931 ε’λον,
517 2887 732 2923 Lachmann
765 2883 940 2932 καρχάσι’
978 2885 1121 2932 ἔχευον.
1160 2907 1202 2912 -
1242 2885 1285 2921 V.
1318 2889 1351 2921 4.
1390 2881 1565 2932 κᾶλειβον
1600 2883 1741 2930 scripsi,
