1864 3126
180 142 267 184 298
508 155 511 158 ⁴
748 144 939 181 POETAE
965 146 1141 183 MELlCl.

825 300 913 344 2B.
949 303 1052 356 [49]

240 378 343 435 ’Ἀγε
376 380 622 437 ζωγράφων
654 379 819 439 ἄριστε,
986 395 1007 426 5
1033 383 1176 441 γράφε
1194 383 1272 436 τὰς
1291 383 1440 437 πόλεις
1457 384 1507 429 τὸ
1528 392 1703 444 πρῶτον

251 453 433 508 λυρικῆς
463 450 598 496 ἄκουε
630 453 814 510 μούσης·
1034 454 1190 513 ἶλαράς
1218 472 1263 499 τε
1294 456 1367 499 καὶ
1398 455 1603 512 γελώσας.

252 556 761 568 ........
1034 523 1058 569 ὁ
1090 525 1139 570 δὲ
1170 524 1305 583 κηρὸς
1335 523 1393 570 ἂν
1426 527 1625 584 δύναιτο,

251 597 600 651 φιλοπαίγμονες
631 594 680 639 δὲ
712 594 881 653 Βάκχαι
1032 597 1175 654 γράφε
1200 598 1274 641 καὶ
1300 596 1466 654 νόμους
1497 599 1679 655 φιλούν-

250 664 546 722 ἑτεροπνόους
577 665 793 718 ἐναύλους
1386 685 1488 713 των.

850 858 1028 911 3.[17]

593 952 686 985 ΕΙΣ
709 952 984 986 ΠΟΤΗΡΙΟΝ
1007 953 1282 989 ΑΡΓΤΡΟΤΝ.

254 1041 345 1086 Τὸν
377 1042 578 1101 ἄργυρον
609 1044 807 1101 τορεύων
963 1058 1005 1090 10
1029 1049 1076 1089 τί
1103 1045 1341 1092 Πλειάδων
1372 1047 1492 1104 μέλει
1523 1065 1619 1104 μοι;

239 1112 460 1171 ”Ηφαιστε’
489 1132 564 1172 μοι
596 1119 785 1172 ποίησον
1030 1120 1075 1161 τί
1102 1116 1186 1175 γὰρ
1217 1121 1356 1162 καλοῦ
1388 1116 1592 1173 Βοώτους

249 1189 500 1230 πανοπλίαν
533 1185 614 1243 μὲν
647 1185 766 1244 οὐχί,
1029 1192 1219 1246 ποίησον
1250 1188 1471 1247 ἀμπέλους
1501 1207 1591 1247 μοι,

246 1259 292 1299 τί
318 1254 403 1315 γὰρ
435 1256 618 1314 μάχαισι
648 1255 804 1315 κάμοί;
1029 1259 1102 1303 καὶ
1133 1261 1323 1317 βότρυας
1353 1258 1448 1305 κατ’
1483 1259 1646 1319 αὐτῶν,

200 1339 220 1370 5
246 1326 461 1386 ποτήριον
494 1327 543 1372 δὲ
574 1333 748 1385 κοῖλον,
831 1342 920 1374 1048
1028 1330 1102 1374 καὶ
1133 1330 1375 1384 Μαινάδας
1403 1332 1644 1390 τρυγώσας.

249 1396 359 1443 ὅσον
393 1398 529 1457 δύνῃ,
562 1398 778 1456 βαθύνας.
962 1415 1003 1446 15
1030 1405 1146 1446 ποίει
1179 1401 1229 1446 δὲ
1260 1400 1400 1459 ληνὸν
1432 1408 1561 1448 οἴνου

248 1473 366 1514 ποίει
397 1471 450 1515 δέ
479 1488 555 1527 μοι
585 1469 679 1515 κατ’
716 1468 855 1516 αὐτοῦ
1028 1472 1279 1530 ληνοβάτας
1310 1477 1572 1531 πατοῦντας,

247 1539 347 1598 μήτ’
383 1540 524 1598 ἄστρα
555 1541 655 1599 μήτ’
690 1540 878 1600 ἄμαξαν,
1028 1544 1133 1596 τοὺς
1165 1544 1399 1603 Σατύρους
1429 1549 1665 1604 γελῶντας,

245 1611 304 1669 μὴ
338 1612 533 1669 στυγνὸν
562 1611 771 1671 Ὠρίωνα·
1028 1614 1102 1659 καὶ
1126 1618 1319 1675 χρυσοῦς
1343 1615 1448 1669 τοὺς
1467 1616 1678 1676 ’Ἑρωτας,

272 1782 293 1814 2
307 1778 349 1815 Β.
395 1778 437 1814 In
463 1779 543 1815 cod.
569 1790 642 1816 non
668 1781 724 1816 est
743 1779 967 1816 disiunctum
987 1792 1010 1817 a
1029 1792 1140 1818 carm.
1161 1786 1194 1827 2,
1219 1782 1414 1819 Mehlhorn
1434 1785 1520 1829 post
1538 1788 1584 1820 24
1607 1785 1703 1822 inse—

176 1825 263 1861 ruit.
313 1825 358 1862 V.
385 1830 406 1861 5
434 1827 473 1861 et
497 1831 518 1862 6
543 1827 657 1873 vulgo
683 1827 852 1864 inserunt
874 1830 961 1874 post
985 1841 1017 1864 v.
1045 1833 1078 1875 2,
1105 1830 1203 1875 quod
1229 1830 1400 1875 quamvis
1424 1831 1617 1876 probabile
1642 1833 1702 1878 sit,

172 1873 300 1908 tamen
325 1884 370 1908 ea
394 1873 615 1910 traiectione
649 1886 885 1920 nequaquam
916 1876 1104 1922 integrum
1136 1877 1345 1913 restituitur
1376 1889 1542 1924 carmen,
1573 1879 1700 1925 itaque

174 1920 291 1956 satius
324 1920 412 1955 duxi
443 1923 527 1966 post
556 1934 591 1957 v.
618 1926 639 1957 2
666 1924 705 1957 et
728 1924 814 1968 post
837 1935 871 1958 v.
898 1927 920 1958 4
950 1923 1124 1959 lacunam
1154 1924 1329 1960 indicare.
1364 1946 1408 1951 —
1442 1925 1485 1962 V.
1511 1930 1543 1961 4.
1578 1923 1700 1972 ἕτερο-

173 1965 327 2013 πνόους,
352 1967 391 2002 in
416 1979 530 2014 marg.
559 1965 823 2015 ἕτεροπόρους,
850 1969 1061 2015 Stephanus
1087 1968 1325 2016 ἕτεροπνόοις
1352 1969 1535 2019 ἐναύλοις,
1560 1974 1700 2010 Barnes

176 2014 337 2050 coniecit
363 2014 664 2062 φιλοπαίγμονάς
688 2029 727 2052 τε
752 2015 903 2063 Βάκχας
929 2014 1167 2062 ἕτεροπνόοις
1193 2016 1234 2054 ἐν
1260 2015 1398 2063 αὐλοῖς,
1424 2019 1571 2056 Brunok
1596 2024 1700 2066 φιλο-

178 2060 388 2108 παίγμονός
406 2075 444 2098 τε
467 2061 615 2109 Βάκχου
638 2061 884 2108 ἕτεροπνόους
904 2062 1095 2109 ἐναύλους,
1122 2065 1328 2111 Mehlhorn,
1354 2067 1418 2111 qui
1443 2069 1527 2112 post
1552 2079 1699 2104 versum

174 2111 471 2155 φιλοπαίγμονες
503 2109 546 2146 δὲ
573 2109 719 2156 Βάκχαι
751 2112 935 2157 quaedam
964 2112 1196 2149 intercidisse
1228 2113 1376 2157 statuit,
1410 2113 1558 2160 scripsit
1590 2113 1699 2164 ἑτέρᾳ

173 2155 315 2198 πνόους
341 2154 547 2199 ἐναύλους.·
585 2159 681 2194 Rose
706 2172 740 2195 v.
767 2164 787 2194 3
815 2161 852 2195 et
876 2163 899 2194 4
930 2159 1078 2196 aliunde
1110 2161 1318 2206 adscriptos
1343 2162 1479 2198 censet.
1512 2183 1559 2188 ——
1595 2162 1639 2198 V.
1667 2167 1699 2200 7.

172 2204 312 2240 Barnes
339 2202 388 2239 ἂν
413 2202 592 2251 δύνηται,
619 2206 767 2242 Brunck
793 2205 830 2242 εἰ
853 2204 1019 2243 δύναιτο.

267 2280 301 2312 3.
345 2275 507 2311 Exhibui
532 2277 604 2312 hoc
629 2287 778 2313 carmen
803 2278 1004 2314 secundum
1030 2279 1122 2323 cod.,
1147 2279 1220 2314 nisi
1244 2279 1343 2324 quod
1368 2291 1402 2315 v.
1430 2283 1474 2315 10
1499 2278 1698 2316 Πλειάδων

174 2334 241 2369 pro
262 2320 442 2368 πληάὸων
462 2324 603 2370 scripsi.
630 2325 673 2360 V.
697 2329 739 2361 19
760 2325 858 2361 Rose
877 2324 1069 2372 Κυθέρην,
1083 2327 1208 2363 nescio
1220 2336 1268 2362 an
1295 2337 1362 2362 sec.
1386 2326 1465 2363 cod.
1499 2327 1699 2365 Commode

174 2371 300 2406 autem
314 2370 463 2415 accidit,
475 2372 519 2407 ut
532 2372 602 2407 hoc
617 2383 775 2416 carmen,
790 2372 891 2418 quod
904 2373 1101 2409 Welckero
1114 2385 1188 2410 non
1200 2373 1395 2419 indignum
1409 2374 1566 2420 antiquo
1586 2377 1698 2421 poeta

172 2418 388 2464 videbatur,
424 2429 498 2454 non
535 2419 656 2455 solum
686 2420 834 2466 legatur
864 2419 904 2456 iu
934 2420 1088 2457 Anthol.
1113 2421 1152 2457 P.
1180 2420 1231 2456 XI
1255 2424 1303 2456 48
1339 2422 1404 2457 τοῦ
1445 2417 1563 2457 αὐτοῦ
1602 2421 1638 2467 (i.
1666 2434 1696 2458 e.

170 2463 439 2510 Ἀνακρέοντος,
466 2466 529 2502 sed
556 2467 636 2516 eqd.
658 2467 686 2502 P
706 2479 778 2504 om.
798 2467 945 2512 lemma,
970 2479 1058 2503 nam
1078 2468 1228 2504 exhibet
1246 2470 1332 2514 post
1349 2469 1643 2505 Anacreonteum
1665 2474 1697 2514 7,

172 2512 317 2549 duobus
342 2512 401 2548 his
426 2513 651 2550 carminibus
677 2515 900 2560 coniunctis,
933 2515 1040 2561 quasi
1071 2527 1185 2551 unum
1210 2517 1309 2552 esset
1333 2518 1514 2561 carmen),
1547 2518 1586 2552 et
1609 2515 1696 2553 inde

171 2560 289 2595 Cram.
316 2560 385 2595 An.
412 2560 493 2596 Par.
521 2560 573 2597 IV
599 2566 679 2607 376,
706 2563 771 2599 sed
796 2561 910 2599 etiam
935 2563 1034 2608 apud
1055 2563 1217 2599 Gellium
1236 2563 1281 2599 N.
1302 2563 1343 2598 A.
1365 2562 1450 2598 XIX
1469 2567 1508 2599 9:
1538 2563 1696 2607 „Oblec—

171 2607 244 2643 tati
269 2609 395 2643 autem
423 2619 547 2644 sumus
573 2611 722 2654 praeter
746 2610 865 2645 multa
889 2609 965 2646 alia
983 2610 1176 2646 versiculis
1195 2609 1436 2656 lepidissimis
1455 2611 1699 2647 Anacreontis

170 2656 277 2699 senis,
304 2666 396 2700 quos
422 2655 596 2701 equidem
620 2656 753 2703 scripsi
778 2657 864 2703 (leg.
882 2658 1088 2703 adscripsi),
1113 2660 1156 2694 ut
1179 2657 1323 2694 interea
1347 2657 1452 2693 labor
1470 2656 1532 2693 hic
1551 2658 1696 2704 vigilia—

172 2714 252 2737 rum
266 2703 305 2737 et
321 2701 467 2747 inquies
487 2703 674 2739 suavitate
685 2704 884 2750 ‚paulisper
903 2716 1036 2741 vocum
1055 2707 1167 2751 atque
1181 2705 1414 2741 modulorum
1428 2704 1697 2749 acquiesceret:

171 2745 236 2784 τὸν
262 2745 427 2795 ἄργυρον
452 2752 552 2787 κτλ.“
602 2751 830 2797 Intelligitur
854 2751 915 2788 hic
941 2752 1130 2788 luculento
1156 2753 1327 2798 exemplo
1351 2763 1418 2797 per
1442 2762 1534 2796 quos
1558 2753 1696 2798 gradus

174 2796 365 2841 corruptio
391 2798 522 2833 harum
549 2798 818 2834 cantilenarum
843 2799 978 2835 sensim
1004 2810 1151 2846 serpere
1177 2799 1360 2837 solita.sit
1383 2800 1422 2834 et
1446 2810 1558 2844 quam
1583 2799 1694 2846 louge

172 2854 194 2878 a
219 2854 397 2888 germana
423 2844 543 2881 forma
569 2856 613 2882 ea
638 2846 779 2892 species
811 2847 979 2892 recedat,
1010 2859 1122 2893 quam
1154 2847 1270 2884 codex
1295 2845 1455 2883 exhibet.
1506 2845 1573 2882 Est
1597 2847 1695 2884 enim

171 2900 318 2926 carmen
