1864 3126
811 127 1068 165 PRAXILLA.
1620 129 1707 172 567

735 241 1155 288 ΠΑΡΟΙΝΙΑ.

922 343 962 386 3.
1616 354 1706 385 1225

719 418 735 438 ἲ

264 422 484 481 Ἀδμήτου
514 422 667 481 λόγον,
700 442 735 469 ω
765 422 918 483 ’ταῖρε,
950 423 1115 482 μαθὼν
1146 422 1252 476 τοὺς
1282 422 1488 481 ἆγαθους
1518 427 1657 481 φίλει·

266 496 356 539 τῶν
389 496 551 540 δειλῶν
583 492 624 539 δ’
659 492 842 553 ἀπέχου,
875 494 1013 553 γνοὺς
1045 493 1113 540 ὅτι
1145 497 1307 540 δειλῶν
1340 493 1468 552 ὀλίγα
1500 496 1636 553 χάρις.

920 617 959 659 4.

260 694 364 742 ‘rub
396 697 528 743 παντὶ
560 700 675 759 λίθῳ
707 701 944 757 σκορπίον,
977 691 1012 743 ὦ
1040 695 1194 756 ’ταῖρε,
1227 697 1466 755 φυλάσσεο.

919 891 959 935 5.

264 987 860 1009 έυυ-υυ-υυ-υ-υ

263 1046 858 1068 -Ῑυυ-υυ-υυ-υ--

259 1110 314 1161 Ὦ
345 1114 421 1160 διὰ
453 1118 544 1161 τῶν
574 1117 782 1173 θυρίδων
811 1115 952 1161 καλὸν
985 1117 1275 1174 ἐμβλέποισα,

200 1207 205 1210 ·
262 1188 460 1257 παρθένε
491 1186 575 1231 τάν
606 1187 822 1245 κεφαλᾶν,
853 1186 908 1232 τὰ
940 1186 981 1232 δ’
1017 1191 1175 1246 ἔνερθε
1206 1187 1375 1245 νύμφα.

262 1318 320 1355 Fr.
347 1323 380 1354 3.
430 1318 619 1365 Aristoph.
652 1318 765 1364 Vesp.
799 1322 908 1355 1239:
936 1315 1020 1363 Ἀδμ
1034 1316 1113 1355 ’του
1144 1315 1275 1364 λόγον,
1308 1313 1337 1354 ὦ
1366 1315 1504 1365 ’ταῖρε,
1536 1333 1572 1365 μ.
1605 1333 1636 1354 τ.
1663 1318 1702 1355 α’.

167 1367 280 1412 φίλει.
306 1365 371 1402 καὶ
396 1366 506 1403 τοῦτο
531 1362 626 1412 ἀρχὴ
654 1367 820 1403 σκολίου·
849 1363 936 1412 ἑξῆς
960 1365 1003 1403 δέ
1051 1367 1237 1405 στι·,τῶν
1262 1367 1432 1402 δειλῶν
1465 1395 1473 1403 .
1495 1395 1502 1402 .
1525 1395 1532 1402 .
1559 1365 1701 1412 χάρις.

170 1414 365 1450 Praxillae
395 1425 477 1450 esse
508 1425 658 1450 carmen
690 1414 800 1450 docet
831 1412 946 1451 schol.
972 1414 1021 1450 ad
1051 1427 1085 1451 v.
1120 1417 1229 1451 1240:
1261 1414 1373 1450 τοῦτο
1405 1415 1445 1449 τί
1469 1412 1589 1458 λέξεις
1619 1427 1702 1451 σκο-

165 1459 246 1498 λιόν
288 1459 495 1498 κολακικὸν
521 1458 562 1497 τὸ
589 1459 741 1497 σκολιὸν
766 1461 831 1497 καὶ
855 1459 958 1507 παρὰ
986 1459 1161 1507 Θεώρου,
1193 1461 1303 1498 τοῦτο
1330 1459 1370 1496 οἱ
1392 1459 1462 1507 μὲν
1483 1458 1702 1507 Ἀλκαίου,

166 1508 206 1546 οἷ
227 1510 251 1545 δ
297 1509 538 1554 Σαπφοῦςέ
565 1505 635 1545 οὐκ
656 1507 734 1545 ἔστι
753 1508 808 1554 δέ,
828 1505 910 1546 ἀλλ’
939 1507 981 1546 έν
999 1514 1078 1551 τοῖς
1102 1510 1364 1555 Πραξίλλης
1388 1507 1548 1554 φέρεται
1573 1511 1700 1555 Παρ-

167 1557 345 1598 οινίοις.
397 1567 484 1593 nam
517 1557 610 1593 haec
635 1568 710 1593 non
735 1567 815 1593 esse
840 1556 1038 1594 referenda
1056 1557 1105 1593 ad
1125 1558 1342 1603 sequentem
1363 1556 1589 1593 cantilenam
1615 1555 1701 1603 (οὐκ

168 1603 268 1641 ἔστιν
294 1601 542 1648 ἀλωπεκίζειν
567 1606 669 1650 κτλ.),
696 1604 761 1640 sed
787 1604 834 1640 ad
852 1604 1003 1641 Admeti
1029 1604 1198 1648 acolium,
1218 1605 1276 1640 vel
1299 1604 1386 1640 inde
1407 1607 1576 1650 apparet,
1602 1606 1701 1650 quod

165 1651 279 1688 schol.
306 1651 400 1688 dicit
423 1649 626 1688 κολακικόν
654 1653 692 1688 et
710 1650 813 1698 παρὰ
842 1650 1008 1696 Θεώρου.
1051 1652 1253 1688 Confirmat
1278 1651 1390 1698 plane
1410 1652 1613 1688 Pausanias
1639 1664 1699 1699 ap.

165 1700 268 1736 Euet.
295 1699 337 1736 ll.
363 1703 445 1744 326,
470 1704 534 1736 36:
556 1696 640 1736 Ἀπό
673 1698 715 1736 δὲ
749 1700 816 1735 τοῦ
841 1697 1029 1746 ῥηθέντος
1058 1696 1238 1746 Ἀδμήτου
1271 1697 1422 1735 σκόλιόν
1454 1713 1490 1735 τι
1524 1697 1565 1736 έν
1593 1696 1700 1746 Ἀθή-

164 1760 250 1789 ναις
273 1743 478 1793 ἆδόμενον,
503 1744 554 1788 ὡς
578 1747 642 1783 καὶ
669 1749 892 1789 Παυσανίας
917 1747 1033 1793 φησὶν
1065 1744 1107 1784 έν
1138 1748 1190 1795 τῷ
1222 1746 1350 1795 οἰκείῳ
1382 1747 1533 1796 λεξικῷ,
1564 1746 1697 1793 λέγων,

164 1791 214 1836 ὥς
239 1783 287 1831 οἵ
301 1793 370 1840 μὲν
393 1791 592 1831 Ἀλκαίου
620 1794 736 1840 φασὶν
757 1791 870 1839 αὐτό,
895 1793 935 1831 οἰ
957 1795 999 1832 δὲ
1027 1796 1284 1842 Πραξίλλης
1307 1795 1385 1841 τῆς
1410 1796 1701 1836 Σικυωνίας·

163 1839 261 1888 ἀρχὴ
287 1841 329 1879 δὲ
355 1843 422 1878 τοῦ
447 1841 583 1888 μέλους
607 1839 722 1888 αὕτη·
752 1839 963 1889 Ἀδμήτου
995 1845 1069 1879 κτλ.
1097 1841 1196 1879 ἔοικε
1230 1841 1273 1879 δὲ
1308 1840 1373 1878 διὰ
1406 1841 1476 1899 μὲν
1501 1843 1575 1878 τῶν
1602 1840 1700 1888 ἀγα-

163 1890 248 1926 θῶν
274 1887 343 1935 τὴν
368 1891 550 1936 γενναίαν
575 1890 638 1926 καὶ
666 1891 875 1936 φίλανδρον
901 1887 1119 1936 ὖποδηλοῦν
1136 1888 1338 1936 Ἄλκηστιν,
1358 1891 1423 1926 δια
1450 1888 1492 1926 δὲ
1519 1891 1594 1926 τῶν
1621 1891 1698 1926 δει-

164 1938 239 1974 λῶν
263 1935 332 1973 τὸν
354 1934 532 1984 Ἀδμήτου
557 1936 716 1984 πατέρα,
741 1933 783 1979 ὃς
809 1935 954 1984 ὤκνησε
980 1941 1121 1975 θανεῖν
1146 1935 1242 1983 ὑπὲρ
1268 1938 1335 1974 τοῦ
1361 1935 1510 1978 παιδός.
1547 1938 1617 1973 Vel
1645 1937 1698 1974 sic

163 1987 290 2021 tamen
317 1985 494 2021 coniicias
520 1985 633 2021 etiam
660 1986 819 2022 alterum
844 1987 1021 2031 scoliam,
1047 1986 1148 2032 quod
1172 1985 1259 2022 huic
1283 1986 1383 2032 apud
1404 1983 1697 2032 'Aristophanem

164 2032 368 2077 subiicitur,
393 2033 484 2069 item
511 2044 555 2069 ex
579 2033 766 2069 Praxillae
793 2026 1020 2070 carminibus
1044 2033 1207 2080 petitum
1232 2043 1326 2070 esse:
1350 2078 1352 2080 ‚

449 2100 531 2140 Οὐκ
558 2102 659 2140 ἔστιν
684 2101 950 2151 ἀλωπεκίζειν,

449 2148 536 2187 οὐδ’
564 2149 812 2198 ἀμφοτέροισι
835 2154 1040 2198 γίγνεσθαι
1064 2153 1187 2198 φίλον.

165 2223 338 2258 Ceterum
364 2222 536 2268 Hartung
561 2223 674 2259 etiem
695 2223 819 2260 Schol.
840 2227 896 2260 22.
917 2227 974 2260 24.
995 2227 1051 2261 25.
1073 2227 1130 2269 26,
1155 2223 1333 2269 quoniam
1359 2223 1526 2259 eiusdem
1552 2224 1697 2259 numeri

164 2272 268 2314 sunt,
299 2282 410 2315 quem
441 2269 502 2305 hic
532 2269 575 2305 fr.
603 2274 634 2307 3.
662 2275 684 2306 4
716 2270 910 2316 exhibent,
942 2271 1129 2308 Praxillae
1162 2271 1307 2307 tribuit.
1340 2292 1384 2297 —
1411 2271 1454 2307 V.
1482 2275 1514 2306 2.
1550 2267 1588 2306 δ’
1622 2282 1694 2307 om.

165 2317 287 2353 Schol.
316 2316 427 2354 Arist.
457 2338 497 2343 —
526 2316 657 2363 γνοὺς,
682 2329 740 2364 ap.
770 2318 893 2355 Schol.
918 2318 1030 2355 Arist.
1058 2318 1149 2354 Ven.
1177 2315 1319 2363 πίουσ’,
1346 2318 1429 2353 Ald.
1456 2315 1622 2355 ποιοῦσ’.
1651 2339 1694 2344 -

165 2366 264 2400 Inter
288 2364 404 2400 aeolia
434 2364 550 2400 refert
579 2365 694 2401 etiam
719 2365 854 2402 Athen.
879 2365 948 2402 XV
974 2370 1042 2402 695
1069 2365 1108 2410 C,
1134 2365 1200 2401 ubi
1225 2378 1258 2401 v.
1287 2370 1306 2401 1
1332 2366 1396 2401 AB
1424 2359 1452 2400 ὦ
1479 2361 1617 2411 ἑταῖρε,
1643 2365 1694 2401 ib.

164 2412 191 2447 L
219 2413 338 2457 φίλει,
371 2411 434 2446 ΑΒ
460 2412 561 2456 φίλει
587 2411 718 2461 σέβου,
750 2413 777 2448 C
803 2414 936 2459 φίλους
961 2412 1072 2459 σέβου
1099 2415 1138 2449 et
1162 2425 1195 2450 v.
1223 2417 1243 2448 2
1279 2414 1417 2453 δειλοῖς
1442 2409 1549 2459 ὀλίγη
1576 2410 1693 2459 χάρις.

258 2460 316 2497 Fr.
343 2463 376 2494 4.
427 2458 550 2495 Schol.
576 2459 668 2496 Rav.
701 2459 814 2496 Arist.
846 2461 1073 2506 Thesmoph.
1111 2464 1198 2496 529:
1234 2458 1324 2506 Τὴν
1361 2461 1618 2506 παροιμίαν
1653 2457 1692 2495 δ’

164 2504 335 2543 ἐπαινῶ
363 2504 443 2551 τὴν
469 2504 672 2542 παλαιὰν
697 2507 791 2554 mk]
821 2504 886 2543 Ἐκ
912 2508 985 2543 τῶν
1011 2507 1066 2549 εἰς
1097 2505 1364 2553 Πράξιλλαν
1397 2504 1692 2554 ἀναφερομέ-

162 2565 269 2590 νων·
290 2551 383 2590 ‘Tne
410 2556 484 2589 κτλ.
511 2554 575 2590 καὶ
602 2550 731 2600 ἑτέρα,
763 2552 914 2590 πάντα
944 2557 1080 2591 λίθον
1111 2557 1243 2591 κίνει.
1295 2554 1465 2591 Ceterum
1501 2555 1695 2591 simillima.

162 2602 347 2638 sententia
371 2604 428 2637 est
452 2601 492 2636 in
517 2601 631 2638 scolio
658 2606 714 2646 23,
740 2605 853 2648 atque
878 2602 978 2638 haud
1004 2603 1081 2638 scio
1108 2614 1156 2638 an
1187 2601 1267 2638 illic
1300 2612 1483 2648 germana
1517 2602 1693 2638 Praxillei

162 2650 335 2686 carminis
360 2649 482 2685 forma
506 2649 556 2684 sit
574 2651 732 2685 servata.
784 2649 838 2685 De
856 2649 939 2707 ipso
958 2649 1155 2695 proverbio
1175 2650 1220 2685 ef.
1235 2650 1370 2685 Zenob.
1387 2649 1437 2685 VI
1460 2653 1515 2685 20.
1532 2648 1689 2696 Diogen.

163 2697 248 2733 VlII
275 2701 332 2733 59.
357 2696 527 2742 Apostol.
555 2695 642 2731 XIX
667 2700 724 2732 91.
751 2717 794 2722 —
822 2692 907 2741 ὑπο,
932 2697 1121 2732 Fritzsohe
1149 2697 1243 2733 coni.
1271 2695 1312 2732 ἔν
1337 2709 1406 2733 τοι.
1741 2733 1745 2736 ⁴

257 2745 315 2781 Fr.
343 2749 375 2781 5.
427 2743 628 2790 Hephaesta.
653 2747 716 2779 43:
749 2742 823 2779 Καὶ
854 2741 896 2779 τὸ
927 2741 1022 2789 πρὸς
1052 2743 1148 2789 τρισὶ
1178 2741 1392 2789 (δακτύλοις
1423 2742 1510 2789 ἔχον
1544 2751 1692 2790 τροχαῖ-

163 2789 234 2838 κὴν
271 2793 467 2837 συζυγίαν)
505 2790 740 2837 καλούμενον
779 2791 1100 2836 Πραξίλλειον·
1134 2784 1175 2826 Ὠ
1201 2794 1276 2828 κτλ.
1307 2812 1345 2816 -
1377 2791 1420 2827 V.
1447 2795 1479 2828 2.
1507 2789 1692 2837 κεφαλάν,

165 2843 193 2888 A
220 2836 408 2884 κεφάλαν,
434 2839 534 2884 quod
561 2838 740 2882 notabile,
767 2849 852 2874 nam
878 2838 1036 2874 fortasse
1061 2837 1301 2874 Aeolensium
1326 2849 1430 2875 more
1448 2838 1614 2875 Praxilla.
1638 2841 1694 2876 te·

162 2897 271 2922 nores
295 2885 461 2924 retraxit.
488 2886 533 2924 cf.
562 2885 685 2923 Schol.
711 2885 866 2922 Theocr.
893 2884 944 2921 111
969 2889 1032 2922 52:
1067 2886 1285 2932 Νίκανδρος
1309 2883 1502 2932 κεφάλαν,
1528 2883 1579 2929 ὡς
1602 2884 1689 2934 ἡμέ-
