1864 3126
767 141 1044 179 SIMONIDES.
1583 140 1671 183 449

782 251 851 294 90.
906 252 1020 305 149.]

226 328 456 390 Ἑλλήνων
488 334 822 390 προμαχοῦντες
850 249 1084 389 ’Λ[θηναῖοι
1118 334 1378 390 Μαραθῶνι

294 401 592 462 χρυσοφόρων
626 401 803 459 Μήδων
835 402 1075 462 ἐστόρεσαν
1108 402 1315 460 δύναμιν.

136 533 268 580 itaque
309 544 384 569 non
422 532 593 569 dubitavi
630 532 730 579 apud
775 532 913 569 Simon.
952 533 1105 579 Amorg.
1142 538 1186 569 31
1221 533 1250 568 Β
1298 533 1477 569 traditum
1515 534 1676 580 παχείην

138 580 336 628 corrigere.
382 581 475 617 Item
495 581 709 627 suspectum
729 580 776 617 de
796 581 889 617 vitio
908 580 1020 616 Anth.
1042 581 1119 616 Pal.
1140 581 1211 617 VII
1230 585 1300 617 315
1325 582 1500 627 τρηχείην
1525 582 1677 627 praeter

137 628 404 665 necessitatem
451 628 653 664 admissum
696 628 735 663 in
773 628 1044 675 epigrammate
1089 628 1253 665 incertae
1291 628 1536 665 auctoritatis.
1601 629 1676 664 Sed
1749 627 1753 631 '

138 676 278 713 novicii
323 678 456 722 poetae
493 675 562 712 has
600 675 740 712 formas
774 686 850 712 non
896 676 1112 722 repudiant,
1156 676 1221 712 ubi
1258 678 1418 712 metrum
1455 676 1677 722 productam

139 723 324 769 syllabam
351 723 557 768 desiderat,
583 722 657 759 vid.
685 723 857 759 Meineke
885 723 963 759 Del.
990 724 1057 769 Ep.
1084 736 1119 770 p.
1147 727 1228 760 200.

233 770 362 817 Epigr.
388 775 444 806 90.
489 771 646 817 Lycurg.
667 771 793 807 Leocr.
818 775 903 807 109:
933 772 1145 817 Τοιγαροῦν
1166 769 1229 807 ἐπὶ
1248 775 1325 812 τοῖς
1351 769 1469 815 ὁρίοις
1493 771 1560 807 τοῦ
1587 772 1672 819 βίου

139 819 346 865 (corrigunt
377 815 512 863 ἠρίοις)
544 816 730 864 μαρτύρια
765 817 865 854 ἔστιν
897 818 994 855 ἰδεῖν
1026 819 1091 864 τῆς
1122 815 1258 864 ἀρετῆς
1284 815 1422 874 αὐτῶν,
1436 815 1675 877 ἀναγεγραμ-

139 865 237 913 μένα
262 862 390 912 ἀληθῆ
425 863 519 911 πρὸς
544 861 718 906 ἅπαντας
741 862 830 907 τοὺς
851 862 1052 912 ”Ελληνας,
1086 864 1246 907 ἐκείνοις
1277 865 1360 912 μέν,
1393 880 1421 902 ω
1448 867 1546 909 ξεῖν
1596 863 1675 911 ἅγ-

137 916 295 960 γειλον
319 916 395 950 κτλ.
417 915 488 959 (ep.
510 915 583 959 92),
610 917 688 954 τοῖς
713 911 755 949 δὲ
782 910 979 960 ὑμετέροις
1002 911 1221 960 προγόνοις·
1250 910 1472 959 Ἑλλήνων
1498 926 1675 959 προμα-

138 961 334 1007 χοῦντες
359 963 434 996 κτλ.
484 960 686 997 Simonidis
712 972 791 997 esse
817 961 1051 1007 epigramma
1074 963 1238 998 testatur
1263 960 1415 997 Aristid.
1442 961 1477 996 II
1503 965 1585 1004 511,
1611 961 1676 1006 qui

138 1020 215 1044 una
240 1019 323 1044 cum
348 1007 434 1044 aliis
459 1007 570 1044 huius
589 1010 729 1067 poetae
755 1008 1037 1055 epigrammatis
1062 1008 1187 1051 affert,
1220 1009 1285 1045 ubi
1310 1021 1344 1044 v.
1370 1012 1391 1044 2
1418 1008 1471 1044 sic
1497 1008 1674 1054 scriptus:

139 1054 312 1092 ἔκτειναν
337 1052 484 1101 Μήδων
511 1052 624 1092 ἒννεα
657 1053 854 1101 μυριάδας.
903 1055 1011 1092 Adde
1038 1056 1161 1093 Schol.
1189 1056 1342 1092 Aristid.
1369 1059 1438 1092 289
1465 1056 1520 1093 ed.
1547 1055 1675 1092 From-

138 1103 224 1148 mel,
249 1102 315 1138 ubi
340 1104 460 1138 εἴκοσι
485 1116 568 1149 avo.
595 1105 708 1141 extat.
759 1103 840 1140 Hoc
865 1103 1055 1140 distichon
1086 1103 1187 1149 pilae
1213 1103 1252 1139 in
1278 1114 1411 1149 campo
1436 1103 1675 1139 Marathonio

139 1151 214 1187 fuit
244 1149 486 1196 inscriptum,
517 1161 638 1196 neque
669 1150 872 1196 quidquam
898 1150 1143 1196 desiderabis,
1175 1162 1263 1186 nam
1288 1150 1442 1187 nomina
1467 1150 1676 1187 occisorum

139 1197 298 1235 solemni
322 1208 425 1233 more
459 1197 590 1234 addita
621 1199 739 1234 erant.
778 1198 936 1235 Pausan.
963 1199 978 1234 I
1005 1203 1067 1243 32,
1094 1203 1133 1235 3:
1171 1196 1294 1244 τάφος
1326 1197 1368 1234 δὲ
1402 1195 1443 1234 ἐν
1474 1198 1524 1244 τῷ
1555 1199 1676 1246 πεδίῳ

137 1241 346 1291 Ἀθηναίων
380 1241 500 1289 ἐστίν,
540 1242 602 1281 ἐπὶ
639 1243 681 1281 δὲ
715 1241 819 1294 αὐτῷ
851 1246 982 1291 στῆλαι
1013 1244 1059 1282 τὰ
1104 1243 1273 1292 ὀνόματα
1305 1246 1379 1281 τῶν
1416 1243 1676 1281 ἅποθανόνων

138 1290 236 1328 κατὰ
265 1289 388 1337 φυλὰς
415 1290 583 1328 ἑκάστων
612 1291 776 1339 ἔχουσαι.
822 1293 895 1329 Sed
916 1293 1074 1330 offendit
1097 1292 1256 1339 insignis
1281 1292 1489 1339 scripturae
1516 1293 1677 1328 varietas

138 1352 172 1377 v.
199 1344 241 1376 2:
278 1351 399 1385 neque
424 1341 618 1386 Lycurgus
644 1352 769 1376 coram
795 1340 983 1377 iudicibus
1016 1341 1250 1387 epitaphium
1277 1340 1556 1377 Marathoniam
1581 1340 1674 1376 reci-

139 1388 223 1423 tans
255 1387 529 1423 insimulandus
554 1388 705 1432 erroris,
742 1399 863 1433 neque
878 1388 1088 1432 Aristides,
1128 1388 1192 1433 qui
1228 1388 1400 1424 libellum
1437 1389 1525 1433 περὶ
1555 1401 1676 1433 παρα-

139 1433 362 1480 φθέγματος
399 1435 563 1471 scribens
600 1435 775 1471 volumen
822 1435 1023 1472 Simonidis
1064 1435 1230 1471 carmina
1263 1436 1455 1471 continens
1488 1435 1676 1471 adhibuit:

141 1482 268 1527 itaque
303 1482 475 1517 existimo
510 1482 548 1517 in
585 1482 728 1518 duobus
766 1483 899 1528 elogiis
931 1495 966 1520 v.
995 1488 1012 1519 1
1039 1483 1218 1519 iteratum
1255 1494 1352 1519 esse:
1391 1493 1540 1518 carmen
1577 1482 1678 1528 quod

140 1530 332 1576 Lycurgus
377 1529 570 1574 recitavit,
608 1529 710 1565 haud
749 1530 859 1566 dubie
895 1530 942 1566 ad
980 1531 1166 1566 tumulum
1205 1530 1482 1566 Marathonium
1521 1530 1678 1575 spectat,

140 1576 390 1623 epigramma,
428 1588 502 1622 quo
533 1576 715 1613 Aristides
753 1578 888 1622 utitur,
924 1578 1078 1614 donario
1109 1577 1330 1624 inscriptum
1367 1576 1479 1614 fuisse
1518 1576 1677 1620 videtur,

140 1623 245 1660 cuius
276 1624 451 1660 carminis
511 1625 709 1660 articulam
733 1626 880 1661 tantum
914 1625 1115 1671 adscripsit
1144 1626 1290 1671 rhetor,
1327 1626 1432 1661 velut
1458 1636 1515 1670 ep.
1544 1628 1612 1659 104
1638 1628 1677 1660 et

142 1675 210 1707 132
235 1670 431 1708 breviavit.
506 1671 738 1708 oniecturam
763 1672 795 1707 si
821 1672 1027 1718 periclitari
1046 1673 1146 1718 licet,
1167 1672 1278 1709 Panis
1303 1672 1410 1718 signo
1430 1672 1491 1718 (cf.
1513 1683 1570 1718 ep.
1589 1673 1674 1717 133)

143 1719 394 1766 subscriptum
420 1719 533 1755 fuerit
557 1719 597 1755 in
621 1719 721 1755 hunc
746 1719 823 1756 fere
849 1721 1021 1757 modum:

287 1787 363 1826 Τὸν
389 1787 607 1836 τραγόπουν
634 1787 699 1847 ἐμὲ
727 1791 858 1836 Πᾶνα,
884 1788 950 1827 τὸν
973 1788 1149 1836 Ἀρκάδα,
1175 1788 1242 1827 τὸν
1268 1789 1364 1827 κατὰ
1391 1788 1551 1837 Μήδων,

355 1838 490 1882 στῆσεν
516 1839 728 1884 Μιλτιαδης
753 1835 854 1886 τῇδ’,
879 1835 940 1875 ὅτ’
969 1836 1172 1889 ἐλευθερίᾳ

279 1882 468 1931 Ἑλλήνων
493 1885 777 1932 προμαχοῦντες
797 1882 991 1932 Ἀθηναῖοι
1015 1887 1237 1934 Μαραθῶνι

357 1931 529 1969 ἔκτειναν
555 1930 701 1979 Μήδων
729 1930 842 1970 ἐννέα
869 1931 1067 1980 μυριάδας.

142 2015 319 2059 Quamvis
355 2015 539 2052 Aristides
577 2016 766 2052 diversum
805 2027 956 2053 carmen
993 2016 1230 2062 adhibuerit,
1268 2017 1329 2053 vel
1368 2017 1422 2053 sic
1458 2016 1538 2052 eius
1570 2016 1679 2052 testi-

141 2063 267 2099 monio
305 2063 432 2099 confisi
470 2074 528 2110 ep.
562 2068 608 2100 90
645 2063 877 2100 vindicamus
916 2064 1114 2111 Simonidi,
1152 2076 1240 2100 nam
1271 2064 1346 2110 ipsi
1381 2066 1530 2100 tantum
1570 2063 1681 2099 licuit

143 2110 325 2147 Simonidi
351 2122 500 2147 versum
531 2111 668 2147 iterare
699 2111 739 2147 in
769 2111 922 2158 publico
956 2112 1208 2149 monumento.
1261 2111 1333 2147 Sed
1363 2114 1560 2158 praeterea
1597 2123 1631 2147 v.
1659 2115 1679 2146 2

144 2169 203 2204 ap.
242 2157 355 2194 Arist.
393 2157 439 2194 de
476 2158 570 2195 vitio
609 2161 825 2205 suspectum
862 2171 948 2195 nam
986 2159 1157 2206 quamvis
1194 2159 1297 2195 soliti
1335 2160 1411 2195 sint
1448 2159 1580 2195 Graeci
1619 2169 1678 2193 res

145 2204 255 2240 bellis
274 2204 429 2241 Medicis
447 2208 571 2251 gestas
597 2206 710 2242 altius
737 2218 974 2253 exaggerare,
998 2206 1209 2243 inauditum
1246 2208 1313 2251 est,
1345 2206 1550 2251 nonaginta
1575 2206 1681 2241 milia

127 2252 342 2287 Persarum
383 2252 422 2288 in
466 2253 608 2299 proelio
641 2253 878 2290 Marathonio
916 2254 1041 2291 occisa
1078 2266 1176 2298 esse,
1227 2255 1335 2299 quasi
1373 2254 1566 2289 universus
1603 2253 1681 2289 fere

143 2299 327 2335 exercitus
352 2299 424 2335 hac
449 2302 575 2347 strage
599 2304 815 2347 peremptus
835 2301 958 2338 fuerit.
1006 2302 1229 2346 Herodotus,
1256 2313 1366 2347 quem
1393 2302 1541 2337 constat
1566 2311 1679 2346 saepe

143 2418 293 2464 scripsit
308 2418 504 2462 Φιλίππου,
529 2429 617 2453 nam
642 2418 871 2463 poematium
896 2420 1007 2466 plane
1026 2431 1116 2467 prae
1137 2432 1175 2456 se
1195 2420 1269 2456 fert
1288 2419 1476 2465 peculiare
1497 2418 1677 2455 orationis

143 2466 258 2510 filum,
283 2476 357 2511 quo
383 2465 502 2502 utitur
526 2465 739 2511 Philippus,
772 2470 814 2502 ut
843 2465 946 2503 haud
982 2470 1203 2503 cunctanter
1228 2466 1402 2511 equidem
1434 2465 1520 2502 huic
1546 2468 1681 2512 poetae

143 2513 431 2557 vindicaverim,
458 2512 571 2548 etiam
598 2511 631 2547 si
655 2523 792 2549 nomen
817 2524 891 2549 non
916 2517 1015 2550 esset
1038 2515 1231 2551 traditum.
1294 2513 1508 2549 Mimnermi
1543 2524 1681 2549 nomen

144 2562 223 2596 tam
249 2559 430 2605 alienum,
464 2561 506 2595 ut
531 2571 577 2595 ne
608 2559 764 2606 insignis
791 2560 943 2606 quidem
967 2564 1098 2608 stupor
1123 2564 1189 2598 aut
1212 2561 1405 2597 temeritas
1432 2560 1679 2597 coniectando

144 2608 215 2644 hoc
251 2607 397 2643 facinus
435 2607 634 2643 admittere
666 2607 847 2653 potuerit3
881 2620 982 2645 error
1013 2609 1114 2646 haud
1150 2609 1261 2645 dubie
1299 2608 1386 2644 inde
1425 2610 1544 2651 ortus,
1582 2607 1682 2653 quod

144 2655 356 2691 Mimnermi
397 2654 553 2700 aliquod
595 2654 824 2700 poematium
867 2655 1117 2702 interceptum
1156 2658 1230 2700 est,
1275 2656 1375 2700 quod
1412 2655 1678 2691 detrimentum

143 2713 410 2748 saepenumero
435 2701 617 2738 eiusmodi
642 2701 789 2747 peperit
813 2713 964 2739 errores.
1021 2703 1118 2739 Sane
1138 2702 1379 2739 Mimnermus
1403 2702 1508 2738 nulla
1532 2702 1680 2748 scripsit

146 2748 699 2842 {iigssffmffleff‘ssaffim
735 2748 834 2832 {¹5:3³
847 2749 1683 2833 0¹³3.⁵312?¹3¹3¹3¹=³ffi¹1¹t5⁶³⁸⁰201¹55⁰flss¹33

146 2809 381 2881 incommoc‘ie
411 2844 622 2880 Mimnermi
652 2808 770 2889 inqb,
806 2809 907 2889 quopd
973 2844 1127 2891 iogenes
1159 2809 1331 2881 {aertius
1349 2808 1604 2891 ‘siin'peditah
1641 2843 1681 2880 in

148 2890 317 2927 ordinem
340 2891 468 2938 recipi.

219 2955 352 2983 Pon-ru
370 2957 449 2983 Ian.
466 2957 528 2984 111.
1351 2954 1396 2987 29
