1864 3126
924 737 1041 780 XVI.
1598 748 1742 780 ·973

736 843 1226 893 XANTHUS.

799 986 1174 1032 ΟΡΕΣΤΕΙΑ.

974 1088 1010 1130 1.

342 1171 498 1213 Aelian.
530 1174 577 1214 V.
609 1174 658 1213 H.
689 1173 747 1212 IV
781 1175 852 1213 26:
895 1168 1057 1220 Ξάνθος
1101 1167 1122 1212 ὃ
1164 1168 1328 1223 ποιητὴς
1370 1174 1448 1211 τῶν
1491 1173 1616 1223 μελῶν
1655 1203 1663 1211 .
1696 1201 1706 1211 .
1737 1203 1745 1212 .

223 1237 371 1292 ἐγένετο
412 1236 455 1278 δὲ
495 1231 609 1286 οὗτος
644 1233 904 1290 πρεσβύτερος
940 1233 1184 1289 Στησιχόρου
1221 1239 1291 1276 τοῦ
1322 1232 1517 1290 Ἱμεραίου
1549 1266 1559 1276 .
1579 1267 1588 1276 .
1609 1268 1617 1277 .
1649 1234 1748 1289 λέγει

223 1300 295 1355 τὴν
326 1299 535 1355 Ἠλέκτραν
570 1304 640 1343 τοῦ
671 1298 961 1355 Ἀγαμέμνονος
999 1298 1047 1342 οὐ
1083 1304 1197 1341 τοῦτο
1235 1300 1335 1354 ἔχειν
1371 1299 1543 1353 τοῦνομα
1578 1303 1747 1353 πρῶτον,

222 1364 319 1408 ἀλλὰ
352 1368 577 1420 Λαοδίκην·
610 1361 705 1407 ἔπεϊ
724 1364 767 1406 δὲ
794 1360 1048 1419 Ἀγαμέμνων
1079 1362 1283 1421 ἀνῃρέθη,
1322 1363 1394 1418 τὴν
1426 1364 1468 1406 δὲ
1500 1362 1746 1418 Κλυταιμνή-

223 1444 341 1484 στραν
373 1428 393 1472 ὁ
426 1432 619 1485 Αἴγισθος
650 1430 787 1484 ἔγημε,
818 1429 884 1469 καὶ
915 1429 1180 1482 ἐβασίλευσεν,
1211 1428 1395 1483 ἄλεκτρον
1427 1424 1550 1471 οὖσαν
1580 1429 1647 1470 καὶ
1676 1445 1747 1470 κα-

221 1498 452 1550 ταγηρῶσαν
482 1494 688 1549 παρθένον
722 1491 888 1548 Ἀργεῐοι
923 1491 1133 1548 Ἠλέκτραν
1170 1492 1357 1536 ἐκάλεσαν
1395 1492 1461 1536 διὰ
1497 1492 1539 1536 τὸ
1571 1491 1747 1548 ἀμοιρεῖν

222 1558 369 1614 ἀνδρὸς
398 1560 464 1601 καὶ
496 1558 548 1614 μὴ
581 1563 844 1613 πεπειρᾶσθαι
869 1558 1038 1612 λέκτρου.
1089 1560 1149 1600 Of.
1169 1562 1315 1601 Athen.
1334 1561 1411 1599 XII
1432 1562 1516 1600 513
1539 1561 1591 1599 A:
1623 1555 1747 1599 πολλὰ

223 1625 265 1667 δὲ
296 1629 373 1667 τῶν
403 1623 570 1669 Ξάνθου
601 1625 919 1678 παραπεποίηκεν
950 1621 971 1665 ὅ
1003 1625 1265 1678 Στησίχορος,
1297 1621 1424 1677 ὥσπερ
1454 1622 1520 1664 καὶ
1549 1619 1621 1676 τὴν
1647 1619 1747 1675 Ὀρε-

224 1693 352 1733 στείαν
382 1690 643 1744 καλουμένην.

342 1975 488 2015 Athen.
519 1975 596 2016 XII
628 1976 712 2014 513
735 1975 789 2014 A:
821 1973 902 2014 Καὶ
931 1970 1094 2021 Ξάνθος
1125 1969 1162 2012 δ’
1197 1968 1218 2013 ὃ
1251 1968 1456 2024 μελοποιὸς
1486 1967 1746 2024 πρεσβύτερος

223 2038 280 2082 ὢν
310 2037 573 2093 Στησιχόρου,
605 2035 658 2088 ὥς
687 2038 754 2079 καὶ
785 2036 903 2087 αὐτὸς
933 2035 954 2079 ὃ
985 2038 1223 2090 Στησίχορος
1254 2040 1454 2089 μαρτυρεῖ,
1485 2033 1539 2084 ὥς
1569 2047 1693 2087 φησιν
1723 2031 1745 2075 ὁ

223 2105 511 2159 Μεγακλείδης,
543 2100 591 2145 οὗ
621 2100 766 2156 ταύτην
797 2100 900 2159 αὐτῷ
932 2099 1004 2158 (τῷ
1022 2097 1224 2155 Ἡρακλεῖ)
1249 2101 1471 2154 περιτίθησι
1494 2096 1567 2152 τὴν
1591 2096 1746 2152 στολήν,

224 2167 320 2210 ἆλλά
351 2166 423 2222 τὴν
447 2165 672 2222 Ὁμηρικήν.
