1864 3126
704 146 1086 186 ANACREONTEA.
1575 143 1663 187 319

789 259 858 302 36.
910 258 979 301 41.

512 331 615 366 TO‘P
639 330 808 365 AYTO‘I'
833 260 925 364 ΕΙὲ
947 259 1280 363 ΣΞΙΓΜΠΟΣΙΟΝ.

192 400 359 461 Ἰλαροὶ
391 405 560 460 πίωμεν
593 398 736 455 οἶνον,
916 412 957 443 15
983 397 1033 443 τὸ
1055 397 1137 456 μὲν
1158 391 1243 441 οὖν
1262 399 1392 454 πῶμα
1412 395 1634 453 λάβωμεν,

199 472 514 531 ἅναμέλψομεν
545 472 594 518 δὲ
628 470 822 529 Βάκχον,
983 466 1062 522 τὰς
1082 467 1131 513 δὲ
1152 470 1397 526 φροντίδας
1410 470 1639 525 μεθῶμεν·

198 544 278 590 τὸν
299 542 542 602 έφευρετὰν
561 546 750 602 χορείας,
786 554 875 586 1064
987 544 1034 585 τί
1060 539 1146 597 γάρ
1179 540 1276 584 ἐστί
1305 551 1375 583 σοι
1402 537 1452 583 τὸ
1478 539 1635 597 κέρδος

198 615 277 662 τὸν
298 614 404 669 ὅλας
417 618 652 660 ποθοῦντα
665 612 852 671 μολπᾶς,
986 610 1258 671 ὀδυνωμένςο
1291 614 1543 668 μερίμναις;

151 701 173 732 6
197 686 279 733 τὸν
310 685 570 745 ὁμότροφον
590 683 817 741 Ἐρώτων,
986 684 1130 728 πόθεν
1157 684 1343 739 οἴδαμεν
1368 682 1418 726 τὸ
1452 683 1635 739 μέλλον;

172 757 283 804 ,τὸν
316 757 543 817 ἐρώμενον
576 754 811 813 Κυθήρης·
916 767 961 799 20
988 752 1012 799 ὁ
1046 757 1143 811 βίος
1174 758 1353 812 βροτοῖς
1375 751 1566 810 ἄδηλος·

200 828 262 875 δι’
298 828 352 875 ὃν
384 827 410 886 ἡ
445 829 560 886 μέθη
595 825 808 884 λοχεύθη,
988 825 1174 883 μεθύων
1205 826 1325 870 θέλω
1357 824 1575 882 χορεύειν,

201 900 262 946 δι’
299 899 354 946 ὃν
384 899 412 958 ἡ
447 899 574 958 χάρις
605 898 778 955 ἐτέχθη,
987 897 1314 955 μεμυρισμένος
1345 895 1394 940 δὲ
1426 899 1596 950 παίζειν

201 971 260 1018 δι’
297 970 351 1017 ὃν
382 970 631 1029 ἄμπαύεται
662 968 796 1025 λύπα,
988 967 1095 1027 μετὰ
1121 968 1195 1013 καὶ
1221 970 1373 1012 καλῶν
1392 971 1641 1024 γυναικῶν·
1662 1000 1688 1028 ,

132 1058 174 1088 10
201 1042 261 1089 δι’
298 1041 353 1088 ὃν
383 1040 577 1096 εὐνάζετ’
613 1039 730 1085 ἀνία.
988 1041 1151 1098 μελέτω
1185 1038 1234 1084 δὲ
1257 1046 1361 1092 ’τοῖς
1391 1040 1610 1084 θέλουσιν

200 1114 250 1160 τὸ
271 1115 353 1173 μὲν
373 1108 458 1159 οὖν
477 1116 608 1171 πῶμα
627 1112 850 1171 κερασθέν
917 1124 962 1156 25
989 1110 1101 1157 ὅσον
1133 1111 1255 1156 ἐστὶν
1287 1112 1336 1155 ἐν
1368 1114 1613 1169 μερίμναις.

201 1185 365 1231 ἁπαλοὶ
397 1186 587 1243 φέρουσι
618 1186 789 1236 παῖδες·
990 1183 1137 1241 ἱλαροὶ
1168 1187 1339 1240 πίωμεν
1371 1180 1514 1239 οἶνον,

200 1256 251 1302 τὸ
278 1256 320 1302 δ’
350 1256 457 1315 ἄχος
476 1257 668 1314 πέφευγε
687 1254 850 1313 μιχθέν
988 1253 1306 1313 ἄναμέλψομεν
1337 1253 1388 1298 δὲ
1419 1253 1610 1312 Βάκχον.

203 1327 498 1388 ἆνεμοτρόφςο
530 1328 713 1386 θυέλλῃ.

799 1444 869 1490 37.
920 1448 989 1491 47.

348 1521 440 1554 ΕΙΣ
463 1520 674 1554 ΕΑΤΤΟΝ
694 1520 731 1553 H
756 1518 848 1552 ΕΙΣ
861 1449 1102 1553 ΕΙΞΓΑΙΞ)ΟΝ
1125 1518 1455 1553 ΠΡΕΣΒΤΤΗΝ.

208 1592 332 1635 Φιλω
363 1591 554 1648 γέροντα
585 1588 794 1647 τερπνόν,
992 1593 1144 1647 τρίχας
1175 1589 1319 1646 γέρων
1351 1589 1433 1645 μέν
1464 1589 1600 1643 ἐστιν,

203 1664 320 1719 φιλῶ
352 1662 458 1706 νέον
490 1660 726 1719 χορευτάν·
947 1673 967 1704 5
993 1658 1070 1713 τὰς
1102 1659 1151 1705 δὲ
1183 1660 1352 1717 φρένας
1383 1659 1537 1713 νεάζει.

206 1731 264 1778 ἂν
297 1731 338 1778 δ’
375 1730 398 1777 ὁ
431 1733 576 1790 γέρων
608 1732 785 1790 χορεύῃ,

231 1868 288 1900 36.
341 1863 384 1899 In
410 1874 527 1909 marg.
560 1862 731 1899 additum
763 1860 862 1900 ἄλλο.
914 1862 1071 1899 Graeter
1105 1862 1327 1909 proscripsit:
1357 1866 1452 1898 v.9.
1481 1865 1525 1897 10
1543 1864 1590 1898 et
1614 1865 1672 1906 23,

134 1923 284 1948 carmen
309 1910 348 1947 in
374 1912 535 1956 quatuor
560 1911 734 1957 strophas
754 1922 926 1947 senorum
953 1922 1128 1947 versuum
1147 1910 1306 1956 redegit,
1331 1908 1542 1954 Mehlhorn,
1568 1909 1671 1945 disti-

135 1961 231 1996 chon
270 1959 310 1995 in
348 1958 500 1995 exordio
524 1958 745 2014 pariterque
775 1958 816 1994 in
853 1958 926 1994 fine
959 1969 1177 2005 segregans,
1215 1969 1279 1994 sex
1315 1957 1488 2003 strophas
1523 1958 1672 2003 quater-

135 2018 267 2042 norum
293 2017 467 2043 versuum
495 2005 696 2053 discripsit,
723 2008 766 2042 ut
789 2008 878 2052 post
902 2019 937 2042 v.
951 2010 996 2042 22
1022 2017 1150 2042 versus
1175 2006 1406 2051 interceptus
1426 2005 1485 2041 sit.
1507 2025 1552 2032 —
1573 2004 1617 2040 V.
1641 2010 1670 2041 1.

135 2053 266 2110 ἴλαρωὶ
290 2055 437 2100 πίωμεν
464 2053 687 2100 Stephanus,
714 2053 760 2089 cf.
781 2066 815 2091 v.
837 2058 896 2093 26.
922 2054 1003 2090 cod.
1029 2051 1158 2111 λιαρὸν
1184 2054 1332 2099 πίομεν.
1359 2073 1404 2078 -
1431 2053 1475 2089 V.
1497 2057 1528 2088 3.
1557 2049 1674 2098 ἐφεύ

136 2099 262 2148 ρετάν,
289 2102 385 2138 Βοεο
412 2098 636 2147 ἔφευρετὴν.
664 2122 707 2128 -
734 2100 779 2137 V.
806 2105 839 2138 4.
867 2098 968 2147 ὅλας,
994 2101 1078 2138 fort.
1105 2097 1209 2142 ὅλως.
1245 2122 1288 2127 -
1322 2101 1366 2136 V.
1395 2104 1426 2137 5
1454 2097 1671 2146 ὁμότροφον

1246 2162 1291 2184 τ..

138 2196 281 2243 scripsi,
307 2196 388 2232 cod.
390 2193 640 2253 ὁμότροπον.
675 2218 717 2223 -
748 2192 919 2241 Ἐρώτων
944 2196 1061 2255 Rose,
1087 2196 1167 2233 cod.
1196 2193 1285 2242 ἐρῶ,
1311 2195 1509 2241 legebatur
1527 2193 1671 2240 Ερωτι.

138 2264 184 2270 ——
217 2243 261 2297 V.
287 2247 319 2278 8.
353 2240 475 2289 χάρις,
507 2255 703 2291 perperam
737 2244 876 2280 Barnea
909 2242 1016 2290 χάρις
1045 2241 1095 2291 τ’,
1126 2244 1271 2280 numeri
1302 2243 1362 2279 lex
1395 2243 1568 2288 neglecta
1598 2253 1672 2277 non

138 2289 268 2348 magis
287 2290 444 2327 offendit
468 2301 581 2336 quam
607 2303 642 2328 v.
668 2295 689 2327 5
715 2291 874 2337 aliisque
899 2292 1003 2329 locis
1032 2314 1075 2318 —
1085 2273 1146 2328 V.
1168 2295 1200 2327 9.
1227 2288 1456 2338 ἆμπαύεται,
1483 2291 1672 2326 Hermann

137 2335 528 2444 ἰίομὲἷξῖἷὲοῐθὶἰηιίἶ
537 2342 597 2421 τῙοΙ
604 2351 764 2432 μὲῖωὲιιζ)
783 2339 887 2444 ῗτῖἳῖιι
912 2337 1672 2444 Ξξᾱκεεὲἓέῧὲῗιὲιτῖαλοῗξὶιέριὶῗῐῗιῗταξδοεεςῗ

138 2430 216 2469 τότ’
244 2430 339 2490 ἄχος
357 2431 539 2490 πέφευγε.
562 2452 602 2458 -
625 2432 669 2469 V.
694 2437 751 2471 14.
770 2430 1020 2483 ἀνεμοτρόφῳ
1046 2435 1126 2471 cod.
1147 2446 1269 2481 supra,
1297 2431 1544 2480 ἄνεμοτρόπῳ
1564 2433 1673 2477 infra,

138 2482 259 2517 Faber
284 2477 569 2537 ἄνεμοστρόφῳ,
604 2480 753 2516 Brunck
780 2473 1005 2518 dubitanter
1026 2479 1293 2528 ἄνεμοιρεφει.
1328 2501 1371 2507 -
1406 2480 1449 2515 V.
1480 2484 1533 2516 16.
1559 2480 1672 2536 πῶμα

138 2529 265 2574 vulgo,
297 2525 399 2574 πόμα
431 2528 513 2565 cod.
547 2548 591 2554 —-
624 2526 668 2563 V.
704 2532 757 2563 16.
791 2527 860 2570 τὰς
890 2527 933 2564 δὲ
967 2531 1175 2574 φροντίδας
1201 2529 1301 2570 cod.
1334 2528 1523 2563 Hermann
1555 2525 1602 2562 τοὶ
1629 2526 1671 2563 δὲ

139 2577 350 2621 φροντίδος.
385 2597 426 2602 —
463 2575 506 2611 V.
535 2579 578 2612 17
613 2576 653 2611 et
680 2578 723 2610 18
756 2575 796 2610 in
827 2575 957 2612 codice
988 2577 1184 2614 iterantur.
1218 2597 1260 2603 —-
1296 2575 1340 2611 V.
1368 2579 1423 2610 17.
1456 2572 1498 2610 τὸ
1526 2574 1675 2611 addidit

141 2623 250 2659 Fabri
274 2623 363 2667 ffiia,
394 2623 434 2659 in
467 2623 546 2659 cod.
581 2623 697 2658 deest.
731 2643 774 2648 -—
808 2622 851 2658 V.
882 2626 936 2660 18.
970 2620 1199 2672 ὀδυνωμὲνῳ
1234 2622 1370 2658 Aemil.
1404 2622 1556 2667 Ροήιιε,
1592 2622 1672 2658 eod.

139 2650 390 2716 ὀδυρώμενος,
416 2670 626 2725 Stephanus
653 2667 891 2718 ὀδυρωμὲνω.
913 2691 957 2697 -
984 2671 1028 2708 V.
1047 2676 1105 2708 22.
1132 2661 1270 2706 Barnes
1295 2671 1383 2716 post
1401 2670 1498 2705 hunc
1525 2681 1672 2706 versum

139 2718 297 2754 inseruit
327 2728 438 2764 quem
471 2716 549 2764 ipse
582 2717 807 2763 composuit.
839 2715 934 2763 μετὰ
959 2719 1033 2754 τῶν
1059 2720 1184 2755 καλῶν
1220 2715 1393 2765 ἐφήβων,
1427 2717 1491 2753 sed
1517 2716 1673 2753 fortasse

141 2765 267 2811 potins
292 2777 325 2803 v.
352 2769 398 2802 23
424 2765 550 2801 aliena
574 2776 687 2801 manu
713 2766 772 2800 est
795 2765 975 2802 adiectus.

236 2817 293 2848 37.
345 2813 433 2849 eod.
461 2813 546 2849 add.
573 2812 611 2848 in
637 2824 755 2870 marg.
781 2809 882 2870 ᾅλλο.
911 2834 952 2839 —-
984 2812 1026 2849 V.
1052 2817 1084 2850 2.
1112 2810 1295 2871 χορευτᾶν
1322 2812 1402 2848 cod.
1429 2824 1552 2858 supra,
1578 2811 1676 2848 infra

142 2857 348 2942 ιχῖοςῗευτήν.
363 2881 406 2886 -
433 2859 479 2898 V.
504 2865 537 2896 3.
565 2873 614 2895 αν
641 2856 678 2895 δ’
706 2857 726 2895 ὁ
754 2859 888 2906 γέρων,
922 2860 1133 2906 Stephanus
1157 2859 1279 2906 γέρων
1305 2856 1343 2895 δ’
1371 2855 1477 2906 ὅταν,
1503 2860 1599 2895 Rose
1624 2874 1674 2895 αν

210 2919 279 2943 ουν
304 2906 437 2953 γέρων.
