1864 3126
215 173 300 216 170
538 180 540 184 ’
778 148 970 212 POETAE
994 175 1169 213 mmmm.

868 284 1075 339 51.[59]

271 365 446 422 Πέτρας
475 364 549 408 καὶ
580 368 737 417 πολίας
765 365 999 419 θαλάσσας
1029 367 1187 412 τέκνον
1220 402 1259 412 ..
1278 403 1288 413 .
1309 402 1318 411 .

270 470 279 479 .
300 470 310 480 .
330 470 338 479 .
371 436 418 479 ἐκ
450 434 500 480 δὲ
530 438 704 480 παίδων
735 435 918 493 χαύνοις
949 438 1135 495 φρένας,
1167 437 1195 482 ά
1226 441 1451 483 θαλασσία
1482 439 1625 492 λέπας.

867 581 1075 636 52.[60]

266 669 338 716 Ἐκ
370 671 419 716 δὲ
449 676 674 730 ποτηρίων
705 673 855 730 πώνης
887 675 1143 733 Διννομένῃ
1174 678 1419 733 παρίσδων.

867 818 935 860 53.
970 818 1074 872 [36.]
1662 830 1731 862 948

285 906 419 961 Οἶνος
450 905 535 966 γὰρ
567 907 828 966 ἀνθρώποις
859 912 1083 968 δίοπτρον.

867 1053 955 1096 *54
970 1054 1020 1098 A.
1033 1054 1080 1096 B.

284 1139 419 1191 Χαῖρε
452 1134 525 1178 καὶ
556 1137 623 1179 ποῖ
656 1134 800 1179 τάνδε.

283 1207 433 1262 Δεῦρο
466 1204 689 1262 σύμπωθι.

211 1403 537 1452 ὠνοματοπόησεν.
590 1406 662 1442 Sed
687 1406 905 1452 apographa
929 1407 1038 1442 huius
1063 1406 1150 1443 libri
1174 1409 1253 1443 tam
1279 1408 1457 1444 mendosa
1482 1411 1584 1454 sunt,
1610 1411 1652 1446 ut
1678 1421 1732 1446 re-

211 1454 390 1490 stituendi
416 1454 521 1489 labor
551 1454 626 1489 fere
658 1453 785 1489 irritus
810 1454 875 1498 sit,
906 1454 977 1489 nisi
1003 1455 1219 1500 planissime
1251 1455 1551 1501 investigaveris,
1586 1468 1661 1502 qua
1686 1457 1733 1494 de

210 1513 248 1536 re
275 1500 486 1536 Demetrius
511 1501 626 1536 verba.
650 1501 774 1545 saciata,
801 1501 905 1537 velut
929 1501 1096 1546 p.121A
1122 1504 1172 1548 (p
1196 1504 1271 1560 11),
1291 1503 1354 1548 qui
1379 1502 1483 1539 locus
1502 1504 1601 1539 haud
1620 1504 1732 1540 dubie

210 1549 257 1584 ad
283 1546 400 1594 νόμον
426 1545 605 1583 Πυθικὸν
631 1548 783 1592 eiusque
809 1550 934 1608 partes}
965 1551 1127 1595 specbat:
1159 1550 1223 1585 καὶ
1253 1547 1276 1595 ἡ
1309 1548 1402 1595 μετὰ
1434 1551 1543 1587 τοῦτο
1558 1549 1733 1607 σπονδή,

208 1592 271 1631 ὅτε
298 1596 349 1644 τῷ
375 1595 456 1649 θεῷ
481 1594 697 1638 νεικήσαντι
723 1593 892 1636 σπουδὰς
917 1593 1150 1632 ἐπιτελοῦσιν
1170 1595 1208 1632 οἷ
1230 1598 1511 1641 περιοικοῦντες
1529 1595 1596 1634 τὸν
1615 1597 1732 1635 τόπον

210 1633 376 1679 ἐκεῖνον·
415 1642 496 1679 εἶτα
534 1642 645 1688 μέρος
682 1640 843 1688 ε’πόησεν
876 1640 917 1678 τὸ
955 1641 1160 1690 λεγόμενον
1197 1642 1490 1704 καταχόρευσιν
1507 1646 1588 1690 (Ox.
1619 1659 1734 1681 κατα-

210 1702 364 1747 κορησν,
396 1691 515 1747 Neap.
547 1691 661 1726 etiam
693 1690 863 1726 vitiosius
895 1703 1014 1727 κατα.
1030 1693 1157 1748 οπον),
1190 1689 1231 1727 ἐν
1263 1686 1291 1740 ᾧ
1324 1689 1417 1737 μετά
1447 1689 1519 1747 τὴν
1550 1694 1680 1739 νείκην
1713 1690 1733 1728 ὃ

209 1736 304 1777 θεὸς
329 1735 498 1797 χορεύει.
529 1736 583 1773 ἐτι
609 1734 645 1772 δ’
675 1735 737 1773 ἐπὶ
762 1738 877 1773 πᾶσιν
903 1735 944 1773 τὸ
971 1736 1151 1784 συριγμὸν
1178 1729 1276 1784 ἔχον
1290 1740 1356 1775 τοῦ
1383 1736 1589 1784 δράκοντος
1614 1737 1656 1776 ἐν
1682 1741 1732 1789 τῷ

210 1782 352 1833 ἐσχάτῳ
378 1785 455 1821 sive
481 1781 522 1821 ἐν
548 1798 577 1820 τ.
606 1782 679 1830 ἔσχ.
706 1781 835 1830 άγῶνι.

303 1855 361 1890 Fr.
389 1860 444 1892 51.
494 1856 629 1892 Athen.
657 1856 709 1891 ΠΙ
734 1857 832 1892 85F:
858 1853 1122 1913 Μνημονεύων
1149 1853 1186 1892 δ’
1220 1854 1338 1902 αὐτῆς
1360 1858 1555 1915 (τελλίνης)
1577 1854 1731 1903 Ἀριστο-
1755 1899 1758 1902 ,

210 1901 334 1947 φάνης
360 1900 380 1938 ὁ
402 1901 655 1960 γραμματικὸς
681 1900 723 1939 ἐν
749 1903 798 1950 τῷ
818 1902 904 1960 περὶ
928 1904 993 1948 τῆς
1017 1900 1228 1950 ἀχνυμένης
1254 1903 1437 1950 σκυτάλης
1461 1901 1592 1948 ὁμοίας
1617 1904 1731 1950 φησὶν

210 1953 309 1985 εἰναι
334 1947 401 1991 τὰς
426 1948 591 1990 λεπάδας
622 1955 703 1991 ταῖς
735 1940 984 2007 καλουμέναις
1014 1952 1205 1992 τελλι’.ναις
1256 1953 1420 1992 Καλλίας
1450 1949 1490 1987 δ’
1517 1950 1537 1987 ὁ
1563 1955 1730 1998 Μιτυλη-

210 2001 317 2038 ναῖος
348 1994 389 2033 ἐν
421 1998 475 2043 τῷ
504 1997 617 2053 ,περὶ
645 1999 725 2055 τῆς
755 1995 859 2054 παρ’
889 1994 1068 2045 Ἀλκαίῳ
1101 1996 1301 2055 lentipes
1331 1997 1434 2042 παρὰ
1466 1999 1515 2046 τῷ
1544 1996 1729 2046 Ἀλκαίῳ

151 2051 154 2053 ’
204 2044 324 2102 φησὶν
357 2034 461 2079 εἶναι
487 2041 606 2092 ᾠδήν,
622 2038 681 2100 ἧς
705 2041 728 2090 ἡ
755 2041 867 2090 άρχή·
902 2034 1079 2101 Πέτρας
1103 2048 1176 2080 κτλ.
1209 2039 1253 2090 ἦς
1285 2043 1347 2080 ἐπὶ
1371 2044 1468 2081 τέλει
1492 2035 1729 2106 ’γεγράφθαν

204 2088 279 2127 Ἐκ
304 2081 515 2127 λεπάδων
547 2104 736 2136 χαυνοις
766 2104 829 2149 φρ.
862 2094 935 2127 κτλ.
974 2088 994 2126 ὁ
1027 2088 1066 2126 δ’
1096 2088 1359 2148 Ἀριστοφάνης
1389 2090 1529 2151 γράφει
1554 2093 1638 2128 αντὶ
1663 2106 1729 2128 του

208 2135 325 2179 λεπάς
349 2137 479 2195 χέλυς
503 2140 572 2173 καί
594 2151 708 2198 φησιν
735 2136 803 2174 οὐκ
829 2134 873 2175 εὖ
900 2140 1140 2195 Δικαίαρχον
1158 2136 1410 2196 ἐκδεξάμενον
1434 2142 1558 2196 λεγειν
1583 2137 1650 2180 τὰς
1671 2143 1728 2175 λε-

208 2184 350 2227 πάδας·
375 2183 420 2221 τὰ
447 2183 631 2230 παιδάρια
657 2184 699 2221 δε
725 2183 828 2245 ἡνίκ’
856 2199 903 2221 αν
929 2184 984 2226 εἰς
1007 2183 1049 2222 τὸ
1077 2183 1195 2232 στόμα
1219 2185 1393 2240 λάβωσιν,
1419 2183 1550 2222 αὐλεῖν
1577 2184 1619 2223 έν
1640 2185 1729 2222 ταύ-

209 2247 290 2274 ταις
314 2233 377 2269 καὶ
405 2235 565 2276 παίζειν.
593 2253 635 2259 —
662 2233 707 2268 V.
734 2238 763 2270 2.
794 2231 836 2268 ἐκ
863 2231 904 2269 δὲ
931 2234 1077 2268 παίδων
1102 2233 1258 2278 Ahrens,
1283 2233 1370 2269 libri
1396 2230 1437 2270 ἐκ
1462 2231 1648 2270 λεπάδων.

304 2303 362 2339 Fr.
389 2308 443 2339 52.
494 2304 628 2340 Athen.
655 2303 706 2338 XI
726 2303 852 2340 4601).
876 2300 1088 2344 Ἀλκαῖος·
1112 2300 1182 2339 Ἐκ
1208 2302 1255 2340 δὲ
1282 2317 1373 2340 ποτ.
1400 2317 1553 2350 πωνης
1578 2306 1729 2341 διννο-

209 2365 235 2397 μ
246 2350 263 2387 έ
271 2365 291 2387 ν
299 2365 321 2404 ῃ
354 2364 413 2386 πα
421 2365 441 2397 ρ
450 2351 467 2386 ί
472 2362 492 2386 σ
500 2352 522 2386 δ
530 2365 557 2386 ω
567 2364 589 2386 ν
622 2350 689 2397 (sio
719 2350 794 2395 PV,
832 2352 1038 2396 παρίσδωνι
1063 2352 1114 2396 A,
1144 2353 1341 2408 παρίσδον
1358 2352 1416 2397 L).
1451 2373 1491 2377 —
1529 2353 1728 2398 ποτηρίων,

209 2397 376 2444 suspicor
407 2412 434 2433 π
442 2411 462 2434 ο
470 2412 489 2433 τ
493 2396 518 2456 ή
527 2413 547 2443 ρ
557 2412 569 2434 ι
578 2412 596 2434 ο
605 2411 626 2433 ν
667 2398 901 2434 scribendum
938 2409 1028 2434 esse.
1070 2419 1113 2424 —
1150 2397 1243 2434 πών
1251 2412 1274 2443 η
1282 2412 1300 2440 ς
1329 2399 1353 2434 i.
1387 2411 1416 2434 e.
1449 2399 1587 2444 πίνεις,
1618 2399 1730 2435 antea

209 2446 338 2491 scripsi
362 2447 432 2491 πῶ,
458 2444 558 2487 νέοις
584 2445 809 2491 Διννομένῃ,
840 2445 984 2482 Ahrens
1008 2442 1108 2482 πώνε
1114 2459 1163 2491 ις,
1193 2446 1293 2482 idem
1323 2446 1491 2482 dativum
1517 2426 1727 2493 Διννομένῃ

206 2493 381 2529 restituit.

303 2564 362 2600 Fr.
389 2566 445 2599 53.
495 2563 615 2598 Tzetz.
648 2564 831 2620 Lycophr.
863 2576 896 2600 v.
918 2567 1005 2600 212·
1032 2561 1090 2599 Οἴ
1119 2562 1344 2604 οἰνωθέντες
1373 2561 1419 2599 τὰ
1452 2563 1518 2598 τοῦ
1550 2563 1727 2609 λογισμοῦ

211 2607 408 2656 ἀπόρρητα
435 2607 699 2656 ἐκφαίνουσιν·
726 2605 823 2646 σθεν
848 2611 914 2646 καὶ
935 2608 1130 2652 Ἀλκαιος
1155 2612 1286 2657 φησίν·
1314 2609 1451 2651 Οἶνος
1475 2612 1548 2645 κτλ.

303 2681 360 2717 Fr.
381 2683 482 2717 54A.
496 2680 534 2717 Β.
579 2681 638 2716 Et.
658 2682 707 2717 M.
728 2684 808 2726 689,
829 2685 871 2716 51
898 2681 1040 2726 (Favor.
1054 2683 1155 2726 395):
1174 2678 1275 2716 Ἐστι
1300 2680 1364 2716 καὶ
1389 2678 1488 2726 ῥῆμα
1507 2692 1728 2737 προστακτι-

209 2726 276 2764 κὸν
302 2726 403 2774 παρὰ
429 2727 690 2785 Αἰολεῦσιν,
723 2727 821 2764 οἷον·
853 2733 982 2786 χαῖρε
1015 2729 1092 2764 καὶ
1122 2728 1204 2771 πῶ,
1235 2739 1328 2771 οπερ
1346 2727 1500 2784 λέγεται
1526 2725 1567 2763 ἐν
1595 2723 1725 2775 ἑτέρῳ·

209 2774 442 2822 σύμπωθι,
473 2775 538 2811 ubi
564 2775 595 2810 V
621 2772 705 2811 άντὶ
735 2776 802 2811 τοῦ
829 2774 999 2821 σύμποθι
1022 2771 1046 2820 ἢ
1075 2772 1116 2811 ἐκ
1141 2775 1208 2811 τοῦ
1233 2775 1290 2810 ποῖ
1316 2773 1357 2809 τὸ
1383 2775 1497 2810 πῶθι.
1547 2764 1726 2810 Redinte-

208 2825 293 2867 grat
318 2823 377 2858 Et.
403 2822 499 2859 Flor.
525 2822 649 2858 Miller
667 2822 770 2858 Misc.
791 2826 860 2858 258
886 2827 989 2868 χαῖρε
1015 2822 1081 2858 καὶ
1105 2822 1179 2857 πῶι
1204 2819 1317 2856 τάνδε
1344 2822 1382 2856 ei:
1406 2821 1519 2866 δεῦρο
1545 2819 1726 2866 σύμποθι.

209 2869 267 2904 Ad
299 2870 454 2905 eundem
488 2870 640 2905 modum
669 2870 708 2905 in
747 2870 904 2905 vasculis
934 2869 1045 2915 pictis
1076 2868 1223 2904 Atticae
1254 2868 1422 2904 officinae
1454 2868 1590 2913 legitur
1620 2873 1725 2913 χαῖρε

210 2916 274 2951 καὶ
299 2917 377 2951 πίει
402 2913 528 2961 τήνδε,
554 2919 592 2953 eb
616 2916 655 2952 in
680 2915 755 2953 alio
781 2917 837 2952 τὶν
863 2914 976 2963 τάνδε
1002 2913 1183 2953 λατάσσω.
