1864 3126
207 154 294 198 532
509 154 511 158 ’
767 154 961 192 ΡΟΕΤΑΕ
983 155 1163 194 MELICI.

832 264 929 308 235.
965 265 1099 319 [127]

324 350 389 390 Et.
419 349 473 389 Μ.
505 351 574 400 38,
606 351 680 389 46:
717 346 999 402 Αίριπόλιοι
1036 350 1204 402 δμωαί·
1240 352 1467 404 Σιμωνίδης
1497 350 1540 392 ἐκ
1567 355 1639 394 τοῦ
1667 353 1724 394 αἰ·

206 409 400 466 ριοπόλιοι
430 409 552 467 (DVa
581 411 803 467 αἰριπόλιοι,
835 415 899 454 Vb
925 410 1188 467 αίριοπόλιον,
1219 417 1250 455 Ρ
1276 412 1514 471 αἰροπόλιοι)
1547 421 1724 473 συγκοτνῇ

204 481 274 518 τοῦ
315 494 348 519 ο.
380 475 504 527 οὕτως
537 474 784 532 Ἡρωδιανὸς
825 478 912 532 περὶ
953 481 1110 520 παθῶν.
1177 481 1448 520 Schneidewin
1490 479 1724 535 ἔριπόλιοι

101 527 140 595 ν,
206 544 374 595 δμωαί,
418 544 487 583 sed
529 545 661 594 potius
705 542 948 596 αἰριπόλοι
996 546 1263 594 scribendum,
1306 546 1439 586 dorica.
1479 546 1610 587 forma.
1650 561 1723 599 pro
1831 604 1836 606 Π

205 605 403 660 εἰριπόλοι,
435 610 538 659 quod
571 610 621 648 ab
653 609 787 661 εἴριον,
818 608 937 662 ἔριον,
968 608 1026 661 ἕρι
1058 607 1123 662 (ut
1147 612 1326 651 Philetas
1357 609 1476 664 dixit)
1509 612 1724 664 descendit,
1808 618 1811 619 ’

204 674 480 724 significatque
511 675 612 713 nihil
641 675 768 724 aliud,
800 687 919 724 quam
949 672 1154 728 ἐριουργοί.
1216 677 1348 714 Etiam
1379 676 1538 716 Lobeck
1567 677 1724 718 Pathol.
1752 716 1755 718 μ

204 738 223 775 Ι
255 739 341 777 304
373 738 662 779 Schneidewini
692 739 919 778 coniectura
947 740 1174 790 improbata
1203 736 1375 792 ἐριπόλοι
1405 741 1585 791 requirit.

829 855 928 897 236.
962 855 1096 909 [130]

321 940 449 981 Schol.
482 942 622 980 Aesch.
654 940 828 991 Choeph.
861 943 964 980 362:
995 936 1051 980 ‘H
1081 937 1235 995 γνάθος
1273 939 1472 994 συνήθης,
1511 938 1563 992 ὦς
1598 942 1663 983 καὶ
1700 958 1722 984 o

200 1003 373 1058 κρημνὸς
403 1002 510 1058 παρὰ
541 1002 747 1061 Πινδάρῳ,
777 1003 843 1044 καὶ
873 1000 898 1057 ἡ
930 999 1024 1058 ἠχὼ
1055 1002 1161 1058 παρὰ
1192 1007 1409 1060 Σιμωνίδῃ.

827 1121 927 1163 237.
958 1121 1095 1174 [143.]

319 1209 451 1250 Schol.
481 1209 598 1247 Hom.
621 1207 669 1247 11.
701 1207 725 1246 δ
757 1209 781 1246 7
787 1209 831 1247 9:
865 1202 918 1246 Τὸ
949 1203 1137 1259 θάμβος
1167 1205 1211 1247 δὲ
1241 1203 1453 1261 οὐδετέρως
1485 1205 1577 1263 παρ’
1606 1205 1719 1264 Ὁμή-

199 1289 270 1328 ρῳ,
300 1270 407 1327 παρὰ
439 1270 483 1312 δὲ
513 1272 720 1326 Σιμωνίδῃ
751 1268 977 1324 ἀρσενικῶς.

913 1388 1012 1431 238.
1657 1432 1667 1458 ,

317 1475 447 1516 Schol.
471 1475 520 1515 ΙΙ.
551 1491 566 1515 ι
598 1475 700 1515 586:
732 1469 987 1514 Κεδνότατοι·
1018 1470 1076 1514 ὅτι
1107 1474 1428 1529 σωφρονέστατοι.
1460 1472 1481 1516 ὁ
1515 1473 1558 1516 δὲ
1586 1478 1719 1530 Σιμω-

198 1541 311 1593 νίδης
340 1536 542 1588 κεδνοὺς
571 1536 663 1588 τοὺς
693 1538 846 1591 φίλους.

913 1656 1013 1699 239.

317 1742 446 1783 Schol.
477 1742 524 1784 Il.
556 1758 587 1783 ω
621 1744 724 1783 228:
758 1738 1003 1795 Ἀρίσταρχος
1040 1740 1084 1782 δέ
1120 1753 1219 1794 φησι
1259 1738 1333 1795 τὴν
1376 1738 1581 1796 κιβωτὸν
1615 1741 1720 1792 λέξιν

197 1806 390 1861 νεωτέραν
421 1803 540 1859 εἶναι,
572 1804 713 1862 ἀγνοεῖ
738 1806 782 1847 δὲ
813 1804 870 1848 ’ὅτι
899 1805 967 1847 καὶ
996 1807 1224 1859 Σιμωνίδης
1253 1806 1320 1848 καὶ
1342 1804 1547 1856 Ἑκαταῖος
1577 1805 1719 1861 μέμνη-

196 1889 259 1913 ται
305 1869 436 1924 αὖτῆς.
499 1873 690 1923 Imperite
734 1873 949 1912 scholiasta
991 1872 1164 1923 castigat
1193 1873 1487 1923 Afisizarchmn,
1523 1874 1591 1927 qui
1629 1886 1719 1913 cum

200 1940 276 1979 hoc
305 1938 544 1978 vocabulum
575 1938 762 1988 antiquis,
793 1938 817 1976 i.
844 1950 876 1976 e.
902 1938 1075 1977 Homero
1106 1938 1371 1988 abiudicabat,
1401 1939 1647 1979 Hecataeum
1677 1941 1719 1978 et

197 2003 442 2042 Simonidem
471 2003 496 2042 i.
517 2015 550 2042 e.
569 2003 808 2042 recentiores
840 2015 886 2042 eo
917 2015 1009 2043 usos
1036 2016 1122 2043 esse
1146 2004 1248 2043 bene
1272 2004 1395 2044 novit.
1445 2003 1720 2044 Schneidewin

198 2069 250 2108 ad
281 2067 580 2119 apophthegma
604 2068 739 2120 refert,
765 2068 814 2107 de
840 2080 917 2118 quo
943 2070 1081 2108 auctor
1105 2069 1273 2119 Argum.
1299 2069 1499 2109 Theocriti
1522 2069 1580 2109 ld.
1603 2069 1716 2109 XVI:

195 2129 369 2185 Χάριτας
410 2128 504 2172 αὐτὸ
545 2130 783 2186 ἐπέγραψεν·
826 2131 870 2171 ἕν
907 2124 938 2188 ᾧ
974 2131 1040 2173 καὶ
1075 2129 1121 2173 τὰ
1160 2135 1230 2174 τοῦ
1267 2134 1498 2186 Σιμωνίδου
1537 2133 1718 2187 ἐμφαίνει

194 2195 409 2252 κιβώτια·
441 2195 596 2250 λέγουσι
626 2193 700 2250 γὰρ
731 2195 883 2237 ἐκεῖνον
913 2195 1014 2249 ἔχειν
1045 2194 1118 2238 δύο
1148 2194 1323 2251 κιβώτια,
1353 2194 1395 2239 τὸ
1426 2197 1498 2251 μὲν
1522 2199 1716 2252 Χαρίτων,

193 2261 235 2304 τὸ
270 2261 313 2303 δὲ
345 2259 561 2303 Διδόντων.
599 2258 661 2302 ’ὅτε
698 2255 773 2302 οὖν
802 2277 859 2310 τις
889 2257 983 2314 παρ’
1023 2258 1144 2302 αὐτὸν
1179 2263 1405 2316 παρεγίνετο
1441 2259 1555 2316 χάριν
1590 2260 1716 2305 αἰτού-

195 2343 324 2380 μενος,
356 2325 507 2366 ἕκέλευε
537 2325 673 2379 φέρειν
703 2322 748 2366 τὰ
779 2323 959 2379 κιβώτια’
990 2322 1184 2380 εὑρίσκετο
1215 2319 1290 2368 οὖν
1318 2323 1362 2368 τὸ
1393 2325 1464 2380 μὲν
1492 2330 1570 2368 τῶν
1594 2329 1715 2379 Χαρί-

193 2408 272 2432 των
300 2386 428 2442 κενόν,
458 2387 501 2431 τὸ
533 2389 577 2430 δὲ
606 2393 684 2431 τῶν
713 2387 919 2431 Διδόντων
948 2395 1108 2446 πλῆρες·
1144 2391 1212 2432 καὶ
1241 2389 1364 2441 οὕτως
1401 2388 1423 2433 ὅ
1460 2389 1533 2445 τὴν
1563 2389 1716 2446 δωρεὰν

194 2453 424 2508 αἰτούμενος
454 2451 696 2497 ἆνεκόπτετο.
760 2457 839 2497 Sed
868 2460 1028 2508 poterat
1057 2459 1100 2498 in
1129 2458 1302 2498 carmine
1338 2457 1472 2508 aliquo
1508 2459 1590 2498 tale
1620 2457 1714 2509 quid
1795 2480 1803 2520 v<

193 2524 313 2573 poeta
343 2521 574 2573 significare.

802 2615 902 2660 240.
935 2616 1038 2670 [147
1053 2615 1109 2671 b.]

312 2698 488 2740 cranam.
520 2699 647 2741 cram.
677 2701 754 2742 An.
785 2701 855 2742 Ox.
892 2701 913 2741 1
943 2686 1048 2755 429,
1082 2705 1154 2743 15:
1202 2698 1259 2742 Τὰ
1301 2701 1357 2751 εις
1390 2698 1456 2751 τῖξ
1499 2697 1712 2755 δισύλλαβα

193 2759 561 2817 ἆπαρασχημᾶτιστα
591 2764 727 2818 ἔχοντα
756 2764 800 2806 ἐν
829 2769 875 2821 τῇ
904 2763 982 2820 πρὸ
1011 2766 1145 2816 τέλους
1174 2764 1217 2808 τὸ
1249 2783 1271 2820 ρ
1301 2763 1525 2820 βαρύνεται·
1556 2764 1711 2820 κύρτος,
1751 2776 1778 2824 -4‘

193 2825 359 2881 Μύρτος
388 2825 414 2881 ἡ
445 2827 570 2881 πόλις,
599 2831 674 2883 κίρ
683 2846 731 2871 το
740 2847 779 2882 ς,
809 2828 916 2884 παρὰ
940 2832 1147 2887 Σιμωνίδῃ
1176 2828 1202 2885 ἡ
1233 2833 1374 2885 χρῆσις.
1435 2832 1592 2871 Heckel·
1623 2844 1711 2873 con·
1764 2838 1769 2856 ¹

191 2893 284 2932 iecit
313 2895 486 2948 Σκίρτος.
