1864 3126
781 94 1061 133 ANAOREON.
1608 92 1696 136 293

798 204 1064 261 153.[121J

280 293 394 334 Euat.
430 294 556 345 1664,
591 288 832 344 17;“Ὦσπερ
868 290 935 332 καὶ
971 287 1083 341 κλάς
1122 302 1221 344 φησι
1259 285 1556 345 ((Ηρακλείδης)
1587 284 1695 342 παρὰ

155 356 414 413 Ἀνακρέοντι.
475 358 659 399 Favorin.
691 360 789 399 443.
821 357 911 397 Nisi
943 360 1006 398 est
1037 358 1087 397 fr.
1123 359 1190 407 17,
1225 358 1261 397 1.

812 479 908 523 154.
942 479 1048 534 [99.]

279 568 443 608 Proclus
474 567 638 608 Hesiod.
670 567 743 619 Op.
776 568 880 607 371.
919 566 1174 607 Κωτίλλουσα
1212 563 1255 606 δὲ
1294 564 1475 617 σημαίνει
1506 560 1605 616 ἡδέα
1635 561 1695 604 λέ-

160 640 302 687 γουσα·
333 631 400 673 καὶ
430 648 506 686 γαρ
535 628 609 685 τὴν
638 628 819 686 χελιδόνα
855 631 1053 672 κωτίλλειν
1087 629 1207 685 λέγει,
1245 627 1298 679 ὦς
1334 629 1411 671 ἔστι
1452 626 1558 683 παρὰ
1585 626 1695 671 ’-Ανα

159 696 328 753 κρέοντι·
359 699 532 752 κωτίλη
562 693 774 752 χελιδών.
836 698 896 738 Cf.
928 698 1054 738 Tzetz.
1089 697 1183 738 ibid.

796 826 1062 880 155.[100]

279 914 410 956 Schol.
442 914 584 955 Aesch.
615 913 726 954 Pers.
760 915 834 954 41:
859 909 1124 966 Ἀβροδίαιτοι
1155 909 1199 953 δὲ
1230 904 1339 953 οὗτοι
1371 906 1565 965 (Λυδοί),
1597 906 1696 950 ὅθεν

156 978 223 1020 καὶ
252 975 295 1021 τὸ
334 976 443 1033 παρὰ
477 975 742 1032 Ἀνακρέοντι·
783 979 1106 1027 Λυδοπαθεῖς
1143 992 1268 1027 τινες
1308 973 1394 1018 ἀντὶ
1433 978 1503 1040 τοῦ
1542 973 1694 1029 ἡδυπα-

156 1048 255 1095 θεῖς.
318 1046 496 1098 Respicit
525 1046 671 1086 Athen.
703 1045 777 1084 XV
812 1047 898 1086 690
912 1044 955 1085 C.
986 1045 1100 1085 Eust.
1137 1046 1264 1096 1144,
1299 1046 1366 1085 14.

594 1168 1257 1227 156.157.158.159.[142]

277 1260 406 1301 Suid.:
444 1255 648 1312 Μυσάχνη
685 1254 711 1312 ἡ
748 1256 878 1313 πόρνη
914 1255 1021 1312 παρὰ
1055 1254 1264 1316 Ἀρχιλόχῳ
1297 1288 1306 1298 .
1327 1289 1335 1298 .
1357 1289 1366 1298 .
1393 1253 1618 1309 Ἀνακρέων
1652 1253 1695 1296 δὲ

158 1325 433 1367 πανδοσίαν
475 1323 541 1365 καὶ
589 1321 834 1377 λεωφόρον
880 1324 948 1366 καὶ
999 1321 1319 1378 μανιόκηπον·
1364 1325 1491 1375 κῆπος
1534 1318 1609 1376 γὰρ
1652 1318 1695 1363 τὸ

157 1387 309 1445 μόριον.
371 1391 484 1430 Adde
509 1391 623 1431 Eust.
652 1392 780 1441 1329,
805 1386 861 1431 34
893 1391 963 1442 qui
993 1391 1057 1431 his
1089 1392 1279 1442 quartum
1310 1388 1532 1429 convicium
1563 1388 1696 1428 addit:

157 1455 238 1497 Καὶ
269 1451 349 1509 μὴν
380 1451 401 1496 ὁ
429 1451 653 1508 Ἀνακρέων
682 1451 756 1508 τὴν
792 1451 977 1508 τοιαύτην
1015 1452 1064 1497 οὗ
1100 1452 1208 1496 πάνυ
1246 1455 1451 1507 σφοδρῶς,
1488 1449 1586 1493 ἀλλὰ
1626 1467 1695 1493 πε-

158 1520 440 1576 ριεσκεμμένως
464 1520 734 1562 πανδοσίαν
758 1517 936 1562 ὠνείδισε
954 1520 1022 1562 καὶ
1039 1517 1286 1573 λεωφόρον
1310 1518 1377 1560 καὶ
1401 1515 1694 1571 πολύυμνον.

160 1588 212 1630 id.
247 1590 381 1639 1921,
414 1589 467 1627 61
511 1589 684 1638 quatuor
724 1587 822 1627 haec
862 1588 1040 1628 convicia
1081 1588 1165 1628 sine
1204 1588 1347 1638 poetae
1385 1587 1543 1626 nomine
1574 1586 1696 1625 inter-

156 1656 353 1704 pretatur,
379 1653 449 1693 sed
474 1654 600 1704 1088,
620 1654 675 1693 38
697 1665 744 1693 ex
769 1652 1021 1693 Anacreonte
1045 1653 1164 1693 affert
1188 1651 1386 1692 πανδοσία
1412 1654 1453 1691 et
1478 1645 1695 1702 λεωφόρος,

157 1732 261 1770 quae
291 1720 372 1760 iam
406 1720 532 1768 1084,
565 1720 618 1758 41
654 1731 684 1758 s.
709 1732 747 1769 p.
773 1731 811 1759 n.
842 1718 1124 1770 adscripserat,
1154 1730 1295 1758 rursus
1329 1719 1427 1768 862,
1453 1718 1508 1756 45
1537 1729 1567 1756 s.
1593 1729 1630 1766 p.
1656 1729 1694 1755 n.

158 1780 477 1836 μανιόκηπος,
508 1784 615 1835 quod
646 1784 777 1835 ipsum
813 1786 938 1834 1572,
974 1786 1026 1825 13
1060 1787 1193 1825 comici
1215 1787 1354 1834 poetae
1385 1795 1472 1823 esse
1504 1781 1612 1822 dicit.

795 1912 1059 1966 160.[124]

280 1998 409 2038 Sehol.
442 1997 574 2048 Apoll.
606 1997 732 2038 Rhod.
763 1998 805 2037 II
841 2001 943 2038 127:
981 2000 1254 2051 Παμφαλᾶν
1284 1994 1360 2051 γὰρ
1391 1993 1432 2037 τὸ
1465 1992 1558 2049 μετὰ
1590 2011 1693 2036 πτοι-

159 2060 284 2117 ήσεως
314 2061 380 2104 καὶ
411 2061 706 2115 ἐνθουσιασμοῦ
737 2061 978 2117 ἐπιβλέπειν,
1015 2062 1195 2118 κέχρηται
1233 2061 1276 2104 δὲ
1313 2065 1358 2118 τῇ
1396 2061 1495 2111 λέξει
1525 2060 1592 2102 καὶ
1617 2057 1693 2101 Ἱπ-

162 2130 299 2178 πῶναξ
329 2127 396 2169 καὶ
422 2124 657 2183 Ἀνακρέων.

794 2246 889 2289 161.
923 2245 1057 2304 [101.]

280 2331 422 2370 Pollux
454 2330 510 2370 VI
543 2333 617 2371 23:
649 2329 729 2371 Καὶ
761 2327 955 2384 οἰνηρὸς
985 2328 1218 2385 θεράπων
1247 2326 1353 2383 παρὰ
1380 2326 1640 2381 Ἀνακρέοντι.

797 2460 893 2502 162.
925 2460 1059 2514 [102]

282 2545 423 2584 Pollux
448 2544 506 2583 VI
535 2546 607 2584 21:
640 2542 722 2584 Καὶ
746 2540 956 2598 οἰνοπότης
980 2544 1047 2586 καὶ
1078 2539 1323 2594 οἰνοπότις
1354 2539 1476 2598 γυνὴ
1510 2537 1563 2591 ὡς
1583 2538 1694 2582 Ἀνα-

162 2608 297 2663 κρέων.

888 2702 982 2746 163.

284 2788 393 2829 Serv.
419 2787 532 2840 Virg.
559 2788 657 2828 Aen,
684 2788 703 2826 I
732 2789 833 2828 749:
865 2787 1064 2838 „Bibebat
1094 2787 1306 2830 amorem“.
1344 2787 1495 2828 Anusit
1518 2787 1569 2827 ad
1602 2799 1692 2827 con-

165 2854 328 2895 vivium.
390 2854 454 2894 Sic
485 2855 711 2894 Anacreon:
733 2849 916 2906 Ἔρωτα
947 2852 1136 2894 πίνων.“
