1864 3126
224 134 312 175 394
540 134 541 138 ’
791 134 985 170 ΡΟΕΤΑΕ
1011 135 1184 171 MELICI.

318 429 326 437 .
353 430 362 439 .
390 429 398 438 .
429 398 574 439 Κονιά
607 394 655 438 δὲ
688 393 805 453 παρὰ
838 393 1000 453 τροχὸν
1032 395 1305 452 μεταμώνιος
1337 394 1467 452 ἄρθη.

865 514 1109 569 *17.[16]

326 596 864 619 tu--ssu--Lu-kg

319 654 395 712 Μὴ
429 654 543 713 βάλῃ
577 659 782 712 φοίνικας
815 657 860 700 ἐκ
891 659 1052 714 χειρῶν
1085 655 1280 713 ἱμάντας.

863 765 1108 818 *18.[27]

319 906 530 926 Luv--
556 905 911 927 υυυυυυυυ

320 1144 491 1186 Δίδωτι
524 1139 565 1185 δ’
601 1136 653 1185 εὗ
684 1141 754 1185 τὶν
781 1139 943 1200 Ἑρμᾶς
975 1143 1236 1199 ἐναγώνιος,

319 1212 529 1264 Μαιάδος
560 1211 738 1270 οὐρείας
770 1212 1122 1271 ἑλικοβλεφάρου
1153 1223 1271 1265 παῖς·

319 1287 454 1329 ἔτικτε
486 1282 528 1328 δ’
552 1283 710 1336 ’Ἄτλας
740 1283 824 1328 τάν
854 1282 896 1340 γ’
932 1285 1086 1342 ἔξοχον
1118 1282 1236 1336 εἶδος

224 1413 398 1460 ὀπαδεῖν,
422 1412 507 1451 ἀλλ’
535 1412 735 1461 ἀρούραισι
753 1413 987 1460 πυροφόροις
1007 1416 1113 1459 (unus
1131 1415 1227 1450 liber
1246 1412 1521 1460 πυροφόροισι).
1548 1415 1753 1452 Οοηεδίὺιλίῢ

225 1463 492 1499 Schneidewin.
525 1463 677 1499 Frustra
697 1462 814 1499 Cobet
826 1463 963 1499 Mnem.
978 1463 1023 1498 N.
1039 1463 1080 1498 L.
1101 1466 1169 1498 358
1188 1462 1354 1508 ineptam
1373 1463 1574 1499 lectionem
1591 1461 1749 1513 λακύθῳ

226 1512 361 1546 tuetur.

321 1558 379 1594 Fr.
409 1562 463 1593 16.
507 1557 628 1593 Schol.
662 1558 854 1618 Aristoph3
886 1558 971 1593 Pac.
994 1562 1078 1593 1:17
1125 1554 1176 1593 Τὸ
1205 1556 1246 1593 δὲ
1273 1554 1506 1603 μεταμώνιος
1531 1556 1571 1593 οἴ
1593 1556 1662 1603 μὲν
1688 1556 1747 1602 ἐξ·

225 1604 402 1648 εδέξαντο
424 1606 591 1664 ματαίως
610 1606 674 1641 καὶ
693 1602 786 1650 πρὸς
811 1602 925 1641 οὐδὲν
950 1603 1149 1651 χρήσιμον,
1176 1603 1215 1640 οἱ
1236 1605 1279 1640 δέ
1306 1616 1422 1650 φασιν
1449 1604 1553 1646 ἰδίως
1577 1604 1746 1662 μεταμώ-

223 1666 306 1688 νιον
331 1651 398 1688 τὸν
425 1650 613 1709 ἑτέρωθεν
639 1652 826 1698 μετέωρον
852 1655 1068 1698 σημαίνειν,
1075 1650 1335 1710 πιστούμενοι
1360 1653 1470 1688 τοῦτο
1495 1651 1597 1697 παρὰ
1625 1655 1745 1710 Σιμω-

222 1702 330 1736 νίδου
363 1698 458 1736 οὕτω
492 1698 680 1741 εἰπόντος·
718 1702 863 1736 Κονία
895 1703 969 1736 κτλ.
998 1721 1040 1726 —-
1067 1697 1171 1746 ἄρθη
1204 1700 1351 1745 scripsi,
1385 1700 1582 1746 legebatur
1612 1697 1747 1746 ἠέρθη,

223 1747 482 1783 Schneidewin
507 1745 553 1783 άέ
557 1750 643 1793 ρη.θ

316 1795 374 1831 Fr.
403 1800 457 1830 17.
507 1796 696 1830 Plutarch.
722 1795 767 1830 de
793 1795 921 1831 virtut.
948 1807 1037 1831 mor.
1067 1807 1095 1831 c.
1124 1799 1163 1831 6·
1190 1793 1271 1830 οἷον
1297 1791 1316 1849 ῥ
1344 1767 1504 1830 Πλάτων
1530 1791 1751 1838 ἐξεικονίζει

222 1842 309 1887 περὶ
333 1840 379 1877 τὰ
405 1843 470 1887 τῆς
496 1843 623 1900 ψυχῆς
643 1840 841 1888 ὑποζύγια,
866 1843 933 1877 τοῦ
959 1844 1127 1888 χείρονος
1151 1839 1246 1900 πρὸς
1270 1838 1311 1876 τὸ
1331 1841 1476 1898 βέλτιον
1498 1842 1749 1888 ζυγομαχοῦν-

222 1903 284 1930 τος
314 1886 410 1945 ἅμα
418 1889 483 1925 καὶ
507 1888 574 1925 τὸν
606 1887 758 1946 ἡνίοχρν
791 1887 1121 1947 διαταράττοντος,
1152 1886 1326 1945 ἀντέχειν
1357 1886 1493 1931 ὀπίσω,
1538 1889 1603 1924 καὶ.
1634 1902 1747 1924 κατα-

225 1938 363 1972 τείνειν
394 1934 467 1972 ὑπὸ
504 1937 671 1982 σπουδῆς
696 1934 1006 1983 ἀναγκαζόμενον
1038 1934 1116 1981 άεί,
1150 1934 1205 1982 μὴ
1234 1939 1266 1984 β.
1292 1950 1332 1980 φ.
1361 1933 1402 1971 ἐκ
1428 1950 1460 1981 χ.
1487 1935 1510 1971 ἴ.
1561 1934 1657 1972 κατὰ
1681 1939 1749 1972 Σι

250 1985 400 2029 ωνίδην.

222 1998 247 2030 μ
316 2032 374 2068 Fu
391 2036 445 2068 18.
471 2031 605 2066 Athen.
626 2031 678 2066 XI
692 2032 820 2067 490F:
847 2030 922 2066 Καὶ
941 2032 1157 2087 Σιμωνίδης
1176 2029 1218 2066 δε
1238 2028 1304 2070 τὰς
1325 2028 1517 2071 Πλειάδας
1538 2029 1748 2072 Πελειάδας

223 2082 389 2136 ειρηκεν
401 2076 442 2114 ἐν
468 2076 628 2119 τούτοις·
657 2080 828 2114 Δίδωτι
861 2075 897 2114 δ’
927 2074 1056 2119 εὖτες
1085 2079 1154 2135 (sic
1179 2079 1229 2121 A,
1255 2075 1293 2113 δ’
1321 2072 1365 2113 εὖ
1391 2076 1431 2113 τέ
1457 2074 1492 2112 σ’
1520 2077 1600 2122 VL,
1636 2077 1748 2114 δεῦτέ

223 2124 260 2161 σ’
287 2126 341 2171 P).
381 2123 546 2183 Ερρμᾶς
571 2123 840 2171 ἐναγώνιος,
866 2127 1021 2166 Μαίας
1046 2123 1356 2182 εὐπλοκάμοιο
1383 2130 1504 2170 παῖς,
1531 2123 1679 2161 ἔτικτε
1707 2123 1746 2161 δ’

215 2171 382 2219 Ἄτλας,
412 2170 524 2209 ἔπτὰ
526 2173 614 2232 (sjc
634 2173 710 2218 VL‚
732 2154 841 2209 ἐπιτά
860 2175 904 2217 A,
925 2170 1034 2209 ἐπιτὰ
1054 2174 1097 2218 Ρ)
1119 2170 1410 2231 ἰοπλοκάμων
1436 2173 1575 2217 φίλαν
1599 2175 1747 2218 θυγα-

224 2220 366 2266 τέρων
391 2219 475 2256 τάν
501 2217 536 2266 γ’
566 2219 726 2278 ἔξοχον
751 2221 819 2260 (ita
838 2201 914 2266 AB’,
939 2217 974 2255 τ’
997 2217 1180 2266 άνέξοχον
1199 2220 1240 2264 Ρ,
1259 2232 1329 2255 ταν
1350 2218 1480 2276 ἔξοχον
1501 2220 1579 2264 VL)
1605 2218 1748 2264 εἶδος,

222 2282 270 2303 αι
295 2269 364 2313 (ita
390 2268 469 2313 VL‚
497 2282 559 2313 αγι
584 2269 636 2314 Α,
662 2281 726 2313 αγι
751 2268 795 2313 Ρ)
826 2249 1075 2303 καλέονται
1106 2265 1361 2308 Πελειάδες
1398 2264 1628 2311 οὐράνιαι.
1677 2267 1747 2303 Ex—

223 2317 342 2351 trema.
365 2317 457 2351 haec
483 2328 540 2351 res
541 2297 636 2360 picifi
660 2316 762 2351 Eust.
790 2316 856 2351 Od.
887 2320 987 2357 1713,
1014 2319 1045 2350 3.
1097 2315 1235 2350 Locum
1260 2326 1333 2350 non
1358 2315 1545 2373 integrum
1571 2325 1649 2350 esse
1674 2326 1749 2350 ser·-

222 2365 349 2398 vatum
375 2365 594 2409 argumento
621 2365 678 2398 est
703 2363 824 2398 Schol.
851 2344 1145 2398 Pind.'1*1em.11
1167 2366 1226 2397 16:
1253 2363 1466 2419 Σιμωνίδης
1490 2359 1532 2397 δε
1559 2362 1648 2418 μίαν
1672 2362 1747 2397 τῶν

222 2408 423 2446 Πλειάδων
460 2413 595 2445 Μαῖαν
634 2407 763 2466 ὀρείαν
801 2408 1123 2467 προσηγόρευσεν
1137 2406 1271 2445 εἰπων·
1309 2407 1524 2448 Μαιάδος
1560 2405 1748 2464 ουρείας

222 2454 603 2515 ἑλικοβλεφάρου.
654 2454 750 2493 κατὰ
781 2455 910 2502 λόγον·
949 2454 1044 2502 αὕτη
1076 2455 1165 2502 γάρ·
1198 2454 1391 2502 Κυλλήνης
1423 2469 1464 2491 εν
1494 2452 1620 2500 ὄρεσσι
1649 2453 1747 2491 θεὸν

222 2502 368 2549 κήρυκα
387 2502 466 2550 τέχ’
488 2502 639 2563 Ερμῇν.
685 2516 779 2549 quae
799 2507 899 2540 recte
919 2505 992 2540 huc
1011 2503 1185 2540 adhibuit
1203 2503 1472 2539 Schneidewin.
1516 2502 1606 2537 Inde
1626 2503 1746 2538 ''.lzetz

224 2553 250 2586 1.
251 2553 386 2609 ycoph.
407 2557 494 2587 219:
520 2552 595 2588 Καὶ
615 2553 846 2597 Σιμωνίδης·
872 2549 1050 2592 Μαιάδος
1075 2548 1198 2605 ὀρείης
1223 2547 1531 2608 ελικοβλεφάροιο
1549 2547 1745 2606 γένεθλον.

220 2597 314 2657 αὕτη
340 2597 412 2645 γὰρ
438 2603 512 2635 κτλ.
539 2599 620 2644 (sed
644 2599 720 2635 Vit.
747 2603 782 2634 2.
805 2603 839 2634 3.
883 2599 977 2634 Gud.
1002 2599 1097 2634 nihil
1122 2598 1193 2634 nisi
1219 2595 1512 2653 ἑλικοβλεφάρου
1538 2594 1746 2642 κατάλογον

222 2644 304 2691 τάχ’
335 2646 500 2692 Ερμῆν).
553 2646 659 2689 Quod
684 2646 836 2682 Pindari
861 2646 1065 2682 scholiasta
1091 2645 1253 2681 dilucide
1283 2646 1441 2681 testatur
1465 2640 1615 2689 οὐρείας
1646 2645 1746 2689 apud

222 2694 453 2730 Athenaeum
499 2694 692 2738 omissum,
743 2694 808 2739 qui
857 2693 990 2729 deinde
1040 2689 1292 2738 εὐπλοκάμοιο
1335 2692 1501 2735 exhibet,
1544 2690 1644 2736 quod
1685 2692 1748 2727 vel

223 2744 377 2786 p1opter
413 2741 622 2787 proximum
667 2723 914 2787 εὖπλοκάμων
959 2742 1188 2786 suspectum:
1231 2740 1358 2795 itaque
1400 2737 1599 2774 Pindarico
1642 2739 1748 2774 scho-

225 2788 355 2824 liastae
381 2789 531 2824 omnino
557 2789 646 2823 fides
671 2787 853 2824 habenda.
899 2807 942 2814 —-
986 2788 1030 2823 V.
1059 2792 1089 2822 1.
1134 2784 1172 2822 δ’
1210 2781 1252 2822 εὖ
1281 2786 1340 2822 τὶν
1381 2786 1527 2830 scripsi,
1564 2797 1600 2821 v.
1631 2782 1669 2820 δ’
1703 2781 1747 2821 εὖ

221 2834 260 2869 τέ
286 2832 335 2877 6',
361 2835 541 2881 scriptum
566 2835 714 2871 videtur
738 2835 817 2870 τεὶν
843 2836 881 2870 et
912 2847 1026 2880 supra
1055 2834 1225 2870 additum
1257 2834 1326 2871 σοι’.
1352 2853 1396 2859 -
1421 2832 1466 2869 V.
1492 2836 1513 2868 2
1544 2833 1745 2868 secundum

220 2882 297 2918 sch.
323 2882 427 2917 Pind.
453 2883 611 2919 restitui.
638 2903 681 2908 —
709 2883 753 2919 V.
780 2887 812 2918 3.
858 2881 975 2918 ἔτικτε
1009 2879 1047 2918 δ’
1066 2878 1191 2922 ’Ἄτλας
1215 2879 1284 2917 τάν
1309 2876 1346 2926 γ’
1376 2879 1505 2926 ἔξοχον
1531 2878 1648 2926 εἶδος,
1674 2880 1747 2916 tria.
1814 2893 1816 2895 ’
