1864 3126
183 149 269 191 324
529 158 531 161 “
748 147 941 184 ΡΟΕΤΑΕ
965 147 1143 185 MELICI.

837 318 907 360 45.
940 318 1046 371 [38]

779 412 872 445 ΕΙΣ
895 411 1114 446 EA'PTON.

249 504 359 563 Ἐγὼ
392 505 535 564 γέρων
567 504 649 562 μέν
682 507 785 561 εἰμι,
1035 503 1058 550 ὁ
1091 505 1172 563 μὲν
1202 505 1353 550 θέλων
1385 503 1619 562 μάχεσθαι,

254 576 372 622 νέων
403 577 539 621 πλέον
572 576 622 620 δὲ
652 579 783 620 πίνω·
1034 576 1235 634 παρέστω
1267 577 1340 621 καὶ
1371 575 1593 634 μαχέσθω.

252 645 337 692 κᾶν
371 648 505 707 δεήσῃ
538 665 590 705 με
620 646 838 706 χορεύειν,
966 660 1009 692 10
1035 648 1132 705 ἐμοὶ
1163 648 1398 705 κύπελλον,
1431 642 1466 692 ὦ
1497 655 1590 706 παῖ,

254 717 477 776 Σειληνὸν
510 720 558 763 ἐν
589 718 791 776 μέσοισιν
1034 724 1272 777 μελίχρουν
1305 716 1580 775 οἶνον-ἡδύν

207 804 227 834 5
253 792 524 847 μιμούμενος
554 789 771 847 χορεύσω.
968 839 981 853 ⁶
1036 790 1273 849 ἐγκεράσας
1304 789 1521 848 φόρησον.

254 865 479 922 σκῆπτρον
513 865 596 918 ε”χω
627 861 707 905 τὸν
740 859 896 905 ἀσκόν·
1035 861 1119 918 ἐγὼ
1152 862 1298 921 γέρων
1331 860 1412 918 μέν
1444 863 1547 917 εἰμι,
1617 872 1708 904 1068

256 931 279 977 ὁ
311 933 488 992 νάρθηξ
520 931 561 976 δ’
598 930 732 976 οὐδέν
765 933 896 976 ἐστιν.
1036 931 1172 991 (νέων
1203 932 1339 978 πλέον
1372 932 1421 977 δὲ
1451 931 1598 990 πίνω.)

839 1077 909 1119 46.
943 1077 1048 1129 [26]

654 1171 785 1205 ΑΛΛΟ
811 1171 902 1204 ΕΙΣ
926 1171 1244 1206 ΦΙΛΟΠΟΤΗΝ.

244 1263 378 1308 Ὅταν
411 1262 435 1308 ὃ
466 1263 641 1321 Βάκχος
670 1264 864 1322 εἰσέλθῃ,
1037 1265 1157 1309 θέλω
1189 1267 1332 1317 καλῶς
1362 1262 1543 1320 ἀείδειν,

256 1334 468 1380 εὕδουσιν
501 1337 550 1379 αἱ
577 1335 802 1393 μέριμναι·
992 1348 1012 1380 5
1038 1334 1331 1393 κισσοστεφὴς
1362 1335 1412 1380 δὲ
1441 1344 1599 1393 κεῖμαι,

257 1409 373 1451 δοκῶ
396 1404 437 1450 δ’
473 1408 588 1463 ἔχειν
613 1405 665 1450 τὰ
687 1409 902 1464 Κροίσου.
1038 1410 1159 1452 πατῶ
1193 1405 1233 1450 δ’
1269 1405 1442 1451 ἅπαντα
1471 1408 1616 1466 θυμῷ.

187 1572 382 1608 Mehlhorn
407 1573 568 1617 Βρομίου
595 1570 768 1631 στραφὲν
787 1571 829 1608 τὸ
854 1573 968 1618 νᾶμα,
993 1572 1140 1618 reliqua
1163 1583 1325 1617 servans,
1350 1571 1423 1608 nisi
1449 1572 1548 1617 quod
1574 1569 1709 1617 ἥνθισε

187 1620 353 1665 scripsit,
389 1620 486 1655 Rose
513 1621 674 1666 Βρομίου
701 1618 846 1678 στέφον
877 1633 916 1656 τε
948 1621 1063 1666 νᾶμα.
1090 1641 1134 1646 —
1167 1620 1210 1655 V.
1240 1625 1294 1656 13.
1326 1620 1450 1655 κλῶνα
1487 1619 1711 1665 Stephanus,

188 1667 267 1705 cod.
294 1665 442 1702 κλόνον.
470 1687 514 1693 -
541 1667 584 1703 V.
614 1671 668 1703 14.
695 1665 840 1713 ἤνθησε
868 1668 1124 1712 00(1.,Β8.1·1188
1150 1664 1295 1713 ἤνθισε.

283 1765 340 1798 45
389 1761 585 1807 Inscriptio
610 1761 651 1797 in
675 1774 723 1798 m.
751 1762 899 1808 legitur.
921 1783 964 1789 —
990 1763 1207 1798 Lachmann
1231 1761 1379 1807 redegit
1402 1761 1474 1797 hoc
1499 1764 1647 1797 carmen
1671 1761 1709 1797 in

190 1809 362 1854 strophas
389 1820 560 1845 senorum
586 1821 771 1855 versuum,
795 1809 851 1845 ita
875 1811 917 1845 ut
929 1811 1074 1848 tertiae
1101 1811 1275 1869 strophae
1300 1810 1441 1855 primus
1459 1809 1606 1845 tantum
1630 1820 1710 1845 ver—

191 1869 252 1893 sus
277 1856 448 1902 supersit.
475 1877 519 1882 —-
545 1856 589 1891 V.
616 1861 648 1893 3.
676 1838 792 1911 δεήσῃ
819 1870 863 1903 με
890 1857 984 1901 cod„
1010 1857 1200 1894 Hermann
1225 1870 1294 1903 μεν
1319 1856 1402 1904 δέῃ,
1426 1858 1467 1892 at
1490 1867 1566 1892 non
1590 1856 1711 1910 solum

187 1903 384 1950 Byzantini
408 1904 594 1949 homines,
627 1903 693 1939 sed
722 1904 798 1940 iam
830 1904 1016 1940 Lucianus
1046 1905 1255 1950 promiscue
1287 1893 1517 1940 hemiambos
1548 1905 1587 1939 et
1616 1902 1710 1939 ioni

188 1962 249 1987 cos
274 1952 312 1986 in
339 1951 470 1987 eodem
495 1952 666 1996 poemate
686 1951 878 1994 adhibent,
902 1963 970 1987 nec
989 1953 1103 2011 longa
1122 1951 1269 1997 syllaba
1286 1952 1448 2009 primore
1468 1962 1577 1987 versu
1596 1950 1709 1987 offen-

188 1998 260 2042 dit,
290 1999 396 2034 velut
427 2001 484 2034 est
515 2009 573 2044 ap.
606 1998 812 2035 Luciannm
837 2001 882 2034 49
914 1995 939 2034 ἆ
973 1997 1015 2035 δὲ
1042 1997 1232 2045 δύσγαμος
1256 1995 1341 2034 κατ’
1375 1999 1512 2039 οἴκους.
1540 2018 1584 2024 -
1617 1997 1661 2033 V.
1687 2002 1711 2032 4

189 2047 228 2081 et
253 2050 272 2081 5
297 2045 370 2081 huc
395 2045 628 2100 transposuit
651 2046 883 2090 Lachmann,
914 2046 953 2081 in
979 2047 1058 2082 cod.
1085 2047 1260 2102 leguntur
1283 2046 1323 2081 in
1354 2046 1426 2081 fine
1452 2044 1637 2080 carminis.
1664 2066 1704 2071 -—

189 2094 233 2128 V.
261 2098 292 2129 6.
321 2092 392 2139 ἔχω
418 2093 562 2139 scripsi,
588 2106 620 2129 v.
641 2096 662 2128 5
688 2095 854 2129 extremo
878 2095 1025 2129 τελείαν
1045 2091 1201 2139 στιγμὴν
1226 2092 1378 2138 addens,
1405 2093 1485 2129 cod.
1507 2091 1548 2138 ἔχ
1551 2105 1614 2138 ων,
1640 2092 1705 2128 sed

189 2142 415 2177 corrector*
391 2153 413 2174 ν
433 2140 621 2186 expunxit,
642 2152 753 2186 quem
773 2152 916 2186 sequor,
937 2151 1163 2187 quamquam
1181 2141 1213 2176 is
1231 2121 1449 2176 necessitati
1474 2139 1594 2184 cessit,
1620 2151 1709 2184 quo-

188 2188 290 2223 niam
320 2187 358 2223 in
391 2188 470 2224 cod.
504 2200 537 2223 v.
564 2192 586 2223 3
613 2168 823 2233 praecedit,
855 2188 983 2234 itaque
1015 2189 1129 2224 etiam
1161 2188 1370 2246 Stephanus
1403 2189 1441 2223 81
1469 2186 1612 2244 priores
1628 2185 1710 2244 ἔχω

188 2235 451 2281 probaverunt,
477 2235 693 2271 Lachmann
718 2235 785 2271 alii
803 2234 906 2294 ³k'xnw
931 2237 1093 2273 tuentur.
1114 2257 1160 2263 —
1183 2235 1228 2271 V.
1251 2239 1283 2272 7.
1310 2232 1330 2270 ὁ
1355 2247 1426 2280 ναρ
1428 2237 1458 2270 θ
1459 2235 1504 2280 ηξ
1529 2230 1567 2270 δ’
1596 2231 1711 2270 οὐδέν

191 2282 291 2319 ἐστιν
317 2283 410 2340 cod„
436 2282 633 2319 Mehlhorn
658 2281 677 2318 ὃ
706 2279 743 2318 δ’
771 2280 885 2319 ουδέν
906 2281 992 2319 ἐσθ’
1013 2281 1033 2319 ὁ
1054 2281 1216 2329 νάρθηξ.
1255 2282 1491 2318 Commodius
1509 2281 1607 2317 foret
1624 2279 1695 2328 νᾶρ

189 2331 264 2377 θηξ
291 2328 362 2376 γὰρ
387 2312 503 2366 οὐδέν
529 2327 640 2367 ἐστιν.
685 2331 751 2366 88(1
781 2342 856 2367 11011
887 2331 995 2367 decet
1024 2331 1297 2377 ineptissimum
1322 2330 1420 2365 hunc
1445 2330 1640 2365 centonem
1663 2329 1710 2365 ad

191 2378 283 2414 artis
314 2379 408 2424 legis
440 2378 663 2414 examinare.
697 2399 740 2404 —
772 2377 816 2415 V.
843 2383 875 2415 9.
907 2377 1079 2424 παρέστω
1111 2378 1176 2415 καὶ
1208 2378 1301 2423 cod„
1333 2376 1524 2421 corrigunt
1557 2388 1712 2434 παρεστι

189 2423 274 2471 γάρ,
301 2436 346 2461 ex
372 2426 503 2461 Anacr.
529 2424 572 2461 fr.
599 2429 656 2461 92.
686 2446 726 2450 —
725 2425 798 2461 V.
827 2430 881 2461 11.
907 2427 1105 2480 μελίχρουν
1131 2425 1223 2471 cod,
1250 2406 1441 2470 corrigunt
1465 2421 1651 2478 μελιχρόν.-
1666 2443 1710 2449 -—

194 2473 238 2509 V.
267 2477 322 2508 14.
354 2472 460 2508 Nihil
493 2472 640 2508 videtur
671 2473 815 2519 deesse,
847 2473 919 2509 nisi
949 2473 1129 2520 repetitus
1153 2486 1187 2510 v.
1214 2453 1254 2518 ²2,
1279 2483 1390 2518 quem
1415 2470 1536 2508 adieci
1560 2471 1608 2507 ad
1633 2482 1710 2507 car—

190 2532 275 2556 men
299 2519 639 2566 redintegrandum.

286 2618 342 2651 46.
394 2614 480 2654 Cod.
508 2615 592 2651 add.
618 2613 659 2650 in
683 2626 799 2661 marg.
825 2616 892 2650 τοῦ
918 2612 1035 2652 αὑτοῦ
1069 2615 1123 2657 εἰς
1154 2612 1372 2673 φιλοπότην.
1408 2635 1452 2641 -
1483 2610 1528 2650 V.
1555 2618 1585 2650 1.
1618 2626 1711 2650 οταν

194 2659 213 2697 ὁ
241 2660 397 2718 Βάκχος
412 2660 564 2709 εἰσέλθῃ
592 2662 685 2706 00(1.,
712 2659 926 2720 Scaliger-'⁹
903 2676 996 2699 οταν
1022 2665 1076 2705 εἴς
1107 2676 1151 2709 με
1178 2660 1322 2709 Βάκχος
1349 2660 1455 2708 ἔλθῃ,
1486 2660 1625 2696 Barnes
1652 2657 1708 2697 ὅτ’

193 2711 246 2750 εἴς
271 2722 315 2755 με
342 2706 488 2754 Βάκχος
514 2699 607 2756 ἔλθῃ
611 2709 766 2766 ‚Bothe
791 2706 811 2745 ὃ
839 2707 984 2769 Βάκχος
1008 2723 1100 2747 οταν
1108 2708 1270 2766 ἐσέλθῃ,
1295 2703 1526 2745 Hermann
1504 2721 1595 2744 οταν
1615 2706 1712 2744 Βακ-

194 2770 256 2801 χος
288 2754 443 2802 ἐσέλθῃ,
478 2757 596 2803 possis
611 2738 721 2792 ὅταν
753 2755 904 2804 εἰσέλθῃ
937 2754 977 2805 μ’
1011 2755 1031 2794 ὁ
1062 2754 1227 2804 Βακχος,
1258 2757 1323 2792 88(1
1353 2755 1481 2792 taedet
1510 2754 1570 2790 his
1601 2754 1711 2801 nugis

192 2804 443 2848 perpoliendis
469 2815 620 2850 operam
638 2815 786 2841 navare
815 2825 858 2830 —
885 2806 928 2842 V.
949 2810 982 2841 3.
1008 2806 1108 2841 δοκῶ
1134 2805 1228 2850 cod„
1253 2803 1352 2850 quod
1376 2803 1559 2847 revocavi,
1585 2802 1712 2839 termi-

193 2861 285 2885 nans
316 2852 386 2887 hoc
420 2863 529 2887 versu
560 2852 803 2887 enuntiatum.
861 2852 1090 2899 Stephanus,
1124 2853 1188 2898 qui
1219 2865 1251 2888 v.
1285 2851 1498 2905 sequentem
1531 2848 1711 2895 adiunxit,

195 2898 315 2932 δοκῶν
337 2899 496 2944 scripsit,
521 2909 595 2935 non
615 2900 726 2958 recte.
743 2919 785 2925 -
813 2899 855 2935 V
876 2904 899 2936 4
918 2865 956 2937 ept
975 2904 995 2936 5
1014 2901 1171 2937 fortasse
1191 2899 1245 2936 sic
1263 2897 1466 2945 refingendi
1487 2899 1589 2934 sunt·
1608 2877 1711 2934 θέλω
