1864 3126
212 199 296 246 738
670 200 974 240 FRAGMENTA
999 199 1268 242 ADESPOTA.

211 329 272 366 ap.
304 317 410 354 Plut.
443 316 491 354 de
529 316 617 354 exil-
655 329 687 355 ο.
719 318 744 355 8
784 313 981 369 αἱρήσεται
1019 315 1086 356 καὶ
1123 319 1246 369 νῆσον
1286 317 1408 357 οἰκεῖν
1449 313 1581 370 φυγὰς
1622 312 1735 371 γενό-

209 395 325 431 μενος
355 377 514 432 Γύαρον
543 375 568 431 ἢ
600 380 778 432 Κίναρον
809 377 1021 433 σκληρὰν
1050 385 1125 421 κτλ.
1188 383 1306 421 Item:

417 471 658 526 Ἐφέσπερον
690 475 857 515 δαίουσα
887 477 1110 527 λαμπτῆρος
1141 475 1261 524 σέλας.

210 571 312 608 Plut.
347 570 459 609 Erot.
490 582 521 608 e.
557 571 628 608 16:
661 567 741 608 Καὶ
772 566 879 616 ὅπως
910 568 1086 609 ἐνταῦθα
1116 567 1168 622 μὴ
1203 567 1364 622 Φρύνας
1395 567 1667 623 ὀνομάζωμεν,
1701 565 1733 612 ὦ

209 633 350 686 ἑταῖρε,
390 630 415 685 ἢ
458 634 632 683 Λαΐδας,
677 635 923 674 Γναθαίνιον
963 633 1180 687 ἐφέσπερον
1218 631 1294 689 (ita
1334 637 1423 687 BE,
1461 633 1526 687 ἐφ’
1570 635 1734 689 ἕσπερον
1795 663 1797 666 .

207 695 350 752 vulgo)
390 699 556 738 δαίουσα
575 695 681 751 ,(ΒΕ
721 697 882 751 δέουσα)
920 703 951 739 λ.
984 712 1017 740 σ.
1049 699 1279 752 ἐκδεχομένη
1318 699 1384 740 καὶ
1419 704 1592 741 καλοῦσα
1635 715 1733 754 παρ-

208 760 382 803 οδεύεται
402 761 599 811 πολλάκις.
625 778 742 815 quem
762 778 920 804 versum
939 779 1081 815 parum
1099 767 1361 815 probabiliter
1379 768 1566 806 Machom'
1589 767 1735 806 tribuit

207 830 357 869 Iacobs.
390 850 444 856 —-
477 830 685 869 Proverbii
715 831 800 869 loco
833 832 920 868 erat
951 831 1057 868 haud
1088 832 1207 870 dubie
1238 845 1397 883 versus,
1430 833 1499 883 qui
1530 833 1640 871 extat
1670 845 1733 883 ap.

209 894 346 933 Galen.
379 895 422 933 T.
455 895 490 931 V
523 896 626 934 878:

421 991 572 1041 Παχεῖα
596 986 740 1042 γαστὴρ
772 986 911 1030 λεπτὸν
942 986 990 1030 οὗ
1021 991 1134 1030 τίκτει
1165 988 1272 1031 νόον.

208 1073 321 1110 item:

421 1151 574 1207 Μωρὸς
603 1151 769 1202 παλαιὸς
800 1152 998 1207 φρόνιμον
1029 1153 1078 1196 οὗ
1110 1160 1220 1196 ποιεῖ
1245 1156 1347 1197 νέον.

208 1250 275 1299 qui
307 1249 530 1299 adscriptus
563 1252 624 1288 est
662 1250 703 1288 in
739 1250 884 1289 Isidori
925 1242 1068 1300 glossis
1106 1266 1142 1301 p.
1176 1253 1259 1291 689
1293 1253 1352 1290 ed.
1385 1251 1550 1316 Vulcan,
1581 1252 1650 1291 ubi
1680 1252 1734 1291 le-

208 1314 319 1363 gitur
355 1310 521 1361 παλαιὸς
565 1310 695 1366 μωρὸς
738 1313 830 1354 νέον
871 1330 936 1367 φρ.
969 1311 1018 1355 οὐ
1048 1319 1163 1354 ποιεῖ.
1201 1337 1258 1342 —
1289 1317 1490 1366 Iambum,
1528 1318 1595 1367 qui
1626 1319 1736 1356 extat

209 1392 270 1428 ap.
296 1378 452 1419 Platon.
486 1379 533 1417 de
565 1379 677 1419 Iusto
710 1381 852 1429 3741A
893 1375 1015 1432 (hunc
1050 1381 1231 1421 Platonis
1269 1382 1398 1421 locum
1435 1382 1610 1432 respexit
1645 1382 1734 1420 Ari-

150 1456 155 1461 ·
209 1444 331 1482 stides
369 1443 410 1481 II
449 1446 552 1492 547,
591 1445 696 1494 quod
734 1448 948 1495 propterea
991 1447 1228 1497 notandum,
1266 1448 1451 1497 quoniam
1488 1448 1626 1486 rhetor
1660 1448 1735 1486 hoc

206 1508 386 1547 Platonis
418 1509 522 1548 libro
554 1509 660 1548 haud
692 1513 926 1549 cunctanter
955 1513 1147 1561 tanquam
1185 1525 1375 1571 germano
1414 1507 1580 1565 utitur),
1618 1525 1734 1562 quem

206 1586 368 1612 versum
400 1574 521 1613 etiam
553 1574 793 1614 Aristoteles
826 1576 918 1614 Eth.
950 1576 1102 1616 Nicom.
1133 1576 1196 1614 III
1228 1579 1252 1616 5
1285 1578 1468 1616 adhibet:

423 1670 574 1722 Οὐδεὶς
597 1671 699 1714 ἑκὼν
729 1670 904 1727 πονηρὸς
935 1671 1022 1715 οὐδ’
1057 1673 1167 1716 ἄκων
1200 1668 1339 1730 μάκαρ.

208 1770 361 1820 antiqui
391 1772 533 1820 poetae
559 1783 645 1809 esse
671 1773 824 1809 certum
850 1773 927 1810 est:
960 1783 1035 1821 ego
1062 1772 1292 1812 dubitanter
1315 1772 1447 1812 Soloni
1470 1774 1612 1824 tribui3
1642 1785 1736 1812 nam

209 1835 390 1884 quamvis
423 1836 653 1874 Eustratius
686 1837 737 1874 ad
768 1836 939 1874 Aristot.
970 1839 1078 1875 recte
1110 1837 1217 1876 dicat
1247 1838 1449 1887 proverbii
1477 1838 1563 1876 loco
1592 1838 1736 1876 tritum

209 1911 298 1938 esse
328 1900 588 1950 versiculum,
626 1903 762 1940 tamen
801 1901 898 1939 satis
937 1903 1094 1940 constat
1130 1902 1342 1951 proverbia
1379 1901 1620 1942 Graecorum
1655 1903 1737 1952 ple-

208 1977 343 2014 raque,
376 1967 421 2003 ut
445 1966 621 2005 numeris
649 1968 742 2004 sunt
766 1966 971 2016 adstricta,
996 1968 1055 2005 ita
1079 1970 1289 2017 poetarum
1317 1967 1459 2006 studiis
1484 1967 1736 2017 potissimum

207 2033 430 2080 propagata
471 2043 576 2080 esse,
615 2031 684 2081 qui
727 2031 877 2070 veteris
920 2032 1138 2081 sapientiae
1181 2034 1394 2082 praecepta
1435 2033 1582 2082 populo
1619 2034 1737 2083 grata

208 2096 447 2145 acceptaque
479 2095 586 2134 haud
617 2098 850 2134 cunctanter
882 2097 1123 2136 carminibus
1155 2097 1237 2136 suis
1269 2097 1542 2136 inseruerunt:
1575 2100 1616 2136 et
1645 2109 1735 2135 cum

206 2163 431 2210 poetarum,
470 2162 538 2211 qui
574 2161 693 2211 primi
730 2161 792 2199 usi
831 2163 947 2199 erant
982 2162 1210 2211 proverbiO,
1250 2174 1329 2200 non
1363 2173 1454 2199 raro
1495 2161 1733 2200 oblitterata.

208 2228 316 2264 esset
346 2227 556 2275 memoria,
588 2226 783 2266 eiusmodi
815 2237 955 2265 versus
986 2228 1178 2276 tanquam
1208 2225 1420 2276 proverbia
1457 2225 1649 2275 adespota
1678 2225 1735 2264 fe-

209 2291 412 2331 rebantur.
487 2293 618 2331 Etiam
661 2293 766 2331 hunc
812 2305 975 2331 versum
1017 2293 1136 2341 poeta
1183 2291 1326 2342 aliquis
1375 2303 1503 2340 neque
1546 2290 1735 2340 ignobilis

209 2355 351 2395 effatus
383 2359 462 2406 est,
503 2357 544 2396 id
575 2358 681 2408 quod
711 2358 828 2396 Plato
861 2357 960 2396 satis
999 2356 1212 2406 significat:
1251 2352 1341 2405 οὔκ,
1380 2354 1420 2394 εἴ
1447 2352 1491 2407 γε’
1528 2368 1563 2393 τι
1595 2353 1660 2393 δεῖ
1684 2355 1735 2410 τῷ

208 2422 349 2474 ποιητῇ
380 2421 612 2475 πείθεσθαι·
643 2422 743 2476 ποίῳ
774 2422 935 2474 ποιητῇ;
967 2415 1070 2468 δ’ὅτις
1102 2415 1226 2459 εἶπεν·
1258 2416 1421 2467 οὐδεὶς
1450 2421 1528 2458 κτλ.
1578 2418 1736 2458 Schnei-

209 2485 338 2524 dewin
375 2489 632 2537 praepostere
672 2490 717 2526 ut
761 2488 863 2526 solet
900 2480 1062 2539 (Philol.
1093 2485 1194 2524 VIII
1235 2479 1339 2538 651)
1355 2484 1610 2532 *Epicharmi
1647 2495 1734 2523 esse

209 2563 370 2589 versum
401 2553 622 2602 contendit,
660 2554 704 2591 at
734 2550 965 2591 Eustratius
995 2550 1230 2600 prudenter·
1246 2549 1342 2588 dicit
1373 2548 1510 2588 eodem
1541 2549 1615 2588 hoc
1643 2561 1733 2599 pro-

209 2616 344 2656 verbio
380 2630 493 2656 usum
525 2630 611 2657 esse
642 2618 942 2667 Epicharmum:
989 2614 1178 2666 παροιμία
1207 2610 1282 2667 γὰρ
1311 2616 1441 2664 τοῦτο,
1476 2606 1503 2667 ᾖ
1539 2611 1605 2652 καὶ
1629 2608 1735 2651 Ἐπί-

209 2695 355 2732 χαρμος
381 2677 401 2722 ὁ
428 2679 702 2735 Συρακούσιος
725 2681 919 2734 κέχρηται,
951 2679 994 2720 ἐν
1025 2674 1084 2726 οἷς
1115 2679 1254 2731 φησίν·
1286 2674 1382 2718 ἀλλὰ
1414 2674 1494 2730 μὰν
1524 2673 1599 2731 ἒγῶ
1626 2673 1732 2730 ’ναγ-

209 2748 320 2792 καῖος
349 2748 468 2786 ταῦτα
499 2743 627 2786 πάντα
657 2745 795 2786 ποιέω·
830 2746 962 2797 οἴομαι
993 2741 1036 2783 δὲ
1067 2739 1120 2791 ὥς
1153 2739 1284 2791 οὐδεὶς
1308 2739 1408 2782 ἕκών
1437 2737 1612 2794 πονηρὸς
1641 2737 1730 2782 οὔδ’

210 2806 308 2848 ἄταν
339 2809 448 2863 ἔχων.
510 2813 642 2863 Igitur
671 2825 811 2852 versus
842 2812 980 2850 auctor
1004 2809 1242 2858 Epicharmo
1275 2808 1484 2858 antiquior,
1513 2819 1640 2857 neque
1671 2820 1733 2846 co-

210 2875 334 2914 micus
366 2879 486 2925 poeta
517 2877 719 2926 integrum
751 2875 1007 2927 proverbium
1037 2874 1241 2923 adhibuit,
1273 2874 1341 2912 sed
1371 2873 1544 2922 priorem
1574 2873 1732 2910 tantum

210 2942 376 2987 partem,
404 2954 504 2989 quae
530 2943 672 2990 poetae
698 2941 882 2979 instituto
907 2939 1184 2989 conveniebat3
1213 2951 1304 2977 nam
1331 2937 1435 2987 quod
1461 2936 1731 2976 Schneidewin

1761 1387 1851 1422 1357
