1864 3126
0 0 171 94 W

105 27 125 36 ,.

0 97 26 116 'ql

577 133 802 171 CARMINA
826 132 1117 172 POPULARIA.
1522 131 1611 176 665

575 242 749 277 muoz:
773 243 856 277 ΕΙΣ
880 243 1102 279 mmm.
1248 220 1251 223 ’
1518 243 1609 275 12⁹8

825 316 863 359 3.

154 383 359 445 Ἀρτεμι,
390 387 467 429 σοί
493 384 551 442 μέ
577 401 619 428 τι
651 383 774 443 φρὴν
806 387 1019 444 ἐφίμερον

70 504 154 549 hoc,
180 504 350 552 quamvis
374 515 448 541 non
474 503 526 558 sit
551 500 873 560 antiquissimum,
906 506 1034 560 tamen
1066 502 1305 586 antiguitatis
1330 501 1493 549 speciem
1518 512 1607 557 prae

69 563 109 589 so
134 553 224 589 fert:
259 551 570 599 deprehendmus
597 552 656 588 hic
683 554 894 599 exemplum
918 554 1046 596 metn,
1072 563 1146 599 quo
1199 551 1298 597 apud
1325 551 1487 586 Graecos
1513 550 1607 586 antl-

70 599 291 646 quissimum
317 600 406 645 fuit,
433 599 530 636 unde
554 599 754 637 heaeametri
778 611 926 646 quoque
953 600 1116 647 origines
1142 602 1229 635 sunt
1254 598 1498 645 repetendae:

558 664 583 682 υ

283 694 692 719 ωιυυ-ω-ξέ

69 731 133 768 vel
554 763 579 780 υ

355 791 690 815 Ausul-W--

73 825 230 896 semper'
245 851 372 887 autem
398 850 478 887 bini
503 850 743 898 paroemiaci‚
770 851 814 887 ut
838 851 880 887 fit
904 850 942 886 in
966 849 1209 897 popularibus
1230 849 1471 893 carminibus,
1498 859 1609 894 copu-

71 897 208 934 lantur.
260 898 520 935 Schneidewin
546 900 640 936 haec
664 898 803 935 Melani
834 898 944 945 pidae
970 898 1118 941 tribuit,
1151 897 1327 943 quoniam
1359 897 1458 932 idem
1492 896 1608 933 schol.

73 944 188 992 paulo
214 948 303 982 ante
328 945 437 983 dicit:
470 943 517 982 Ἡ
539 945 635 983 κατὰ
662 948 778 983 Λίνον
821 949 950 991 στορία
975 943 1078 991 παρὰ
1107 943 1297 993 Φιλοχόρῳ
1325 943 1366 981 ἐν
1392 946 1436 992 τῇ
1463 942 1517 980 «ff
1545 943 1609 980 καὶ

71 991 174 1038 παρὰ
202 995 504 1048 Μελανιππίδῃ.
531 1006 554 1031 a
579 995 684 1031 cuius
715 995 830 1049 poesi.
850 992 914 1050 isti
946 1004 1074 1029 versus
1105 1003 1255 1048 prorsus
1287 993 1499 1028 abhorrent.
1551 991 1607 1027 Ad

71 1039 189 1134 {332
205 1041 1221 1135 ’δῗῖιῖἓὶῧῖῗέἐίῗῗῖἲωῗῖῗ.Ρὲἳέἓοέ“ἓὲιῗωωΒΜ
1251 1052 1310 1086 ⁸¹³·
1343 1039 1465 1076 ωσι·
1499 1039 1607 1076 Hm·

301 1154 343 1196 ’.Ω
368 1161 471 1206 Λίνε,
497 1162 590 1197 πᾶσι
613 1164 742 1198 θεοῖσι
768 1159 954 1207 τετιμένε,
981 1159 1040 1196 σοὶ
1065 1158 1138 1220 γὰρ
1165 1159 1315 1196 ἔδωκαν

308 1205 502 1245 ἀθάνατοι
528 1206 663 1257 πρώτῳ
690 1207 799 1255 μέλος
824 1205 1086 1253 ἀνθρώποισιν
1112 1213 1242 1244 αεῖσαι

309 1253 350 1292 ἒν
376 1256 466 1293 ποδὶ
491 1257 686 1305 δεξιτερῷ·
712 1256 868 1292 Μοῦσαι
893 1255 937 1292 δέ
963 1269 1002 1292 σε
1029 1253 1199 1302 θρήνεον
1226 1253 1345 1292 αὗταί

309 1304 521 1351 μυρόμεναι
546 1305 743 1352 μολπῇσιν,
770 1301 854 1340 ἐπεὶ
878 1305 983 1345 λίπες
1008 1301 1115 1350 ἡλίου
1141 1302 1273 1350 αὐγάς.

70 1375 213 1412 Horum
238 1385 411 1411 versuum
443 1378 574 1412 auctor
598 1387 683 1412 cum
709 1375 802 1412 dicit
825 1374 959 1411 Linum
991 1376 1154 1422 primum
1187 1374 1365 1411 cecinisse
1391 1385 1541 1410 carmen
1566 1371 1609 1410 ἐν

70 1422 159 1459 ποδὶ
186 1423 381 1472 δεξιτερῷ,
406 1423 556 1460 videtur
578 1424 700 1470 ipsum
726 1433 964 1459 num-erorum
989 1435 1108 1470 genus
1133 1422 1316 1468 indicare,
1349 1422 1449 1468 quod
1473 1422 1512 1458 in
1539 1423 1610 1458 hac

71 1470 262 1507 cantilena
298 1471 627 1517 deprehendimus:
665 1471 688 1507 i.
721 1483 752 1507 e.
785 1470 1004 1507 dimidiatos
1039 1471 1294 1507 hexametros:
1337 1471 1483 1507 veteres
1516 1469 1610 1506 artis

71 1518 243 1564 magistri
274 1518 437 1565 priorem
462 1522 610 1565 partem
634 1518 776 1555 heroici
806 1530 934 1555 versus
960 1517 1098 1563 δεξιόν,
1133 1518 1378 1564 posteriorem
1409 1514 1608 1564 ἀριστερὸν

68 1566 279 1612 appellant,
310 1565 385 1602 vid.
418 1566 573 1604 Aristot.
606 1567 770 1613 Metaph.
803 1567 854 1604 N.
886 1578 916 1603 e.
950 1571 988 1602 6:
1022 1567 1192 1613 βαίνεται
1231 1565 1273 1602 δὲ
1306 1564 1424 1612 (ἔπος)
1466 1563 1507 1602 ἐν
1531 1565 1609 1612 ,μὲν

68 1613 120 1660 τῷ
141 1614 253 1662 δεξιῷ
275 1611 388 1650 ἐννέα
408 1616 619 1662 συλλαβαῖς,
647 1612 689 1651 ἐν
710 1614 752 1651 δὲ
774 1614 824 1663 τῷ
844 1611 1027 1662 ἀριστερῷ
1047 1610 1156 1650 ὀκτώ.
1201 1614 1296 1650 adde
1315 1613 1422 1650 Alex.
1442 1613 1608 1659 Aphrod.

70 1663 513 1756 ἳέῗὲῗιιῖήῗέὴῗὲἓᾞ
526 1662 720 1747 ‘³3‘33‘i330
730 1661 1610 1755 ffssfiffigiffnsstfflfissss”fflisstfflssgsstffi{¹333}

71 1755 324 1793 hemidexium
355 1757 567 1794 trimetrum
599 1758 768 1804 appellat
798 1738 899 1804 quod
929 1758 1120 1803 hemiepes
1153 1755 1310 1804 (δεξιὸν)
1343 1756 1419 1793 dici
1451 1757 1608 1793 solebat.

72 1802 180 1847 Quod
211 1804 431 1841 Eustathius
462 1806 531 1842 hos
566 1807 745 1851 quattuor
780 1817 911 1842 versus
947 1807 1058 1842 vocat
1090 1802 1324 1851 ἐπίγραμμα,
1362 1806 1454 1841 item
1487 1804 1607 1841 Cram.

71 1853 142 1888 An.
170 1850 252 1888 Par.
279 1851 331 1887 111
357 1856 438 1898 289,
466 1857 486 1889 7
526 1850 587 1889 ἐπι
614 1851 718 1899 ραφή
745 1849 845 1890 ἐστιν
873 1850 915 1888 ἐν
951 1851 1112 1902 Θήβαις,
1145 1863 1246 1889 error
1271 1853 1423 1889 subesse
1447 1852 1609 1897 videtur,

72 1899 340 1936 condonandus
360 1911 460 1945 sane,
481 1867 785 1947 quandoquidem
805 1900 844 1937 in
864 1900 1018 1937 scholiis
1035 1900 1114 1936 illis
1129 1901 1404 1956 epigrammata
1417 1900 1460 1936 'in
1473 1899 1609 1936 Linum

74 1946 261 1992 leguntur,
287 1948 334 1984 de
359 1947 494 1993 quibus
518 1960 630 1995 supra
654 1961 690 1995 p.
717 1952 784 1985 357
812 1948 906 1985 dixi:
933 1951 974 1985 at
996 1949 1037 1984 hi
1062 1949 1204 1985 heroici
1230 1960 1374 1994 verene,
1411 1947 1477 1994 qui
1501 1959 1608 1994 para-

71 1994 226 2040 phrasin
269 1994 462 2042 popularis
500 1996 710 2033 cantilenae
754 1996 1014 2043 suppeditant,
1059 1997 1106 2031 ab
1141 1996 1433 2043 ‘epigrammatis
1474 1997 1640 2034 natura..

72 2052 223 2087 prorsus
252 2043 443 2080 recedunt.
505 2045 587 2080 Iam
623 2056 708 2081 cum
745 2044 950 2080 scholiasta
986 2048 1181 2091 praeterea
1218 2043 1422 2090 Orphicum
1461 2055 1609 2080 carmen

71 2091 255 2126 memoret
284 2090 324 2127 in
350 2090 434 2127 Lini
466 2092 645 2128 honorem
670 2092 879 2128 conditum:
910 2088 935 2137 ἥ
965 2105 1004 2128 τε
1037 2090 1253 2138 καλουμένη
1279 2094 1436 2137 Σφαῖρα
1462 2090 1607 2137 ποίημά

74 2133 174 2173 ἐστιν
201 2137 317 2183 (Euat.
346 2142 455 2184 1163,
481 2143 526 2176 57
558 2138 800 2186 ποιημάτιον)
838 2139 892 2181 εἰς
925 2137 1158 2185 τόν“Λίνον,
1196 2136 1434 2185 ἀναφέρεται
1472 2137 1514 2175 δὲ
1555 2138 1610 2180 εἰς

69 2180 228 2231 Ὀρφέα,
259 2186 309 2221 ad
335 2186 406 2222 hoc
432 2198 568 2232 poema
590 2187 748 2223 fortasse
774 2188 954 2233 quattuor
977 2187 1042 2223 isti
1068 2187 1275 2223 hexametri
1299 2188 1387 2223 sunt
1409 2187 1607 2230 referendi,

72 2242 118 2268 ac
154 2232 273 2278 possis
310 2233 507 2278 conficere,
546 2246 695 2270 carmen
732 2234 845 2279 illud,
884 2235 983 2281 quod
1022 2235 1137 2271 schol.
1171 2236 1352 2279 Σφαῖραν
1387 2234 1609 2280 inscriptum

72 2278 188 2315 fuisse
212 2281 390 2324 testatur,
416 2293 439 2317 a
464 2281 617 2318 Persino
643 2282 755 2318 fuisse
781 2282 927 2325 fictum
953 2293 1039 2318 nam
1066 2283 1166 2318 Mall.
1200 2282 1383 2318 Theodor.
1417 2293 1474 2328 ap.
1503 2278 1609 2318 Gais-

73 2326 238 2363 sordium
269 2327 397 2384 script.
430 2328 494 2364 lat.
527 2329 582 2365 rei
607 2331 713 2366 metr.
740 2333 826 2366 5372
866 2329 1051 2375 „Meti-um
1089 2330 1315 2375 dactylicum
1351 2328 1608 2366 hexametrum

74 2373 267 2410 inventum
302 2375 476 2420 primitus
513 2377 561 2412 ab
593 2377 742 2423 Orpheo
774 2377 909 2414 Critias
940 2379 1088 2422 asserit,
1128 2377 1361 2414 Democritus
1396 2389 1420 2413 a
1444 2377 1608 2422 Musaeo,

74 2421 247 2458 Persinus
274 2433 297 2458 a
321 2422 432 2466 Lino,
458 2424 636 2469 permulti
660 2425 708 2460 ab
735 2425 933 2461 Homero.“
983 2425 1044 2460 vel
1070 2436 1179 2469 quem
1207 2424 1419 2470 descripsit,
1450 2424 1608 2461 fortasse

75 2469 192 2506 verba
213 2466 254 2506 ἐν
274 2469 363 2505 ποδὶ
383 2471 559 2520 δεξιτερῷ
578 2483 775 2518 perperam
788 2473 835 2508 ad
850 2474 1103 2508 hexametrum
1118 2472 1277 2517 rettulit,
1291 2472 1608 2518 quemadmodum

74 2515 218 2553 Plotius
256 2518 467 2553 trimetrum
504 2519 730 2564 dactylicum
768 2519 963 2566 appellans
1000 2520 1252 2556 hemidexium
1290 2520 1489 2557 aberravit.
1553 2520 1607 2560 De

76 2564 239 2609 Pemiuo,
266 2564 331 2610 qui
356 2566 455 2611 apud
480 2566 666 2602 Eubulum
691 2566 903 2604 Atax-uitem
929 2569 1047 2604 vitam
1072 2567 1303 2613 aliquamdiu
1329 2567 1448 2613 degit,
1477 2567 1608 2614 itaque

14 2648 22 2655 ‚
77 2611 252 2648 Hermiae
271 2617 309 2648 et
327 2611 542 2649 Aristotelis
561 2615 729 2660 aequalis
748 2614 832 2660 fuit,
859 2615 931 2651 vid.
953 2616 1086 2652 Pollux
1107 2616 1157 2651 IX
1177 2619 1234 2651 93.
1273 2615 1331 2650 Ab
1351 2615 1422 2651 hoc
1442 2614 1607 2661 Orphico

75 2659 239 2696 carmine
265 2660 452 2696 diversum
479 2661 645 2698 eiusdem
671 2662 831 2698 nominis
856 2663 1098 2709 poematium,
1127 2664 1228 2709 quod
1256 2662 1377 2698 Schol.
1406 2662 1607 2720 Hephaest.

75 2718 112 2752 p.
131 2710 178 2743 54
197 2710 395 2744 memorat:
424 2706 501 2744 ἔστι
526 2707 568 2744 δὲ
596 2708 661 2745 καὶ
679 2711 836 2755 Σφαῖρα
861 2710 926 2746 καὶ
947 2709 1090 2756 Θρόνος
1114 2708 1338 2756 σύγγραμμα
1357 2712 1607 2757 καλουμενον,

76 2764 171 2799 quae
196 2754 358 2802 figurata
382 2755 533 2792 fuerunt
558 2758 736 2802 earmina,
763 2758 863 2794 haud
887 2757 1000 2794 dubie
1019 2757 1261 2794 Alexandrini
1281 2758 1439 2794 alicuius
1459 2760 1604 2804 poetae,

74 2801 234 2839 fortasse
260 2802 448 2840 Simmiae.
625 2820 628 2823 ·

170 2850 229 2888 Fr.
256 2855 288 2886 3.
333 2851 468 2887 Athen.
489 2851 574 2887 XIV
594 2855 664 2889 636
678 2852 728 2888 D:
753 2852 974 2902 Κρέμβαλα·
1001 2853 1086 2899 περὶ
1113 2847 1165 2890 ὦν
1191 2854 1284 2899 φησὶ
1310 2854 1539 2900 Δικαίαρχος
1565 2851 1607 2891 ἐν

77 2901 154 2937 τοῖς
177 2897 264 2944 περὶ
288 2898 356 2935 τοῦ
383 2895 564 2941 Ἑλλάδος
588 2901 672 2947 βίου
700 2897 946 2948 ἐπιχωριάσαι
971 2898 1130 2947 φάσκων
1155 2900 1245 2938 ποτὲ
1272 2899 1367 2939 καθ’
1394 2898 1606 2950 ὑπερβολὴν
