1864 3126
764 105 1041 148 SIMONIDES.
1580 105 1666 151 533

766 258 865 302 241.
898 258 1034 313 [146.]
1630 292 1632 295 ,

189 367 197 376 ·
254 345 318 386 Et.
351 346 403 386 M.
437 346 534 397 692,
567 346 643 385 25:
677 341 874 403 Πρῴρα·
906 341 981 386 σὺν
1010 345 1064 399 τῷ
1094 353 1119 383 τ.
1253 339 1332 383 ἀπὸ
1364 340 1407 383 δὲ
1438 343 1506 395 τῆς
1535 340 1669 394 ἕτυμο·

67 467 70 470 Δ
134 408 268 464 λογίας
296 405 376 451 ἀπὸ
406 412 478 452 τοῦ
508 408 688 462 προϊέναι
719 407 786 463 (cf.
820 411 950 451 Schol.
983 409 1100 449 Arati
1133 406 1240 462 341)
1271 406 1337 448 mxl
1373 403 1453 448 ἀπὸ
1484 410 1554 461 τῆς
1585 407 1668 448 δια-

133 470 321 524 στάσεως·
353 472 488 529 ἐπειδὴ
520 471 679 528 εὕρηται
702 472 800 516 κατὰ
827 472 1043 525 διάστασιν,
1070 468 1123 522 ὥς
1147 469 1254 525 παρὰ
1278 475 1332 530 τῷ
1356 475 1500 527 ποιητῇ
1524 487 1668 514 κυανο-

131 541 333 594 πρωΐρους
361 540 429 582 καὶ
458 536 565 595 παρὰ
594 542 648 598 τῷ
679 541 887 596 Σιμωνίδῃ
918 536 1293 592 κυανοπρῶϊραν
1324 535 1385 593 (Μ
1410 534 1667 592 κυανοπρώη-

132 600 245 661 ραν)·
275 602 319 648 τὸ
350 604 395 647 δὲ
425 603 579 660 πρῶϊρα
610 606 653 647 οἱ
679 603 751 659 μὲν
782 602 849 646 διὰ
879 608 949 647 τοῦ
974 622 989 646 ι
1013 603 1209 659 λέγουσιν,
1240 601 1294 653 ὧς
1318 600 1397 645 ἀπὸ
1422 605 1493 644 τοῦ
1517 606 1667 660 πρῷρα,

131 667 229 712 κατὰ
260 668 463 713 διάστασιν
493 675 563 714 τοῦ
593 689 608 713 ι
637 668 805 726 πρῶϊρα,
837 668 858 713 ὁ
891 669 935 712 δὲ
959 666 1208 724 Ἡρωδιανὸς
1234 666 1301 710 διὰ
1331 672 1400 722 τῆς
1431 668 1466 710 εἶ
1497 665 1666 722 διφθόγ-

131 752 205 791 γου
247 734 402 792 γράφει.
474 738 533 778 Cf.
577 739 716 778 Zonar.
763 739 890 779 1681.
959 737 1221 777 Scribendum
1264 730 1668 788 κυανοπρώειραν

130 805 379 855 paenultima
420 804 631 855 producta,
680 816 773 843 nam
818 802 1041 843 Simonides
1086 804 1247 842 secutus
1298 806 1360 842 est
1410 802 1667 841 Homericum

130 870 356 920 exemplum
389 868 463 909 Od.
494 884 518 922 γ
557 870 640 909 299
677 863 747 916 τὰς
782 866 895 908 πέντε
933 866 1024 915 νέας
1060 867 1419 919 κνανοπρωρείους,
1451 868 1528 906 nisi
1559 867 1667 918 quod

131 934 364 975 femininum
409 947 536 987 genus
580 934 850 985 praeoptavit,
894 934 1081 984 quoniam
1125 933 1262 972 littera,
1306 935 1345 972 A
1387 932 1559 972 maxime
1605 933 1668 971 est

126 999 287 1039 vocalis.
349 1000 425 1039 Est
455 1000 590 1039 autem
622 999 993 1049 proparoxytonon,
1025 997 1348 1049 quandoquidem
1386 997 1472 1037 eius
1505 997 1665 1048 generis

129 1066 282 1106 formae
314 1065 672 1112 substantivorum,
703 1065 809 1104 unde
840 1064 1098 1116 descendunt,
1131 1066 1353 1115 sequuntur
1378 1063 1523 1114 legem,
1554 1064 1666 1103 velut

133 1126 366 1186 εὐρυάγυια,
395 1128 644 1181 τανυέθειρα,
674 1125 914 1181 κυανόπεζα,
945 1131 1043 1182 alia3
1074 1131 1123 1170 cf.
1151 1130 1272 1170 etiam
1296 1130 1459 1170 Lobeck
1490 1129 1666 1180 Paralip.

131 1198 228 1237 214.
278 1197 398 1248 Apud
429 1197 649 1237 Homerum
679 1197 802 1248 vulgo
827 1197 980 1248 legitur
1004 1195 1364 1248 κυανοπρωρείους,
1391 1195 1497 1246 quod
1522 1195 1665 1235 vitium

125 1262 279 1313 primus
317 1262 464 1302 sustuli
495 1274 530 1301 a.
565 1261 696 1311 1850,
736 1264 879 1312 postea
916 1276 951 1303 a.
986 1263 1099 1303 1858
1141 1261 1309 1301 eandem
1346 1262 1664 1302 emendationem

126 1327 336 1379 proposuit
368 1327 495 1367 Cobet
519 1327 620 1367 Nov.
646 1328 755 1368 Lect.
785 1330 881 1370 204.
931 1328 1036 1368 Item
1067 1341 1115 1367 ex
1146 1327 1377 1367 coniectura
1407 1327 1662 1379 trisyllabam

132 1393 376 1434 substantivi
405 1393 576 1434 formam
609 1393 703 1432 olim
734 1395 897 1434 restitui
933 1393 1040 1444 apud
1079 1393 1263 1443 Apollon.
1296 1392 1423 1432 Rhod.
1454 1392 1475 1431 I
1507 1394 1592 1433 372
1627 1393 1669 1433 οἱ

129 1456 173 1499 δὲ
202 1454 299 1498 κατὰ
330 1454 529 1511 πρῶειραν
559 1457 634 1498 ἔσω
666 1454 773 1509 ἁλός,
808 1460 928 1511 idque
958 1459 1040 1498 iam
1064 1458 1298 1509 planissime
1324 1457 1575 1498 confirmavit
1599 1458 1666 1500 Et.
1689 1479 1698 1487 ·

127 1524 234 1564 Flor.
262 1523 395 1563 Miller
420 1523 531 1563 Misc.
559 1524 655 1563 256.
717 1525 907 1566 Fortasse
945 1524 1067 1564 etiam
1097 1536 1161 1574 ap.
1192 1523 1414 1562 Homerum
1446 1521 1518 1562 Od.
1551 1539 1575 1563 ν
1606 1525 1664 1564 84

127 1584 182 1638 ὣς
206 1584 285 1641 ἄρα
308 1590 377 1641 τῆς
402 1584 609 1641 πρώειρα
633 1584 781 1641 ἀείρετο
802 1590 1066 1639 scribendum,
1091 1588 1162 1628 ubi
1186 1589 1383 1628 traditum
1406 1584 1567 1641 πρύμνη
1593 1586 1665 1641 μὲν

130 1655 342 1695 manifesto
373 1654 517 1694 mendo
548 1655 708 1695 laborat
739 1658 780 1695 et
809 1668 938 1706 nuper
967 1650 1105 1712 πρῴρη
1137 1652 1208 1707 μὲν
1239 1654 1472 1694 restitutum
1504 1657 1577 1695 est.

845 1795 944 1839 242.

244 1893 489 1944 Hesychius:
520 1888 717 1941 Πτωκὰς
746 1888 990 1946 κύπειρος·
1021 1889 1129 1947 παρὰ
1160 1893 1311 1948 Σιμμία
1341 1888 1368 1945 ἡ
1398 1889 1492 1944 πόα,
1518 1889 1585 1932 διὰ
1615 1889 1660 1934 τὸ

127 1954 311 2012 χθαμαλὴ
356 1953 468 1999 εἶναι.
536 1957 725 2010 Corrigas
768 1958 1036 2012 Σιμωνίδῃ,
1078 1971 1172 1998 nam
1216 1971 1265 1998 ex
1310 1960 1448 2009 poeta,
1490 1971 1571 1998 non
1613 1970 1661 1996 ex

125 2024 415 2076 glossographo
441 2024 613 2074 petitum
632 2036 720 2064 esse
739 2015 1014 2063 manifestum:
1041 2023 1230 2063 Simmiae
1256 2026 1393 2063 autem
1416 2023 1659 2063 carminibus

127 2089 319 2140 Hesychii
356 2091 538 2129 auctores
574 2103 655 2130 non
694 2102 782 2130 esse
826 2102 920 2130 usos
960 2092 1126 2131 certum.
1188 2088 1377 2130 Ceterum
1417 2089 1465 2128 cf.
1491 2089 1659 2128 Theocr.

127 2154 147 2193 I
182 2156 264 2194 106
295 2153 402 2206 τηνεὶ
433 2150 562 2207 δρύες,
594 2147 670 2195 ὧδε
700 2151 898 2208 κύπειρος.

758 2295 856 2338 243.
891 2295 1025 2348 [122]

246 2379 373 2419 Tzetz.
411 2380 462 2419 ad
499 2379 660 2420 Hesiod.
697 2378 771 2431 Op.
811 2395 848 2421 v.
881 2382 984 2421 372:
1022 2380 1210 2431 Κωτίλη
1248 2374 1273 2431 ἦ
1310 2375 1474 2432 χελιδὼν
1511 2375 1578 2419 διὰ
1614 2394 1657 2419 το

129 2442 246 2494 λοὶλος
276 2440 377 2485 εἶναι
407 2440 515 2497 παρά
543 2458 582 2484 τε
608 2440 858 2498 Ἀνακρέοντι
886 2443 952 2485 καὶ
983 2445 1190 2499 Σιμωνίδῃ
1220 2447 1402 2485 καλεῖται.

775 2584 873 2628 244.
906 2585 1013 2641 [sa]

245 2672 437 2723 Hesych.:
469 2665 703 2722 Νεαιρήῖσιν
727 2669 877 2721 ἵπποις,
900 2673 982 2719 τοῖς
1005 2666 1084 2711 ἀπὸ
1109 2670 1301 2722 Νεαίρας·
1333 2667 1400 2709 καὶ
1425 2668 1657 2721 Σιμωνίδης

127 2737 343 2789 Νεαίραν
372 2733 476 2790 (cod.
510 2731 710 2789 ναιαίραν)
741 2731 947 2788 γνάθον,
978 2733 1132 2787 Νέαιρα
1163 2732 1206 2774 δὲ
1237 2734 1381 2787 χωρίον
1412 2732 1456 2774 ἔν
1486 2730 1656 2790 Λήμνῳ.

126 2802 343 2843 novissima
390 2802 487 2842 haec
535 2801 772 2851 proscripsit
814 2799 1009 2851 Schmidt3
1053 2800 1274 2840 Simonides
1318 2799 1513 2841 adiectivo
1557 2812 1654 2840 usus

127 2866 287 2918 scripsit
316 2863 515 2919 νέαιραν
544 2861 740 2919 γνάθον.
