1864 3126
190 156 276 200 258
521 184 523 186 >
751 152 944 191 POETAE
970 152 1149 190 MELICI.

898 265 918 306 1
925 265 952 307 2
966 263 1014 307 Β.

289 350 556 390 Λευκίππων
589 348 659 389 ἔπι
691 348 843 390 δίνεαι.

821 466 874 507 13
891 466 941 509 Α.
975 466 1080 518 [11.]

274 546 418 606 ’Ἑρως
449 549 692 605 παρθένιος
723 546 853 607 πόθῳ

286 623 478 675 στίλβων
510 619 583 663 καὶ
615 618 934 676 γεγανωμένος.

829 728 1083 794 13Π3.[37]

290 815 435 874 Οὗτος
465 816 601 878 δηῦτε
632 823 874 871 Θαλυσίοις

287 897 424 937 τίλλει
457 891 560 944 τοὺς
590 894 907 943 κυανασπίδας.

854 1011 1061 1064 14.[15]

289 1097 472 1152 Σφαίρῃ
505 1088 643 1150 δηῦτέ
670 1111 723 1150 με
753 1093 986 1150 πορφυρέῃ

288 1165 467 1222 βάλλων
497 1163 777 1223 χρυσοκόμης
795 1162 940 1220 ’Έρως

291 1236 395 1293 νήνι
427 1234 815 1294 ποικιλοσαμβάλῳ

411 1311 670 1365 συμπαίζειν
700 1310 1002 1365 προκαλεῖται·

196 1436 252 1475 ὅτι
277 1436 345 1484 τὴν
364 1435 526 1483 θήλειαν
545 1434 656 1472 κάσιν
676 1435 784 1482 εἶπε,
803 1435 839 1472 εἰ
855 1433 904 1482 μὴ
924 1432 1099 1480 ἀποκοπή
1123 1431 1201 1470 ε’στι
1218 1434 1286 1470 τοῦ
1307 1432 1547 1480 κασιγνήτην.
1580 1434 1719 1480 Scripsi

199 1484 281 1523 οὔτ’
310 1483 416 1532 ἐμὴν,
436 1485 559 1535 κ(301)σὲεῇ
584 1482 669 1520 οὔτε
697 1482 781 1530 μήν.

292 1558 350 1594 Fr.
379 1556 470 1592 1213.
519 1555 579 1591 Et.
605 1555 701 1591 Flor.
726 1555 851 1590 Miller
875 1553 979 1589 Misc.
1006 1557 1095 1589 208:
1127 1551 1288 1599 μύθεαι·
1316 1550 1494 1598 δεύτερον
1520 1550 1720 1598 πρόσωπον

195 1605 413 1651 παθητικοῦ
446 1601 646 1644 ἐνεστῶτος
677 1630 685 1638 .
712 1632 720 1639 .
748 1629 756 1637 .
787 1599 891 1647 παρὰ
920 1602 971 1650 τῷ
998 1598 1245 1646 Ἀνακρέοντι·
1276 1601 1492 1636 λευκίππων
1523 1598 1722 1637 ἔπιδίνεαι.

199 1653 335 1698 Scripsi
363 1650 437 1687 ἔπι
462 1653 547 1696 ew„
572 1650 705 1696 prioris
731 1661 858 1686 versus
884 1649 1052 1685 clausula
1076 1649 1149 1684 fuit
1173 1645 1387 1694 ἁρμάτων
1411 1648 1473 1684 vel
1498 1644 1624 1694 ὄχων.

292 1724 351 1759 Fr.
382 1727 423 1758 13
433 1724 475 1758 A.
524 1721 712 1758 Plutarch.
739 1720 840 1756 Erot.
867 1731 896 1756 c.
923 1723 962 1755 4:
994 1716 1124 1760 Οὕτως
1156 1717 1247 1765 ε”ρως
1278 1715 1298 1754 ὁ
1324 1716 1476 1764 γνήσιος
1501 1717 1521 1754 ὁ
1547 1716 1723 1759 παιδικός

198 1769 309 1814 ἐστιν,
336 1767 380 1805 οὗ
405 1767 517 1817 πόθῳ
543 1770 710 1815 στίλβων,
737 1765 786 1808 ὡς
812 1766 885 1813 ἔφη
912 1765 976 1802 τὸν
1001 1765 1212 1812 παρθένιον
1235 1763 1449 1812 Ἀνακρέων,
1476 1763 1566 1802 οὐδὲ
1593 1763 1720 1812 μύρων

199 1815 401 1858 α’νοὶπλεως
425 1817 489 1852 καὶ
519 1814 797 1862 γεγανωμένος,
830 1812 924 1850 ἄλλα
956 1813 1058 1850 λιτὸν
1089 1811 1206 1849 αὐτὸν
1238 1810 1329 1859 ὄψει
1359 1813 1424 1849 καὶ
1455 1811 1654 1860 ἄθρυπτον
1680 1811 1722 1850 έν

203 1869 352 1911 σχολαῖς
378 1861 607 1909 φιλοσόφων.
659 1863 763 1899 Unde
788 1863 881 1898 duos
906 1861 1108 1898 versiculos
1131 1861 1288 1898 restitui.

292 1937 350 1972 Fr.
381 1939 422 1970 13
433 1936 473 1970 Β.
522 1934 582 1969 Et.
595 1934 693 1970 Flor.
707 1933 831 1969 Miller
843 1933 945 1968 Misc.
961 1937 1048 1968 266:
1074 1933 1222 1972 Σίλλος·
1246 1929 1449 1977 Ἀνακρέων
1470 1928 1512 1966 έν
1532 1932 1586 1973 τῷ
1606 1928 1720 1975 πρῶ-

198 1993 272 2032 τῳ·
312 1977 421 2023 οὗτος
459 1981 529 2017 Διΐ
547 1979 582 2016 τ’
621 1980 789 2021 ἇλυσίοις
818 1982 931 2016 τίλλει
960 1978 1049 2020 τοὺς
1079 1980 1323 2019 κυνασπίὸας.
1377 1979 1417 2014 et
1449 1982 1534 2014 162:
1563 1975 1717 2019 Ἴαλλος·

196 2028 400 2076 Ἀνακρέων
432 2027 634 2074 Ἰηλυσίους
663 2030 778 2063 τίλλει
809 2028 1005 2068 κασπίδας.
1057 2036 1151 2072 quae
1177 2025 1389 2070 emendavi,
1414 2037 1501 2060 nam
1522 2022 1723 2070 Ἰηλνσίους

203 2078 375 2123 quamvis
412 2077 621 2123 speciosum
651 2086 886 2111 numerorum
918 2075 994 2120 legi
1024 2074 1256 2118 adversatur,
1293 2073 1566 2108 commendavit
1595 2075 1721 2109 tamen

198 2125 350 2169 Nauck,
382 2123 528 2160 nescius
567 2123 738 2174 siabilem
771 2121 911 2167 dactyli
943 2122 1069 2157 sedem
1099 2121 1139 2156 in
1169 2121 1241 2156 hoc
1270 2131 1442 2156 versuum
1474 2131 1609 2166 genere
1640 2131 1722 2156 esse

199 2173 298 2218 apud
324 2172 606 2216 Anacreonfem,
629 2180 750 2215 neque
775 2169 929 2205 ferenda
953 2167 1138 2214 correptio
1163 2167 1306 2204 vocalis
1329 2172 1367 2212 ῦ,
1393 2178 1488 2212 quae
1514 2168 1628 2214 longa
1651 2168 1720 2211 est,

201 2221 247 2255 cf.
275 2219 323 2255 ad
347 2218 504 2254 Timocr.
530 2219 573 2253 fr.
602 2222 632 2254 1.
660 2238 702 2242 —
724 2217 768 2252 V.
795 2221 816 2251 2
843 2216 994 2252 exhibet
1024 2215 1082 2251 Et.
1109 2214 1158 2252 M.
1187 2219 1268 2260 713,
1295 2220 1334 2251 7:
1360 2215 1474 2250 σίλλοι
1501 2211 1721 2261 ἕπίσκωμμα

198 2265 295 2303 κατοὶ
321 2263 464 2312 τροπὴν
489 2266 555 2301 τοῦ
581 2279 602 2300 τ
626 2263 679 2306 εἰς
704 2276 726 2300 σ
749 2266 863 2300 τίλλοι
887 2276 996 2304 τινες.
1038 2263 1173 2298 τίλλειν
1198 2260 1242 2298 δὲ
1267 2261 1309 2298 τὸ
1330 2259 1526 2308 σκώπτειν,
1553 2259 1602 2302 ὡς
1619 2260 1720 2307 λέγει

195 2313 417 2360 Ἀνακρέων·
450 2314 594 2348 τίλλει
620 2309 724 2353 τούς
749 2309 953 2358 κυάμους
979 2307 1279 2355 ἄσπιὸιώτης,
1303 2310 1360 2346 ita
1384 2309 1509 2355 vulgo,
1543 2309 1607 2345 sed
1631 2308 1719 2344 libri

200 2363 360 2397 multum
391 2360 620 2406 discrepant,
653 2360 686 2394 V
716 2356 839 2400 κύνας.
859 2359 1011 2403 σπίδας,
1045 2357 1083 2392 Μ
1113 2358 1364 2403 κυνασπίδας,
1396 2357 1428 2392 D
1461 2369 1561 2403 κυμα
1592 2353 1720 2391 ἅσπιὸ.

200 2409 254 2445 Cf.
279 2408 369 2444 ibid.
396 2412 477 2452 463,
505 2413 547 2443 16
574 2409 612 2443 et
636 2407 750 2443 Orion
778 2410 856 2450 148,
885 2410 940 2441 12.

293 2480 350 2516 Fr.
379 2483 433 2516 14.
484 2478 618 2516 Afihen.
638 2476 727 2512 XIII
746 2476 868 2513 5990:
893 2474 1119 2522 Χαμαιλέων
1144 2472 1181 2510 δ’
1210 2472 1251 2511 ἐν
1275 2475 1326 2523 τῷ
1345 2474 1432 2520 περὶ
1450 2474 1639 2519 Σαπφοῦς
1656 2473 1721 2509 καὶ

197 2526 322 2573 λέγειν
353 2525 458 2567 τινοὶς
489 2538 604 2572 φησιν
635 2524 688 2566 εἰς
718 2521 838 2570 αὐτὴν
870 2524 1104 2568 πεποιῆσθαι
1144 2520 1218 2558 ὑπὸ
1253 2519 1574 2567 Ἀνακρέοντος
1610 2519 1719 2556 τάδε·

198 2576 381 2621 Σφαίρῃ
414 2576 489 2610 κτλ.
539 2573 660 2619 Ipsius
689 2572 790 2607 haud
822 2570 933 2606 dubie
966 2570 1207 2606 Anacreontis
1242 2581 1390 2605 carmen
1425 2570 1499 2613 est,
1533 2569 1596 2604 sed
1623 2568 1721 2603 male

197 2624 348 2666 poetam
374 2622 421 2657 ad
448 2621 685 2666 Sapphonem
708 2619 914 2665 respexisse
932 2619 1169 2663 putaverunt.
1208 2616 1384 2652 Welcker
1403 2616 1510 2662 (Mus.
1530 2616 1648 2651 R-hen.
1669 2614 1721 2650 XI

199 2674 269 2704 230
283 2671 401 2714 seqq.)
427 2670 554 2704 censet
578 2667 740 2713 priorem
759 2667 905 2702 tantum
925 2665 1118 2711 stropham
1138 2663 1392 2707 Anacreontis,
1419 2674 1544 2699 versus
1565 2663 1721 2698 novissi-

201 2728 281 2752 mos
307 2715 527 2752 subditicios
554 2725 643 2751 esse.
671 2735 714 2740 ——
740 2714 784 2749 V.
814 2718 844 2748 1.
871 2713 1023 2759 Σφαίρῃ
1051 2705 1168 2758 δηῦτέ
1191 2724 1235 2757 με
1263 2710 1416 2755 Seidler,
1441 2710 1554 2756 vulgo
1580 2710 1720 2756 σφαίρῃ

200 2764 309 2799 δεῦτε
339 2776 382 2810 με
411 2763 478 2808 (sic
498 2763 540 2807 L,
567 2762 764 2807 σφεραῖρει
789 2774 833 2807 με
855 2761 899 2805 V,
925 2760 1120 2805 σφεραίρει
1138 2771 1189 2816 με
1211 2759 1264 2804 Ρ).
1292 2779 1335 2784 -
1361 2756 1557 2804 πορφυρέῃ
1577 2754 1721 2803 βάλλων

201 2811 324 2855 Pauw,
351 2810 456 2846 codd.
482 2806 650 2855 πορφύρ’
679 2806 892 2854 ε’νιβάλλων.
913 2827 956 2833 -
978 2807 1021 2843 V.
1041 2811 1073 2842 3.
1100 2819 1187 2852 νηνι
1211 2801 1538 2852 ποικιλοσαμβάλῳ
1565 2803 1720 2848 Seidler,

141 2879 146 2883 ·
202 2858 306 2893 codd.
333 2871 417 2902 νηνι
443 2859 555 2903 (νυνι)
580 2857 746 2896 ποικίλος
770 2852 960 2903 λαμβάνω.
999 2854 1053 2888 Cf.
1079 2852 1137 2890 Et.
1165 2852 1268 2888 Sorb.
1295 2853 1369 2897 (Et.
1395 2851 1445 2888 M.
1465 2855 1546 2896 448,
1565 2855 1609 2887 29
1628 2853 1721 2895 not.)

200 2902 303 2950 Μήτι
329 2903 392 2939 διὰ
418 2905 485 2939 τοῦ
510 2912 535 2947 f,
561 2901 684 2949 ὥσπερ
709 2900 786 2938 ἀπὸ
811 2903 879 2938 τοῦ
904 2900 1032 2941 νεανὶς
1057 2898 1154 2936 κατὰ
1181 2901 1314 2945 κρᾶσιν
1346 2901 1491 2944 γίνεται
1515 2895 1632 2944 νήνις,
1656 2897 1721 2933 καὶ
