1864 3126
249 147 333 189 180
527 183 529 187 .
807 148 997 184 ΡΟΕΤΑΕ
1022 148 1200 185 MELIGI.

902 257 971 298 93.
1003 257 1109 309 [51]
1125 228 1149 249 ⁰

814 337 1067 397 (Ταντάλῳ)

314 413 490 451 κεῖσθαι
522 423 602 464 περ
633 406 828 464 κεφάλας
859 408 1012 464 μέγας,
1045 402 1079 451 ὦ
1112 410 1347 464 Αἰσιμίδα,
1377 412 1518 461 λίθος.

828 516 842 533 ”
901 551 970 592 94.
1003 551 1107 604 [10]
1576 526 1580 530 ’
1694 563 1763 596 956

307 625 406 687 ςΗρ’
442 633 524 686 ἔτι,
559 631 835 687 Διννομένῃ,
866 633 927 692 τῷ
966 632 1208 691 Τυρραδήῳ

313 699 508 758 τᾶρμενα
539 700 715 758 λάμπρα
746 699 892 745 κέαντ’
928 702 976 746 ἐν
1011 701 1279 762 Μυρσιλήῳς

243 864 385 911 scripsi,
410 865 482 901 nisi
507 866 600 902 forte
626 865 739 901 medii
765 866 868 901 verbi
899 866 1040 911 species
1073 864 1213 912 δάμναι
1237 866 1510 912 praeoptanda,
1542 867 1587 902 cf.
1613 867 1763 904 Lobeck

243 913 360 949 Elem.
387 913 420 947 ΙΙ
447 917 514 948 123
542 916 579 948 et
604 916 691 956 308,
724 924 811 947 nam
837 910 981 958 δάμνης
1011 915 1054 947 ut
1078 915 1188 949 antea
1213 914 1313 949 edidi
1347 915 1523 950 abhorret
1547 914 1595 949 ab
1619 914 1764 951 Aeolici

243 960 422 995 sermonis
442 957 952 1005 000300111ᾶ100,δάμνασαι,
979 960 1078 1005 quod
1097 960 1232 1005 aliquis
1251 961 1410 997 fortasse
1429 960 1616 1007 coniiciat,
1641 963 1764 998 acata-

242 1007 380 1042 lectum
406 1008 661 1042 hexametrum
686 1007 821 1050 reddit,
855 1019 929 1051 quo
955 1006 1088 1052 Ibycus
1114 1020 1199 1044 usus
1225 1009 1298 1053 est,
1328 1008 1499 1044 Aeolicos
1525 1011 1655 1053 poetas
1679 1020 1764 1044 usos

243 1064 322 1089 esse
347 1065 422 1088 non
445 1057 604 1110 constat,
631 1053 717 1089 libri
743 1053 917 1099 δάμνησι,
944 1053 1050 1090 Giese
1076 1037 1382 1100 δάμνη,Α11’1·0110
1407 1052 1557 1101 δάμναι.
1593 1055 1764 1092 Meineke

243 1101 407 1136 servavit
439 1097 463 1136 ἃ
497 1100 615 1147 μέγαν
643 1099 805 1146 δάμνησι
837 1102 970 1146 (metro
996 1113 1068 1136 non
1093 1105 1193 1137 recte
1220 1102 1408 1148 discripto,
1433 1113 1520 1137 nam
1544 1101 1693 1138 rettulit
1716 1103 1766 1138 ad

242 1161 276 1183 v.
291 1151 342 1192 2).
369 1159 497 1183 versus
512 1149 660 1192 quidem
675 1159 848 1183 numerus
861 1149 1088 1194 commodus,
1113 1160 1200 1184 nam
1214 1149 1492 1184 Archilochium
1508 1149 1579 1184 erit
1591 1151 1763 1193 metrum,

243 1195 307 1230 sed
333 1195 489 1230 offendit
513 1195 674 1231 insolens
699 1194 943 1230 Aeolensibus
969 1178 1088 1231 verbi⁷
1105 1196 1284 1239 clausula,
1315 1197 1507 1253 multoque
1538 1196 1657 1253 magis
1683 1207 1764 1232 cor-

242 1242 364 1286 reptio
390 1243 731 1288 antepaenultimae
763 1242 939 1287 syllabae.
977 1243 1188 1287 Aliquando
1221 1243 1361 1279 conieci
1392 1239 1416 1278 ὂὶ
1449 1241 1516 1288 μέγ
1519 1256 1544 1278 α
1576 1241 1631 1279 δα
1642 1256 1762 1289 μαις

242 1292 285 1324 ut
308 1288 467 1324 Alcaeus
493 1301 578 1324 usus
599 1289 649 1324 sit
667 1301 786 1334 versu,
811 1300 920 1334 quem
941 1290 1118 1335 μείουρον
1139 1290 1285 1325 metrici
1304 1289 1507 1336 appellant,
1528 1291 1628 1335 quod
1646 1302 1763 1336 genus

242 1335 352 1371 metri
375 1335 512 1381 tragici
536 1338 670 1381 poetae
694 1337 834 1382 passim
859 1336 1051 1380 adhibent,
1076 1337 1231 1372 seriores
1254 1337 1550 1382 frequentavisse
1575 1337 1760 1374 videntur.

241 1382 347 1418 Blass
372 1384 414 1418 ut
438 1395 563 1419 versus
595 1385 818 1429 exaequaret
847 1383 1008 1428 priorem
1039 1395 1130 1420 voce
1162 1382 1257 1430 μέγα
1288 1384 1481 1428 terminat,
1507 1386 1550 1419 ut
1573 1381 1760 1442 άργάλεον

239 1430 485 1488 trisyllabum
511 1431 593 1475 fiat,
626 1431 726 1487 quod
755 1431 1050 1474 improbandum.
1089 1452 1133 1456 -
1166 1431 1209 1466 V.
1245 1435 1277 1467 2.
1310 1411 1521 1488 ἀμαχανίᾳ,
1553 1431 1643 1467 libri
1664 1428 1719 1477 ἄμ
1692 1445 1761 1478 μ-η

241 1478 364 1525 χανίᾳ.
393 1498 437 1503 -
463 1458 645 1526 ἄδελφέᾳ,
671 1474 842 1522 άὸελφέα
868 1476 976 1512 Vind.
983 1476 1186 1535 ,άδελφεᾷ
1212 1479 1337 1524 vulgo,
1363 1459 1528 1536 ἄδελφία
1553 1479 1708 1514 Ahrens.

334 1513 394 1560 ‘Fra
421 1529 476 1560 93.
529 1514 650 1560 Schol.
676 1524 784 1560 Pind.
811 1524 866 1560 01.
894 1524 910 1558 I
936 1528 998 1560 97·
1030 1526 1106 1560 Καὶ
1128 1522 1288 1566 Ἀλκαῖος
1319 1524 1361 1561 δὲ
1387 1525 1452 1560 καὶ
1475 1515 1626 1572 Ἀλκμάν
1651 1527 1762 1561 λάθον

241 1572 358 1615 φασὶν
400 1569 675 1629 ἐπαιωρεῖσθαι
711 1572 761 1607 τῶ
803 1569 982 1607 Ταντάλω
1019 1574 1173 1607 κεῖσθαι
1206 1573 1452 1618 παρκεφαλᾶς
1483 1573 1600 1630 (Vrat.
1631 1573 1761 1608 DVat2

239 1616 342 1675 παρὰ
363 1620 464 1676 κεφ.)
483 1618 600 1664 μέγας
625 1632 702 1660 ωας
720 1608 837 1663 (Vrat.
858 1620 941 1664 Πμ
916 1632 1032 1664 μεγας
1058 1646 1161 1655 .....
1163 1622 1175 1664 )
1202 1620 1331 1664 σιμίδα
1354 1621 1485 1660 λίθος·
1511 1617 1531 1655 ὁ
1552 1617 1590 1655 δ’
1607 1617 1762 1666 Ἀλκμὰν

241 1661 360 1706 ὅπως
385 1663 500 1712 ἀνὴρ
526 1669 600 1701 κτλ.
627 1665 681 1701 ita
706 1666 906 1702 Schneider
926 1666 1054 1702 edidit.
1093 1667 1223 1702 Alcaei
1240 1666 1522 1713 fragmentum
1511 1679 1549 1701 m
1567 1667 1626 1702 his
1644 1667 1762 1703 latere

239 1713 488 1759 manifestum,
513 1713 640 1758 itaque
667 1713 817 1749 Boeckh
842 1713 1007 1758 scripsit:
1035 1711 1308 1758 ἐπαιωρεῖσθαι
1334 1714 1384 1762 τῷ
1407 1711 1606 1749 Ταντάλω·
1633 1711 1652 1748 ὁ
1679 1713 1761 1760 μὲν

236 1756 451 1800 Ἀλκαῖος-
479 1763 667 1796 κεῖσθαι
692 1763 766 1796 κτλ.
794 1761 858 1795 sed
883 1761 991 1805 plura
1016 1761 1188 1796 videntur
1213 1751 1405 1806 excidisse,
1430 1761 1532 1796 haud
1552 1727 1762 1797 (10111ομ1101-

240 1818 302 1841 sus
327 1807 484 1853 integer,
509 1809 663 1853 propter
687 1807 888 1853 repetitum
913 1819 1049 1843 nomen
1077 1802 1244 1852 Tantali;
1270 1808 1340 1844 hoc
1365 1807 1491 1863 igitur
1499 1808 1636 1844 Alcaeo
1654 1808 1760 1844 resti-

239 1853 295 1888 tui
321 1854 491 1898 (fortasse
516 1856 629 1899 poeta
656 1854 801 1890 dixerat
825 1851 866 1890 ἐν
891 1855 1008 1910 λίμνα
1029 1851 1066 1889 δ’
1094 1835 1244 1911 ἐνέρων
1252 1853 1399 1900 λέγεται
1425 1853 1534 1890 στάδι
1555 1853 1761 1902 Ταντάλῳ),

240 1902 278 1936 et
312 1901 445 1936 deinde
477 1913 561 1936 cum
591 1901 774 1936 Ahrensio
805 1914 875 1946 περ
908 1899 1077 1945 κεφάλας
1107 1901 1193 1936 11.1.
1225 1899 1320 1947 ὑπὲρ
1352 1903 1456 1939 κ.01·,
1487 1896 1514 1936 ὦ
1546 1901 1678 1948 Αἰσιμ
1685 1903 1760 1938 ι’δα

241 1947 388 1992 scripsi,
424 1948 522 1992 quod
553 1948 663 1992 plane
697 1948 929 1984 confirmavit
953 1948 1085 1993 VaH2,
1118 1949 1158 1983 in
1183 1960 1255 1994 quo
1282 1949 1386 1984 extat
1409 1961 1544 1994 ωαισιμ
1546 1950 1620 1985 ι’δα.
1652 1916 1759 1985 μῦον-

238 1995 331 2029 hard
370 1995 462 2030 coni.
495 1999 617 2030 κεῖται
648 2009 723 2039 παρ
755 1992 928 2050 κεφαλὰν
960 1994 1076 2051 μέγας
1113 1993 1228 2040 ὤρεος
1248 1996 1422 2052 (Ahrens
1453 1963 1574 2051 ὄρεος)
1608 1994 1760 2032 Σιπύλω

236 2042 356 2085 λίθος,
387 2041 560 2094 Hartung
591 2045 745 2077 κεῖσθαι
775 2039 871 2087 ὑπὲρ
903 2040 1072 2086 κεφάλας
1096 2042 1212 2087 μέγας
1237 2039 1328 2087 ωρεϊ
1355 2045 1359 2086 Ι
1389 2039 1430 2078 έν
1461 2044 1615 2091 Σιπνλῳ
1641 2044 1758 2084 λίθος.

238 2088 342 2123 Blass
367 2089 415 2123 ad
440 2087 540 2124 idem
566 2099 715 2124 carmen
738 2088 862 2132 refert,
886 2089 984 2123 unde
1009 2089 1052 2125 fr.
1079 2093 1122 2124 25
1149 2090 1205 2124 est
1229 2089 1398 2144 petitum.

332 2135 390 2170 Fr.
416 2139 471 2170 94.
522 2136 723 2180 Hephaest.
750 2139 815 2171 90.
844 2133 896 2170 Τὸ
924 2132 1238 2181 έγκωμιολογικόν
1263 2133 1509 2194 καλούμενον,
1521 2149 1634 2194 οπερ
1661 2133 1760 2172 ἐστὶν

238 2179 279 2216 ἐκ
306 2182 533 2217 δακτυλικοῦ
555 2182 889 2242 πενθημιμεροῦς
899 2182 963 2217 καὶ
992 2181 1172 2239 ἰαμβικοῦ
1203 2196 1270 2218 του
1303 2184 1398 2228 ἴσον,
1430 2178 1459 2231 ᾦ
1485 2182 1663 2241 κέχρηται
1687 2182 1757 2229 μὲν

236 2229 302 2263 καὶ
323 2225 522 2269 'Al-name
547 2226 594 2265 ἐν
620 2227 806 2285 ᾄσματι,
839 2223 891 2264 οὗ
919 2226 943 2274 ἡ
978 2226 1111 2275 ἀρχή·
1132 2223 1217 2275 Ηρ’
1247 2228 1313 2264 ἔτι
1346 2219 1597 2276 Δινομένει
1623 2231 1759 2274 (ὃιννο-

237 2275 330 2320 μένη
357 2265 641 2334 FIBHCPSEA)
667 2277 722 2325 τῷ
752 2273 1001 2334 TpQQamffrp
1028 2277 1091 2322 (τῶ
1117 2274 1312 2333 τυρρακήω
1340 2277 1475 2320 CPSE,
1506 2278 1556 2325 τῷ
1587 2276 1759 2326 τυράκκφ

235 2323 362 2367 FIBH)
389 2320 595 2369 τᾶρμενα
619 2321 800 2369 λαμπρά
826 2320 953 2358 κέατ’
979 2312 1030 2359 ἐν
1056 2321 1287 2370 μυρσινήῳ
1314 2325 1395 2369 (A.
1422 2351 1430 2359 .
1457 2304 1589 2372 σίνήῳ,
1611 2325 1644 2359 Ρ
1668 2338 1758 2370 μκυρ

236 2417 371 2450 σηννω,
396 2404 489 2440 DES
516 2419 590 2451 μυρ
570 2407 718 2451 ρσίννω,
742 2405 847 2440 FlCB
873 2406 1061 2453 μυρσίνῳ).
1106 2405 1195 2441 Loci
1218 2405 1406 2441 restitutio
1431 2416 1581 2451 prorsus
1606 2405 1759 2452 incerta,

235 2463 282 2486 ne
307 2452 402 2487 illud
427 2452 577 2505 quidem
604 2455 757 2497 certum,
783 2454 921 2488 utrum
934 2450 1145 2498 Διννομένη
1171 2452 1331 2489 vocandi
1355 2464 1403 2488 an
1428 2452 1541 2488 dandi
1565 2452 1615 2488 sit
1640 2463 1759 2498 casus,

237 2499 410 2543 equidem
435 2499 530 2534 1llud
555 2499 786 2552 praeoptavi.
836 2499 1049 2534 Proximum
1079 2510 1234 2544 nomen,
1267 2510 1491 2544 quamquam
1521 2499 1622 2535 haud
1647 2500 1758 2536 dubie

236 2546 404 2581 Pittacus
428 2547 597 2591 notatur,
629 2558 703 2583 non
728 2558 848 2582 minus
872 2545 1089 2592 ambiguum
1115 2548 1188 2581 est:
1221 2546 1353 2592 scripsi
1381 2547 1431 2594 τῷ
1467 2545 1686 2599 Τνρραὸήῳ,
1711 2547 1758 2584 cf.

235 2592 380 2628 Ahrens
406 2593 502 2628 Dial
530 2594 632 2629 Aeol.
661 2598 728 2629 157
755 2594 835 2639 (qui
859 2593 1008 2638 quidem
1034 2592 1133 2629 infra
1151 2597 1219 2629 252
1247 2582 1417 2629 Seidleri
1422 2592 1674 2629 coniecturam
1699 2605 1757 2629 se—

235 2639 392 2684 quitur),
428 2640 492 2675 secl
518 2641 659 2686 ambigi
689 2641 830 2694 potest,
862 2651 911 2675 an
934 2640 1030 2676 forte
1055 2641 1104 2688 τῷ
1138 2637 1344 2698 ,Ρυρραὸήῳ
1370 2641 1550 2696 praestet,
1573 2641 1755 2696 quemad-

235 2687 387 2722 modum
413 2686 671 2745 Schneidewin
696 2687 824 2723 edidit.
875 2687 1017 2722 Seidler
1043 2676 1265 2745 Διννομένει
1291 2689 1340 2735 τῷ
1365 2701 1384 2721 τ
1423 2682 1628 2743 ’Τρραδήῳ,
1654 2688 1757 2723 Neue

237 2732 438 2790 Awophf'vu
462 2734 512 2781 τῷ
539 2731 573 2768 τ’
598 2731 806 2782 ’Τρρακήῳ,
833 2734 1023 2769 Hermann
1048 2732 1259 2787 Διννομένῃ
1285 2746 1323 2769 τε
1349 2731 1567 2790 Τυρρακήω.
1588 2754 1633 2760 -
1658 2734 1702 2772 V.
1723 2739 1756 2771 2.

235 2777 365 2814 ns'ocvt'
387 2770 528 2833 scripsi,
555 2793 639 2817 cum
659 2784 744 2817 ante
764 2778 944 2826 κρέμαντ’
967 2780 1176 2824 edidissem,
1203 2780 1348 2817 Seidler
1366 2777 1506 2826 κέοντ’,
1531 2762 1617 2816 iibri
1635 2778 1755 2818 κέατ’.

235 2825 405 2862 Κέανται
430 2826 648 2873 principalis
674 2830 731 2864 est
748 2829 881 2871 forma,
907 2828 1005 2863 unde
1025 2827 1155 2863 littera
1179 2827 1298 2863 nasali
1317 2827 1452 2862 extrita
1471 2828 1593 2863 ortum
1612 2827 1757 2873 κέαται,

235 2875 347 2917 atque
372 2875 502 2910 eadem
529 2875 664 2920 ubique
692 2875 878 2912 clausulae
903 2875 1066 2911 verbalis
1092 2888 1180 2909 arm
1211 2874 1325 2920 origo.
1376 2875 1632 2920 Incorruptam
1661 2875 1758 2911 anti-
