1864 3126
839 105 1074 170 Apuanos.
1640 102 1723 145 149

246 217 397 273 θῦμος
426 213 596 273 ὕμνην,
627 212 708 259 τὸν
738 212 960 272 κορύφαις
990 202 1044 258 ἐν’
1072 210 1229 265 αὔταις
1653 223 1723 256 932

247 290 378 333 Μαῖα
408 287 597 345 γέννατο
631 287 836 346 Κρονίδᾳ
866 288 1053 343 μίγεισα.

188 441 243 480 nii
265 441 483 480 testimonio
515 440 626 477 fidem
657 440 943 487 denegabimus,
974 439 1177 476 secundam
1208 449 1407 485 personam
1440 437 1540 485 apud
1567 435 1722 474 Lesbios

186 489 324 537 ubique
349 489 389 526 in
415 494 464 534 ’ἧς
488 487 632 534 cadere,
657 487 696 524 id
721 488 822 535 quod
847 488 993 524 Ahrens
1017 487 1124 524 fecit:
1151 486 1332 523 librorum
1357 486 1598 533 antiquorum
1623 484 1716 522 fides

185 537 284 575 hano
308 536 466 574 formam
498 536 690 581 tuebatur,
722 534 850 582 paucis
881 537 1031 571 tantum
1055 534 1148 571 locis
1173 534 1279 571 velut
1309 533 1370 571 hic
1396 535 1435 570 et
1459 534 1556 569 infra
1589 532 1634 569 fr.
1660 535 1719 577 49,

186 585 251 622 ubi
276 585 455 631 ambigua
477 583 752 630 interpretatio,
777 582 963 630 scriptura
986 586 1042 622 ἐᾟς
1067 582 1147 619 erat
1165 583 1385 629 propagata.
1425 581 1468 617 In
1487 581 1546 617 his
1566 580 1719 626 quidem

185 632 353 680 reliquiis
377 642 500 679 pauca
522 630 682 678 vestigia
705 630 850 668 formae
869 634 920 676 ’τῖς
945 631 1155 676 supersunt,
1180 627 1300 676 λύπης
1331 629 1374 664 fr.
1408 629 1534 675 adesp.
1562 632 1606 665 55
1615 629 1659 673 A,
1684 631 1720 673 4,

188 679 275 727 ἔχης
307 679 357 716 Sa
383 680 460 727 pho
493 679 538 716 fr.
565 683 622 724 90,
649 683 682 724 2,
711 676 839 725 πώνης
870 677 949 714 Alc.
982 677 1025 714 fr.
1061 681 1125 723 52,
1159 679 1290 714 contra
1322 676 1497 713 scribitur
1521 673 1719 723 ἀτιμάσεις

186 726 337 775 Sappho
377 739 405 764 r.
431 730 490 772 44,
514 724 687 773 πεδέχεις
712 727 750 762 et
774 722 970 772 φοιτάσεις
995 728 1051 770 68,
1077 729 1098 761 2
1125 726 1164 761 et
1181 728 1215 770 4,
1242 722 1374 770 φέρεις
1398 724 1440 764 fr.
1462 727 1507 760 95
1532 723 1603 769 bis,
1627 724 1719 759 item

185 775 301 813 semel
327 773 452 821 φέρες,
478 785 574 820 quae
599 774 784 820 correptio
808 773 910 810 haud
933 772 1148 819 infrequens
1174 773 1276 818 apud
1301 772 1510 816 Dorienses,
1534 782 1603 808 nec
1622 772 1717 807 Aeo-

183 822 349 860 lensibus
368 821 628 867 abiudicanda,
647 824 690 858 ut
708 819 829 868 ἄμμες
848 823 887 858 et
903 818 1025 868 ὔμμες
1044 821 1215 868 arguunt.
1251 820 1366 856 Porro
1393 818 1552 865 ἕχεισθα
1578 818 1717 865 Sapph.

184 870 228 906 fr.
255 874 312 916 22,
337 869 467 911 θέλεις
489 870 569 906 Alc.
595 870 640 906 fr.
661 873 718 914 82,
745 870 810 905 sed
834 869 934 905 haud
961 868 1072 904 dubie
1098 867 1341 904 Alexandrini
1367 866 1489 903 critici
1513 867 1572 903 his
1599 867 1718 903 omni-

183 918 252 955 bus
276 917 370 954 locis
395 917 554 954 formam
578 921 628 963 ff
647 916 906 961 exhibuerunt,
933 927 1045 963 quam
1069 915 1216 952 librarii
1247 915 1570 952 oblitteraverunt.
1604 914 1717 960 Apol-

183 965 304 1002 lonius
337 965 383 1002 de
414 964 538 1002 verbis
571 964 764 1010 barytonis
796 963 973 1010 loquitur,
1010 964 1077 1001 sed
1108 975 1153 1000 ex
1183 964 1254 999 hac
1279 962 1605 1008 argumentatione
1632 973 1718 998 con-

183 1013 286 1050 ficias
311 1012 426 1050 etiam
451 1012 648 1049 verborum
681 1024 778 1059 quae
810 1012 950 1048 cadunt
979 1012 1019 1048 in
1048 1015 1120 1057 ῆμῒ
1140 1012 1220 1056 (εω)
1254 1009 1412 1047 eandem
1438 1009 1646 1046 clausulam
1670 1013 1718 1056 ’ῆξ

179 1059 310 1097 fuisse:
336 1071 423 1097 nam
444 1072 528 1096 cum
546 1060 816 1106 grammaticus
834 1059 930 1096 illud
957 1061 990 1096 Ο
1008 1060 1218 1095 ΜΕΔΕΙΣ
1240 1058 1289 1094 ad
1315 1059 1469 1094 verbum
1495 1056 1636 1104 μέδημι
1659 1068 1716 1093 re-

183 1109 296 1145 vocat
334 1109 372 1144 et
402 1107 645 1154 participium
677 1107 866 1154 agnoscit,
904 1109 1064 1153 apparet
1093 1117 1189 1153 pers.
1223 1111 1244 1142 2
1276 1105 1391 1142 fuisse
1423 1105 1556 1152 μέδης,
1594 1106 1634 1141 et
1664 1105 1716 1141 sic

183 1155 336 1202 Sappho
369 1155 411 1192 fr.
439 1159 484 1192 22
511 1157 693 1201 φίλησθα.
743 1155 822 1192 Iam
853 1156 940 1192 utra
970 1155 1090 1192 forma
1124 1154 1174 1190 sit
1198 1153 1474 1200 praeoptanda,
1504 1164 1580 1189 non
1604 1152 1716 1189 facile

180 1202 335 1240 dixeris:
362 1202 544 1250 scriptum
570 1204 654 1239 erat
678 1202 833 1248 antiquo
858 1213 961 1239 more
987 1202 1159 1239 omnibus
1185 1201 1277 1238 locis
1304 1203 1383 1246 ΕΣ,
1410 1201 1481 1238 hoc
1507 1201 1573 1247 qui
1599 1200 1713 1246 primi

181 1246 400 1287 Lesbiorum
435 1252 629 1297 poetarum
661 1251 828 1287 carmina
858 1248 992 1286 ionicis
1017 1250 1154 1286 litteris
1179 1249 1534 1292 accomodaverunt,
1561 1252 1609 1293 ᾗ·
1634 1258 1713 1284 esse

179 1298 352 1335 arbitrati
383 1299 487 1345 suut,
519 1297 638 1334 secuti
669 1299 712 1334 ut
736 1300 1026 1335 consentaneum
1053 1299 1112 1336 est
1136 1297 1443 1334 consuetudinem
1468 1295 1615 1332 Aeolici
1639 1307 1713 1331 ser-

182 1346 313 1391 monis,
338 1346 462 1392 qualis
485 1348 574 1382 tunc
598 1345 687 1382 fuit:
713 1357 834 1392 neque
858 1346 1036 1382 abhorret
1059 1346 1152 1381 haec
1177 1343 1298 1382 forma
1321 1355 1344 1380 a
1369 1345 1453 1390 lege
1472 1343 1714 1380 Aeolensium

179 1393 359 1430 sermonis
390 1395 458 1430 aut
491 1393 643 1430 omnino
674 1393 924 1449 improbanda
954 1395 1027 1429 est:
1061 1391 1324 1439 antiquissima
1355 1391 1475 1428 forma.
1506 1402 1590 1427 cum
1615 1393 1714 1427 esset

173 1442 274 1485 ΕΣΙ,
301 1441 429 1477 littera
453 1439 539 1476 'iota
569 1452 643 1477 non
674 1443 835 1477 traiecta
865 1444 939 1486 est,
972 1443 1015 1476 ut
1043 1440 1163 1476 nostri
1190 1439 1361 1476 homines
1388 1438 1620 1483 existimant,
1647 1438 1713 1474 sed

178 1488 345 1534 abiecta3
377 1488 466 1525 hinc
499 1488 697 1524 Dorienses
728 1493 768 1529 ἴς
792 1488 916 1525 dicere
942 1487 1126 1533 solebant,
1157 1487 1265 1524 Iones
1297 1489 1435 1532 autem,
1467 1488 1510 1522 ut
1534 1485 1713 1522 damnum

179 1535 410 1581 resarcirent,
436 1535 475 1571 di
504 1535 672 1582 hthongo
694 1540 754 1577 W
780 1537 837 1572 usi
857 1537 956 1581 sunt,
981 1534 1229 1572 Aeolensibus
1248 1534 1365 1582 igitur
1383 1533 1628 1581 productione
1647 1533 1712 1569 ad-

178 1584 294 1619 missa
319 1583 367 1620 ad
393 1594 465 1619 eun
494 1594 553 1619 em
579 1583 729 1619 modum
756 1588 804 1629 ῖς
838 1583 961 1620 dicere
993 1583 1116 1619 licuit:
1148 1584 1189 1619 at
1212 1584 1388 1629 poterant
1416 1581 1475 1617 illi
1500 1580 1711 1627 antiquiore

179 1635 365 1677 tempore,
396 1632 440 1666 ut
464 1629 720 1686 diphthongos
745 1630 918 1678 inprimis
949 1630 1237 1676 adamaverunt,
1269 1634 1340 1674 ff,
1375 1630 1510 1676 postea
1533 1634 1582 1675 W,-
1605 1640 1711 1664 usur-

178 1678 568 1771 3302225225223332
583 1677 1534 1772 tsszfflmffiffipffi0⁸35&ss‘’egetussf‘ssssffss'zssz
1559 1676 1711 1760 3335&

182 1787 225 1820 ης
248 1773 479 1820 probavisse,
506 1774 610 1809 velut
634 1773 734 1820 apud
759 1774 1001 1810 Theocritum
1024 1773 1155 1820 θέλης,
1181 1770 1328 1819 ἐθέλῃς,
1356 1771 1454 1818 ἔχης,
1485 1772 1577 1808 item
1602 1769 1708 1807 ἐννό-

179 1824 278 1867 χλης,
297 1819 428 1867 μάτης,
453 1818 581 1867 ἐπόης,
606 1821 724 1868 igitur
749 1832 816 1868 pro
842 1821 978 1858 vitioso
997 1818 1130 1867 φόροις
1148 1821 1275 1867 potius
1295 1817 1418 1866 φόρης
1442 1831 1556 1865 quam
1577 1816 1711 1865 φόρεις

179 1868 426 1914 scribendum,
463 1866 609 1910 δοκέεις
639 1868 755 1905 etiam
785 1869 861 1906 alio
891 1869 1041 1906 nomine
1073 1869 1285 1915 suspectum
1317 1867 1476 1915 (conieci
1506 1868 1710 1913 δοκίμοις),

178 1916 423 1953 adversantur
446 1915 572 1953 futura.
597 1913 803 1958 έκτελέσεις
837 1918 876 1953 et
900 1913 1075 1963 οἰκήσεις,
1107 1917 1171 1953 sed
1201 1916 1261 1952 his
1293 1915 1487 1961 scripturis
1517 1926 1592 1950 non
1618 1915 1709 1950 mul-

177 1965 260 2000 tum
294 1963 532 2000 tribuendum
570 1975 649 2000 esse
685 1964 797 2000 docet
833 1961 1044 2010 ἐπαινέσῃς.
1106 1964 1157 2000 At
1191 1965 1232 2000 in
1267 1963 1383 2000 tertia
1425 1973 1582 2009 persona
1625 1974 1710 1998 con-

178 2013 321 2047 stanter
355 2011 403 2056 (si
441 2011 648 2048 discesseris
689 2011 738 2047 ab
774 2008 934 2058 ἆδικήη,
973 2011 1075 2058 quod
1108 2011 1249 2058 Sapph.
1283 2012 1299 2046 I
1336 2015 1382 2047 20
1421 2012 1479 2046 est
1513 2009 1710 2055 traditum)

178 2058 354 2095 scribitur
384 2062 437 2104 ἷῑ,
468 2059 573 2095 velut
603 2055 757 2104 φεύγει,
795 2057 939 2105 διώξει,
972 2056 1102 2105 δώσει,
1136 2057 1302 2105 φιλήσει,
1336 2055 1475 2103 ἴζάνει,
1507 2054 1711 2103 ὑπακούει,

178 2107 290 2151 εἴκει,
341 2103 420 2152 ἔχει
462 2106 627 2153 saepius,
671 2104 926 2152 κατθνάσκει,
972 2105 1122 2153 θέλγει,
1166 2107 1389 2154 μαρμαίρει,
1433 2106 1594 2151 στείχει,
1636 2102 1709 2150 ὕει,

179 2150 279 2198 ἄζει,
312 2150 467 2199 κωλύει,
498 2150 645 2200 ἄέρρει,
681 2151 790 2200 φύει,
821 2155 1036 2201 παρορίνει,
1074 2153 1166 2191 item
1197 2152 1369 2200 κακχέει,
1401 2154 1441 2188 et
1470 2153 1518 2188 ad
1549 2151 1709 2188 eundem

179 2201 331 2252 modum
358 2197 560 2246 ἔπικρέτει,
585 2198 690 2247 ἄχει,
716 2199 841 2247 κάλει,
866 2199 1063 2248 κατάρρει,
1090 2199 1212 2246 δόνει,
1239 2199 1409 2245 κελάδει,
1435 2201 1554 2245 φίλει,
1586 2196 1708 2245 ἄγρει,

180 2247 426 2293 similiterque
451 2251 494 2285 ut
517 2248 649 2285 titulos
673 2249 900 2286 recentiores
923 2249 1235 2296 praetermittam,
1260 2248 1299 2284 in
1318 2247 1504 2284 Balbillae
1524 2246 1708 2293 epigram-

180 2297 282 2332 mate
307 2297 365 2331 cst
387 2293 501 2341 πνήει
526 2298 564 2331 et
588 2294 749 2342 κατέχει.
786 2297 865 2333 Nec
891 2297 1038 2341 mirum,
1064 2309 1150 2333 nam
1175 2296 1238 2332 hic
1263 2308 1286 2332 a
1311 2293 1494 2342 principio
1515 2296 1571 2329 EI
1594 2293 1709 2330 scribi

179 2343 334 2380 solebat.
384 2343 479 2378 Item
505 2343 604 2389 apud
629 2343 869 2380 Theocritum
894 2345 1071 2391 leguntur
1096 2343 1191 2390 ἔχει,
1217 2343 1372 2389 πρέπει,
1398 2342 1551 2388 gozso),
1575 2338 1708 2377 ἀλλάσ-

179 2387 1369 2485 ἕὶἒὼὲἑὶῗέεῑὶἱῖίῗῑξῖἐέξεᾝἔὲἑὲιὲἰᾟὲῐωῗῖἒὼῖχιῗῗῗ
1378 2389 1590 2483 φιὲἕῗῐξιῗῑ
1634 2389 1709 2473 ῗιῗὲ

180 2488 312 2531 φορεῖ)
355 2487 395 2521 et
431 2484 535 2521 XXX
572 2489 617 2521 22
659 2482 740 2531 ὄρη.
781 2506 822 2512 -
865 2486 904 2522 V.
943 2491 977 2523 2.
1014 2467 1137 2533 ὕμνῆν
1177 2488 1215 2522 et
1256 2482 1444 2531 κορύφαις
1485 2481 1527 2520 ἐν
1574 2480 1710 2525 αὕταις

178 2533 310 2579 scripsi
334 2533 563 2569 Meinekium
588 2534 752 2576 secutus,
783 2533 849 2579 qui
879 2534 1030 2579 quidem
1061 2534 1175 2570 etiam
1207 2530 1342 2578 ἄκραις
1371 2531 1583 2579 proposuit:
1615 2531 1706 2567 mihi

179 2584 350 2617 neutrum
383 2579 474 2616 satis
505 2580 615 2625 fecit,
653 2580 707 2616 ita
734 2591 781 2616 ue
813 2582 989 2628 proposui
1026 2579 1232 2627 κορύφας
1270 2578 1456 2626 ἰαύγαις
1494 2579 1517 2614 i.
1550 2591 1581 2615 e.
1613 2591 1706 2624 κορυ

180 2628 259 2674 φᾶς
284 2627 459 2674 ἰωγαῖςε
496 2639 583 2664 nam
611 2625 652 2664 ἐν
678 2641 701 2663 α
730 2640 815 2673 γαις
839 2629 950 2665 nimis
975 2628 1211 2674 ambiguum,
1242 2627 1414 2673 quamvis
1439 2623 1516 2672 ὥγὴ
1543 2626 1707 2681 gemina.-

179 2675 283 2734 tione
307 2674 456 2734 abiecta
479 2675 553 2711 dici
580 2677 740 2721 poterat,
766 2675 811 2711 cf.
832 2673 1045 2722 κυματωγή,
1063 2675 1229 2734 'fortasse
1249 2675 1364 2729 etiam
1383 2673 1561 2728 Hesychii
1580 2674 1708 2720 glossa

179 2735 258 2824 2⁰43?
272 2722 936 2824 -0‘j‘1‘233v3330„ffflgtdssgessffl
961 2728 1198 2815 {zossssiss‘ss
1213 2734 1376 2816 ⁸:3¹25222
1392 2721 1564 2815 {5:33⁶
1578 2734 1707 2815 {m

179 2828 235 2853 vis
259 2817 431 2854 Memeke
457 2818 527 2854 hoc
551 2816 831 2863 improbaverit,
856 2815 1056 2867 Μαλειάτᾳ
1083 2818 1235 2865 βασιλῆϊ
1256 2817 1318 2853 vel
1349 2813 1574 2852 Μαλειάταν
1600 2818 1705 2865 βασι-

177 2865 250 2910 λῆα
275 2876 487 2912 proponens
512 2865 582 2912 (cf.
609 2864 937 2911 Hoerschelmann,
962 2864 1095 2902 Rhein.
1121 2865 1213 2901 Mus.
1240 2863 1395 2901 XXXVI
1420 2865 1515 2910 4⁶4).
