1864 3126
520 149 772 188 APPENDIX
779 169 788 177 ·
800 151 866 187 AN
870 150 1285 189 AOREONTEORUM.
1582 150 1667 195 351

133 270 203 303 110
215 258 309 317 ῥόος
339 258 524 315 ὀμμάτων
554 264 745 316 μαραίνει.
1020 266 1091 319 Ὡς
1121 266 1333 323 ματαιότης
1362 264 1408 311 τὰ
1444 267 1586 319 πάντα,

242 323 331 368 Σὺν
361 326 448 380 ἐμοὶ
477 324 623 380 κόσμος
647 325 738 378 ὅλος
762 340 848 370 στυ-
1001 332 1053 384 ὡς
1083 332 1207 384 κόνις,
1238 332 1401 387 θύελλα,
1431 335 1572 390 τέφρα·

541 390 681 447 γνάθοι
713 391 849 443 ὅπως,
999 397 1021 442 ὁ
1052 398 1179 450 πόνος
1210 399 1369 442 πέπεικε
1400 398 1475 456 γάρ
1506 417 1552 454 με

212 454 272 500 ὅτι
301 457 442 511 κέντρα
478 456 659 501 θανᾶτου
696 462 772 500 νῦν
804 474 849 512 με
919 475 985 507 120
999 465 1099 519 πέρα
1130 465 1195 506 καὶ
1227 465 1368 519 μέτρου
1398 467 1585 516 ποδίζειν.

557 522 729 578 δαμάζει.
1022 528 1067 573 Ὁ
1097 532 1256 584 πολίτης
1277 528 1440 585 Ἰθάκης
1465 530 1639 586 μνήσατο

248 587 426 631 Ψεκοὶσιν
456 593 592 643 νεφῶν
622 589 735 644 ἐρίζει
1346 594 1504 650 νόστου,

212 652 427 708 βλεφάρων
457 655 563 709 ἐμῶν
593 653 635 697 τὸ
667 657 848 711 ᾆεῦθρον·
999 659 1096 715 τάχα
1117 659 1154 703 δ’
1178 659 1231 712 ὥς
1245 660 1478 716 Δημοφόων
1497 661 1639 706 νόστον

131 728 199 762 116
213 717 275 762 διὸ
306 719 373 761 καὶ
403 718 533 773 χθόνα
564 722 730 774 δροσίζει
1347 726 1488 778 ἀλύξω.

209 782 302 839 μετὰ
334 786 533 841 δενδρέων
562 784 750 841 πετήλων.

878 1032 917 1075 2.

163 1129 624 1170 ΚΩΝΣΤΛΝΤΙΝΟΥ
659 1118 1086 1170 ΓΡΑΜΜΑΤΙΚΟΥ
1127 1131 1240 1169 ΤΟΥ
1276 1131 1643 1171 ΣΙΚΕΛΙΩΤΟΥ

574 1196 866 1253 ..ΩιΔ-ΑΡΙΟΝ
905 1197 1202 1236 ΕΡΩΤΙΚΟΝ

188 1286 244 1330 δι’
278 1287 579 1343 ἆνακρεοντείου
610 1289 676 1331 καὶ
706 1291 982 1342 κουκουλλίου,
1013 1287 1203 1351 λαβόντος
1232 1287 1305 1343 τὴν
1335 1286 1533 1332 ὑπόθεσιν
1564 1290 1606 1331 ἐκ

729 1357 921 1412 μελῳδίας
951 1353 1067 1406 τινός.

241 1441 431 1492 Ποταμοῦ
462 1438 582 1492 μέσον
613 1440 794 1481 κατεῖδον
851 1439 858 1444 “
997 1438 1089 1481 ποτὲ
1119 1437 1189 1481 τὸν
1218 1437 1342 1495 γόνον
1374 1437 1593 1495 Κυθήρης·

125 1586 288 1634 τοδότιν,
314 1590 395 1627 cod.
415 1588 684 1637 πλουτοδότην.
706 1611 749 1617 -
771 1591 816 1646 V.
837 1595 916 1627 111.
943 1588 1146 1637 στυγνάσοι
1166 1590 1310 1638 scripsi,
1337 1591 1417 1627 cod.
1438 1588 1665 1638 στύχνασον,

70 1668 82 1683 ,
126 1649 213 1674 nam
232 1637 478 1684 imperativus
505 1636 728 1685 στύγνασον,
754 1651 818 1685 qui
843 1639 996 1685 propius
1021 1639 1141 1684 abest,
1167 1639 1231 1676 vix
1250 1638 1435 1676 ferendus.
1458 1661 1502 1665 —
1522 1639 1567 1677 V.
1585 1644 1664 1676 113.

128 1685 260 1732 νεφῶν
286 1685 429 1732 scripsi,
455 1686 536 1723 cod.
563 1684 703 1732 λόφων.

219 1781 525 1818 Constantini
551 1793 700 1818 carmen
721 1787 754 1818 2.
797 1782 913 1819 Extat
937 1782 1037 1829 apud
1057 1782 1295 1829 Matrangam
1316 1786 1397 1828 693,
1423 1784 1462 1819 et
1480 1783 1556 1820 iam
1576 1786 1664 1820 ante

128 1828 247 1872 edidit
272 1828 424 1865 Cramer
443 1830 511 1866 An.
534 1829 648 1866 Paris.
669 1829 720 1865 IV
740 1834 810 1866 380
836 1829 915 1866 sine
941 1831 1076 1876 poetae
1102 1829 1263 1867 nomine.
1304 1829 1469 1866 Crameri
1496 1831 1663 1868 codicem

126 1876 255 1912 notavi
283 1875 327 1920 C,
358 1877 578 1923 Matrangae
604 1877 652 1913 M.
693 1877 913 1925 Matrangae
946 1878 1063 1915 codex
1095 1878 1245 1914 videtur
1275 1877 1549 1915 Laurentianus
1582 1891 1663 1916 esse

127 1924 188 1960 vel
212 1923 338 1970 potius
357 1925 603 1971 apographon
628 1926 707 1962 cod.
728 1925 848 1972 Lamu,
875 1926 976 1972 quod
1001 1927 1058 1962 est
1075 1926 1115 1962 in
1133 1926 1364 1963 bibliotheca
1382 1926 1663 1971 Panormitana,

128 1982 215 2008 nam
240 1971 279 2008 in
304 1971 499 2008 Addendis
526 1972 719 2020 Spicilegii
744 1973 866 2010 Vatic.
894 1973 944 2008 IV
973 1978 1041 2010 620
1067 1974 1161 2010 haec
1188 1974 1356 2021 scripsit:
1389 1974 1542 2020 „ibique
1568 1975 1664 2011 oden

127 2021 166 2056 et
189 2018 343 2056 titulum
369 2021 488 2066 (τίνας
513 2016 562 2056 ἂν
588 2022 688 2057 εἴποι
713 2018 848 2067 λόγους
874 2018 894 2057 ὁ
924 2017 1106 2058 Ἀπόλλων
1132 2020 1374 2068 κατατρέχων
1399 2019 1468 2068 τὴν
1495 2020 1662 2068 Δοὲφναν

126 2066 192 2103 καὶ
217 2064 464 2114 ἐμποδισθεὶς
490 2066 544 2110 εἰς
567 2065 748 2105 ἄκανθαν
775 2066 908 2115 ῥόδου)
934 2068 1098 2116 inspexi,
1131 2080 1226 2115 quae
1252 2069 1442 2116 ipsissima
1460 2071 1576 2106 habet
1596 2070 1663 2107 Co-

126 2115 198 2152 dex
228 2115 526 2152 Barberinianus.
578 2116 724 2153 Desunt
756 2118 882 2153 cetera
914 2117 1081 2154 carmina
1111 2116 1264 2164 Georgii
1296 2118 1335 2153 in
1367 2118 1447 2154 cod.
1482 2118 1662 2163 Mediceo,

129 2162 194 2209 qui
218 2164 346 2200 tamen
370 2162 479 2200 binas
504 2164 607 2207 odas,
634 2175 730 2211 quae
755 2165 795 2200 in
820 2165 900 2201 cod.
926 2165 1079 2201 Barber.
1107 2164 1378 2209 desiderantur,
1403 2176 1492 2212 prae
1514 2176 1552 2200 se
1577 2165 1661 2210 fert,

128 2221 284 2255 quarum
316 2211 356 2246 hi
388 2213 475 2248 sunt
507 2211 626 2248 tituli:
659 2213 726 2249 τοῦ
761 2208 880 2249 αὐτοῦ
913 2209 1079 2259 ὦδάριον
1111 2210 1293 2259 ἐρωτικὸν
1325 2211 1379 2249 δι’
1406 2210 1664 2258 ἅνακρέοντος

128 2257 192 2293 καὶ
222 2259 485 2305 κουκουλλίου,
516 2257 699 2308 λαβόντος
730 2257 800 2306 τὴν
830 2257 1022 2297 ὑπόθεσιν
1055 2258 1098 2297 ἒκ
1129 2261 1301 2309 μελῳδοῦ
1339 2259 1450 2302 τινός.
1509 2260 1662 2296 Initium

128 2305 302 2351 ποταμοῦ
327 2303 443 2351 μέσον
474 2308 663 2344 κατεῖδον.
695 2329 738 2335 -
774 2308 853 2344 Τοῦ
886 2304 1006 2344 αὐτοῦ
1031 2305 1327 2354 ἄνακρεόντειον
1354 2308 1465 2355 χωρὶς
1490 2305 1661 2344 ἀνακλω-

129 2350 253 2399 μένων
278 2350 372 2398 πρός
395 2366 480 2389 τινα
511 2351 657 2400 ἐρῶντα
687 2354 888 2402 παρθένου
921 2353 1018 2392 κατὰ
1051 2353 1287 2411 ἆλφάβητον.
1338 2356 1491 2392 Initium
1516 2353 1664 2402 ἄγαμαι

129 2398 247 2447 μόνον
279 2398 378 2446 ὁρῶν
410 2404 488 2437 σε.“
536 2403 588 2438 At
617 2402 656 2438 in
689 2403 816 2439 codice
847 2403 1099 2440 Laurentiano
1131 2404 1280 2440 videtur
1310 2406 1484 2440 neutrum
1510 2414 1662 2439 carmen

129 2460 228 2484 nnnc
253 2448 288 2484 le
319 2448 341 2493 ⁸,
367 2459 456 2484 nam
482 2448 513 2484 si
540 2448 788 2486 Studemundi
814 2451 995 2488 adnotata
1019 2454 1121 2488 recte
1147 2451 1334 2498 intellexi,
1366 2451 1462 2487 nihil
1493 2454 1664 2496 superest

130 2495 203 2532 nisi
227 2495 300 2532 titu
319 2507 361 2532 us
386 2496 520 2542 prioris
546 2496 722 2534 carminis
746 2498 785 2534 in
810 2498 949 2545 pagina
973 2499 1112 2535 codicis
1131 2499 1346 2544 novissima,
1372 2499 1458 2535 vide
1478 2498 1526 2535 ad
1546 2498 1660 2534 Geor-

128 2543 183 2589 gii
208 2554 320 2580 carm.
348 2548 382 2580 4.
426 2543 596 2581 Piccolos
620 2544 660 2580 in
685 2545 963 2591 supplementis
988 2546 1100 2583 Anth.
1128 2546 1190 2583 Gr.
1217 2559 1252 2592 p.
1282 2550 1346 2583 171
1381 2547 1473 2583 dicit
1497 2545 1660 2582 Matran-

129 2602 219 2638 gam
244 2591 317 2628 hoc
343 2603 492 2628 carmen
517 2603 563 2628 ex
588 2592 668 2628 cod.
694 2592 946 2629 Laurentiano
971 2593 1150 2639 petivisse
1177 2596 1215 2630 et
1235 2594 1425 2640 scriptoris
1452 2604 1587 2631 nomen
1605 2594 1661 2630 in·

129 2638 343 2685 dagavisse:
364 2640 404 2675 at
422 2639 487 2676 ille
508 2640 545 2675 in
565 2639 660 2675 Add.
677 2638 774 2686 Spic.
795 2640 915 2676 Vatic.
936 2641 1085 2677 videtur
1095 2641 1257 2687 Georgio
1276 2641 1442 2678 tribuere
1462 2643 1659 2686 utrumque

132 2697 292 2732 carmen,
317 2689 430 2733 atque
456 2687 563 2724 addit
587 2687 686 2723 hunc
713 2687 915 2734 Georgium
939 2688 980 2724 in
1004 2688 1085 2724 cod.
1111 2689 1221 2724 Laur.
1248 2690 1414 2726 Siculum
1440 2688 1526 2733 dici,
1558 2689 1659 2733 quod

130 2745 205 2779 qua
228 2733 301 2771 fide
326 2733 473 2779 dixerit,
499 2735 639 2771 nescio:
667 2735 824 2771 fortasse
849 2735 943 2771 haec
968 2734 1042 2772 duo
1068 2736 1234 2772 carmina
1254 2736 1490 2773 Constantini
1509 2736 1659 2774 nomine

127 2781 307 2828 insignita
330 2781 370 2818 in
395 2782 475 2819 cod.
498 2782 654 2819 Vindob.
680 2782 868 2830 leguntur.
895 2804 939 2809 —
964 2782 1006 2819 In
1026 2782 1267 2829 inscriptione
1287 2780 1339 2819 δι’
1362 2780 1657 2831 ἄνακρεοντείου

130 2863 242 2908 edidi,
269 2861 322 2900 δι’
343 2861 597 2912 ἄνακρέοντος
616 2866 666 2912 Μ,
692 2863 745 2902 δι’
767 2862 1070 2912 ἄνακρεοντείων
1089 2865 1267 2911 Piccolos,
1295 2863 1347 2902 δι’
1370 2843 1657 2914 ὀνακρεόντὲοᾶ.

131 2907 240 2949 Laur.
268 2933 310 2939 -—
344 2915 530 2962 μελῳδίας
555 2913 704 2961 scripsi,
735 2916 778 2951 nt
803 2917 860 2951 est
883 2914 922 2952 in
947 2915 1023 2953 ind.
1049 2913 1179 2960 Bau-b„
1210 2916 1397 2962 μελωδιου
1429 2915 1510 2954 cod.
1537 2917 1659 2963 Laur.,
