1864 3126
215 155 303 197 444
534 131 536 135 ¹
790 157 978 193 POETAE
1005 158 1180 195 MELICI.

220 268 436 317 Laconum,
477 268 772 309 Corinthiorum
810 270 1077 321 celebrantur3
1122 284 1181 321 ep.
1221 273 1302 311 132
1342 271 1393 310 ad
1433 272 1584 311 bellum
1621 273 1744 313 Athe-

218 334 416 372 niensium
457 334 647 374 adversus
679 334 850 374 Boeotos
889 337 930 373 et
967 334 1245 376 Chalcidenses
1285 336 1344 376 Ol.
1385 338 1458 385 68,
1502 338 1655 388 reliqua
1692 339 1744 378 ad

219 398 326 436 bella
366 399 519 438 Medica
561 400 805 438 referuntur:
849 412 1044 450 nusquam
1087 404 1221 440 autem
1258 403 1395 442 rhetor
1431 404 1591 452 poetam
1626 403 1744 453 plane

218 465 412 511 nominat,
449 477 577 514 neque
609 467 744 503 tamen
774 465 956 505 dubitavi
996 466 1128 505 omnia
1165 466 1356 505 Simonidi
1396 468 1634 518 attribuere,
1664 468 1743 508 vid.

220 542 278 578 ep.
312 531 378 568 90.
415 530 510 568 104.
547 531 642 568 142.
678 531 771 569 132.
806 532 872 570 91.
907 532 974 570 97.
1041 531 1101 568 Ex
1141 532 1202 570 his
1243 532 1323 569 tria
1363 533 1464 581 142,
1498 533 1572 581 91,
1604 534 1658 572 97
1701 533 1742 572 in

218 594 464 643 Anthologia
489 595 553 633 vel
584 594 626 632 in
652 595 772 634 schol.
798 596 962 635 Aristid.
991 595 1202 635 Simonidis
1227 609 1371 635 nomen
1401 609 1496 646 prae
1528 610 1570 636 se
1594 593 1742 650 ferunt,

218 671 264 697 ac
295 658 636 710 Thermopylense
674 661 833 710 quidem
871 662 1045 712 elogium
1091 656 1170 714 (ep.
1210 658 1284 714 91)
1325 674 1348 699 a
1386 662 1607 711 suspicione
1645 663 1743 703 satis

217 723 395 762 defendit
420 724 664 775 Herodotus,
697 726 808 764 cuius
834 727 957 765 verba
983 727 1017 765 si
1041 727 1130 776 quis
1162 727 1350 777 religiose
1380 727 1688 777 interpretatur,
1718 742 1744 767 a

218 788 417 828 Simonide
443 790 635 839 scriptum
667 803 753 829 esse
784 791 997 841 intelliget.
1053 791 1131 830 Sed
1162 791 1241 830 tria
1265 787 1515 844 ἀνεπίγραφα
1541 795 1635 831 sunt
1658 794 1743 832 tra-

217 854 317 904 dita,
350 867 409 904 ep.
438 856 493 894 90
520 855 694 905 elogium
721 857 1016 895 Marathonium
1042 857 1252 907 Lycurgus
1279 859 1414 897 orator
1439 858 1638 907 agnoscit,
1671 858 1743 897 sed

216 920 265 958 de
297 921 457 958 auctore
483 922 600 971 tacet,
633 934 692 971 ep.
723 923 806 961 104
833 922 941 961 solus
968 922 1167 961 Aristides
1201 923 1384 971 servavit,
1418 935 1478 972 ep.
1508 924 1588 962 132
1617 923 1741 962 Hero-

218 984 336 1023 dotus
369 985 516 1035 aliique
549 989 746 1036 usurpant
776 987 1059 1038 praetermisso
1091 988 1232 1036 poetae
1263 987 1435 1026 nomine.

336 1049 378 1088 Si
408 1053 638 1100 propterea,
670 1052 774 1101 quod
806 1052 885 1090 tria
916 1052 1206 1102 epigrammata
1232 1051 1445 1091 Simonidis
1473 1065 1559 1091 esse
1584 1052 1744 1092 aliunde

216 1117 391 1167 constat,
417 1116 508 1155 huic
527 1119 669 1167 poetae
689 1117 858 1155 totidem
878 1118 1069 1166 adespota
1087 1117 1367 1167 vindicassem,
1392 1117 1570 1157 levitatis
1596 1117 1745 1157 crimen

216 1194 241 1220 a
282 1193 345 1219 me
390 1183 570 1220 avertere
608 1195 687 1221 non
731 1182 876 1221 ausim:
918 1184 960 1221 at
1001 1179 1107 1220 omni
1144 1182 1265 1220 animi
1303 1179 1522 1221 in'tentione
1552 1182 1744 1222 Aristidis

216 1245 399 1284 libellum
430 1246 578 1285 iterum
608 1260 654 1286 ac
686 1248 845 1297 saepius
885 1248 1082 1296 lectitavi,
1125 1247 1260 1297 itaque
1303 1246 1474 1286 rhetoris
1512 1247 1744 1287 institutum

217 1312 414 1361 perspexi,
446 1312 551 1362 quod
575 1312 716 1363 fugere
743 1313 845 1352 solet
876 1325 955 1364 eos,
992 1313 1060 1363 qui
1091 1312 1316 1351 errantibus
1348 1311 1470 1351 oculis
1501 1310 1624 1351 libros
1656 1325 1743 1362 per-

216 1379 394 1416 currunt.
454 1377 652 1416 Aristides
684 1380 730 1416 ut
762 1390 804 1417 se
830 1391 854 1416 a
874 1377 1069 1422 ‘vanitatis
1101 1378 1264 1417 crimine
1295 1377 1543 1424 defenderet,
1574 1377 1744 1416 aliorum

217 1443 396 1492 exemplo
423 1436 465 1482 se
496 1444 644 1493 tuetur,
676 1443 820 1483 docens
846 1443 897 1482 ab
924 1443 1211 1494 antiquissimis
1236 1442 1484 1494 temporibus
1504 1442 1744 1482 Graecorum

216 1520 302 1547 esse
332 1508 586 1559 ingeniorum
618 1511 782 1560 φρονεῖν
813 1506 878 1548 ἐπὶ
907 1511 988 1556 τοῖς
1020 1507 1170 1548 ἑαυτοῦ.
1227 1509 1314 1548 Ηοο
1345 1509 1544 1558 epicorum
1569 1509 1744 1563 carmina

215 1573 313 1612 satis
353 1586 550 1623 superque
586 1573 730 1612 testari
767 1573 930 1617 asserit,
973 1576 1060 1611 tum
1103 1574 1152 1612 ad
1197 1574 1358 1613 melicos
1402 1576 1540 1624 poetas
1580 1573 1742 1624 accedit,

217 1638 452 1689 Sapphonis,
479 1638 696 1686 Alcmanis,
722 1638 886 1677 Pindari
914 1638 1091 1677 versibus
1118 1652 1231 1678 usus:
1256 1639 1337 1677 iam
1363 1638 1536 1677 Pindaro
1562 1639 1744 1688 adiungit

215 1703 455 1743 Simonidem
482 1701 546 1754 (T.
566 1703 608 1742 II
633 1717 670 1753 p.
692 1699 816 1757 510),
848 1704 911 1742 cui
935 1703 1153 1753 plurimum
1184 1717 1225 1743 se
1251 1704 1428 1743 tribuere
1454 1703 1549 1743 dicit
1578 1705 1742 1753 propter

216 1769 419 1819 egregiam
451 1769 528 1808 viri
558 1769 797 1808 modestiam
828 1763 1144 1821 (σωφροσύνην),
1177 1769 1247 1808 sed
1276 1770 1382 1808 hunc
1407 1781 1562 1819 quoque
1586 1768 1740 1819 magni-

214 1833 284 1872 fice
311 1835 359 1872 de
386 1846 428 1873 se
454 1834 643 1885 sensisse3
676 1834 843 1884 exempli
870 1834 1002 1884 gratia
1027 1834 1164 1873 rhetor
1189 1834 1356 1873 subiecit
1381 1847 1440 1884 ep.
1469 1835 1565 1883 146,
1595 1834 1637 1872 in
1662 1846 1740 1884 quo

215 1898 435 1938 Simonides
461 1900 676 1938 memoriae
701 1899 793 1947 vim,
821 1911 900 1949 qua
923 1901 1082 1947 praeter
1108 1901 1260 1938 ceteros
1287 1899 1491 1951 excelluit,
1521 1898 1740 1949 praedicat:

214 1964 283 2002 sed
303 1964 617 2014 expectationem
635 1966 825 2012 nostram,
852 1963 936 2002 fore
956 1966 1002 2001 ut
1026 1964 1163 2002 rhetor
1188 1977 1234 2002 ex
1261 1964 1472 2003 Simonidis
1499 1963 1739 2003 carminibus

216 2029 295 2067 alia
325 2029 552 2068 iactationis
585 2029 821 2068 documenta
851 2028 1045 2078 proferat,
1083 2029 1318 2078 frustratur,
1349 2041 1443 2067 nam
1475 2028 1588 2068 docet
1619 2028 1740 2067 etiam

214 2095 385 2133 victores
417 2095 459 2133 in
489 2094 652 2133 ludicris
684 2094 986 2142 certaminibus,
1025 2107 1193 2143 quorum
1226 2094 1402 2133 encomia
1441 2092 1661 2133 Simonides
1699 2099 1741 2132 et

212 2159 410 2198 Pindarus
455 2160 708 2209 scripserint,
753 2160 882 2198 laudis
928 2158 1061 2198 studio
1107 2158 1246 2198 ductos
1290 2171 1397 2208 esse,
1441 2170 1486 2196 ac
1529 2160 1741 2208 postquam

213 2225 310 2263 haec
341 2225 476 2274 paucis
502 2225 754 2275 perstrinxit,
786 2224 960 2263 ostendit
986 2224 1168 2264 civitates
1195 2236 1350 2274 quoque
1379 2235 1514 2262 rerum
1540 2236 1564 2261 a
1589 2223 1740 2263 civibus

214 2289 295 2328 suis
334 2292 540 2339 gestarum
591 2290 856 2329 monumentis
896 2290 1092 2339 gloriosos
1130 2289 1276 2328 addere
1315 2289 1474 2328 titulos:
1522 2288 1561 2327 τί
1595 2286 1639 2327 δέ
1677 2299 1740 2327 σοι

214 2350 394 2405 βούλεται
419 2350 461 2394 τὸ
486 2350 981 2408 παράγραμμαᾊθνηναῖοι
999 2350 1078 2394 ἀπὸ
1102 2354 1291 2406 Θηβαίων
1315 2349 1340 2405 ἢ
1360 2355 1539 2404 Περσῶν,
1564 2348 1591 2405 ἢ
1610 2356 1741 2392 Λακε-

215 2415 413 2471 δαιμόνιοι
437 2413 517 2459 ἀπὸ
543 2421 620 2459 τῶν
640 2419 800 2470 δείνων;
830 2411 855 2471 ἧ
883 2415 941 2459 ὅτι
960 2415 1011 2470 δή
1035 2413 1120 2458 ποτ’
1149 2413 1201 2457 ἂν
1231 2410 1257 2472 ᾖ
1287 2413 1571 2470 τούπίγραμμα,
1601 2415 1742 2465 ἐξαλει-

212 2482 400 2538 πτέον;*)
433 2477 509 2535 ἆρα
541 2483 605 2524 σοὶ
635 2482 700 2523 καὶ
730 2480 777 2523 τὰ
802 2480 932 2524 τοιάδε
958 2481 1064 2532 δόξει
1089 2479 1292 2530 ἀλαζονεία
1316 2498 1372 2530 τις
1397 2478 1513 2522 εἶναι’
1538 2477 1740 2533 Ἑλλήνων

215 2552 506 2602 προμαχοῦντες
533 2543 743 2601 Ἀθηναῖοι
775 2551 1008 2601 Μαραθῶνι
1038 2551 1115 2588 κτλ.
1147 2561 1193 2588 ac
1229 2548 1412 2598 deinceps
1444 2560 1513 2586 sex
1544 2547 1738 2597 epigram-

214 2618 324 2654 mata
349 2616 584 2666 singillatim
617 2618 834 2665 percenset,
868 2618 914 2654 ut
945 2615 986 2653 id
1011 2615 1117 2665 quod
1141 2616 1332 2664 posuerat
1355 2612 1616 2652 confirmaret.
1659 2612 1740 2651 No-

215 2681 423 2720 vissimum
447 2681 575 2719 locum
604 2681 759 2719 obtinet
785 2681 960 2731 elogium
980 2679 1278 2719 Corinthiorum
1297 2674 1376 2732 (ep.
1397 2672 1486 2731 97),
1512 2677 1575 2717 cui
1599 2677 1737 2718 rhetor

305 2858 342 2915 *)
368 2861 426 2895 Ita
444 2859 538 2895 haec
557 2859 762 2903 scribenda,
788 2858 901 2904 vulgo
927 2858 1066 2904 legitur
1091 2854 1167 2893 ἀπὸ
1194 2857 1268 2892 τῶν
1293 2857 1440 2899 δείνων,
1466 2851 1489 2900 ἢ
1516 2851 1575 2891 ὅτι
1601 2853 1736 2901 δήποτ’

215 2901 275 2948 dv,
302 2901 324 2950 ἢ
350 2904 613 2952 τούπίγραμμα
639 2886 890 2949 ἐξαλειπτέον.
