1864 3126
0 0 207 80 w

0 86 62 99 .,.-

584 157 806 195 CARMlNA
836 157 1122 198 PoPnLAmA.
1531 159 1611 202 681

201 258 328 314 Porro
361 273 505 316 omnia,
538 285 640 323 quae
671 273 839 312 heroicis
872 273 1054 312 versibus
1086 274 1308 324 composita
1339 275 1445 322 sunt,
1478 273 1618 324 procul

84 340 220 381 habui.
271 339 523 390 Seiungenda
554 338 682 389 igitur
711 338 912 378 cantilena
941 339 1151 378 notissima
1183 334 1474 391 Εἰρεσιαὶνη,
1505 338 1618 378 cuius

84 405 290 447 exordium
323 417 413 444 cum
443 403 525 451 alii,
555 407 645 443 tum
675 403 782 442 Plut.
814 403 882 443 vit.
916 403 1034 443 Thes.
1066 417 1098 443 c.
1132 406 1186 443 22
1219 405 1354 447 affert:

298 494 521 553 Εἰρεσιοὶνη
554 500 654 538 σῦκα
686 496 796 551 φέρει
826 497 892 538 καὶ
922 498 1064 547 πίονας
1095 495 1238 549 ἄρτους

296 563 362 605 καὶ
394 562 478 617 μέλι
510 562 553 603 ἐν
584 559 731 617 κοτύλῃ
762 562 829 603 καὶ
859 562 993 604 ἔλαιον
1023 559 1321 616 ἆναψήσασθαι

297 629 362 671 καὶ
393 625 518 670 κύλικ’
554 625 741 681 εῦζῶρου,
774 624 827 677 ὥς
858 624 909 693 §iv
940 626 1148 681 μεθύουσα
1179 628 1394 687 καθεύδῃς.

83 729 326 769 quamquam
351 716 523 754 fortasse
548 713 690 753 deinde
715 727 857 753 versus
877 714 980 753 alius
999 715 1158 765 generis
1179 716 1463 766 sequebantur,
1484 729 1618 767 quem·

83 783 298 824 admodum
330 781 451 822 etiam
484 780 696 819 Homerica
727 780 903 818 Iresione
935 774 1074 832 (carm.
1108 781 1200 819 min.
1233 776 1327 834 XV)
1360 782 1515 821 duobus
1548 782 1618 820 tri-

82 848 221 888 metris
252 848 371 887 iamb.
404 847 654 886 terminatur.
687 867 741 871 —
775 845 875 884 Item
919 845 1190 896 seiungendus
1223 847 1462 895 versiculus,
1501 835 1620 898 q'uem

84 914 340 954 Chaeroneae
371 912 588 952 cantabant

361 1005 463 1056 Ἕξω
495 1003 568 1047 τὰν
599 1003 806 1059 βούλιμον,
838 1005 912 1046 ἔσω
937 1002 1009 1046 τὰν
1034 1007 1334 1060 πλουθυγίειαν,

81 1106 161 1146 vid.
200 1105 307 1144 Plut.
347 1094 508 1151 Q'uaest.
542 1103 677 1154 Symp.
710 1103 768 1141 VI
808 1103 852 1152 8,
888 1105 908 1140 1
952 1097 1040 1151 (ubi
1083 1101 1155 1150 ἔξω
1199 1099 1412 1155 βούλιμον,
1456 1102 1532 1143 ἔσω
1577 1101 1621 1143 δὲ

80 1173 251 1210 πλοῦτον
281 1168 347 1209 καὶ
376 1165 530 1223 ὑγίειαν
562 1164 790 1222 scribitur),
823 1169 954 1219 patrio
989 1181 1096 1208 more
1128 1168 1321 1221 βουλίμου
1354 1166 1531 1217 ἐξέλασιν
1561 1183 1621 1208 ce-

80 1229 294 1286 lebrantes,
333 1247 501 1287 quacum
540 1234 828 1285 comparandus
866 1234 1069 1272 Arcadum
1107 1234 1210 1272 ritus
1254 1247 1314 1285 ap.
1348 1235 1514 1275 Theocr.
1542 1235 1620 1274 VH

86 1303 182 1342 106.
227 1323 274 1328 -
317 1301 457 1351 Neque
496 1301 628 1351 recepi
667 1312 884 1350 puerorum
928 1299 1185 1346 cantilenam,
1231 1301 1389 1350 quando
1433 1303 1622 1340 noctuam

82 1369 276 1418 ceperunt
313 1363 381 1419 (cf.
415 1366 556 1406 Pollux
595 1365 652 1404 IV
689 1362 809 1415 103),
854 1377 957 1414 quae
1000 1368 1337 1404 commemoratur
1383 1365 1514 1406 Cram.
1545 1366 1622 1406 An.

82 1433 172 1472 Par.
204 1432 261 1470 IV
297 1433 393 1480 103,
427 1433 502 1471 26:
543 1426 642 1470 Az'e’
684 1426 824 1481 ὄφελεξ
853 1433 996 1469 θανεῖν
1026 1425 1051 1481 ἢ
1083 1425 1333 1471 πανύστατον
1364 1426 1623 1483 ὀρχήσασθαι.

84 1510 226 1537 versus
259 1497 366 1536 haud
398 1497 517 1537 dubie
548 1497 643 1536 fuit:

345 1588 446 1632 Λῖθ’
484 1588 624 1642 ὄφελες
655 1590 821 1631 θανέειν
850 1586 876 1643 ἢ
909 1587 1074 1631 ὕστατον
1105 1584 1363 1643 ὀρχήσασθαι.

84 1689 334 1740 legiturque,
368 1689 401 1727 si
432 1691 540 1727 recte
572 1688 751 1738 memini,
784 1688 904 1726 etiam
937 1687 1045 1727 alibi.
1078 1708 1132 1714 —-
1165 1687 1270 1726 Item
1300 1689 1440 1738 procul
1471 1689 1621 1728 haben-

84 1754 179 1793 dum
211 1766 371 1793 carmen
403 1754 632 1804 adespotom
666 1754 772 1804 quod
805 1753 916 1792 Stob.
947 1753 1030 1792 Ecl.
1063 1753 1183 1804 Phys.
1216 1754 1234 1792 I
1267 1756 1306 1802 2,
1339 1755 1391 1793 31
1428 1754 1621 1794 servavit:

289 1844 504 1901 Ἡρακλέος
533 1850 735 1900 κρατεροῦ,
766 1844 812 1896 ὃς
841 1849 917 1901 γᾶν
949 1843 1146 1901 ἐκάθαρεν
1176 1845 1349 1898 ἅπασαν,

297 1910 516 1967 πετροβᾶτα
545 1929 584 1954 τε
615 1916 717 1955 θεοῦ
750 1908 888 1961 Πανὸς
920 1913 1073 1964 νομίοιο
1105 1910 1303 1966 βρυοὶκτα,
1340 1906 1344 1910 ’

297 1981 460 2019 θνατῶν
489 1975 522 2019 τ’
557 1979 715 2031 ἰατῆρος
742 1975 981 2030 Ἀσκληπιοῦ
1013 1974 1250 2031 ὀλβιοδῶτα,

296 2045 528 2098 πρεσβίστας
557 2060 596 2085 τε
626 2047 726 2093 θεᾶς
751 2040 917 2098 ’Ίῇνιείας
949 2041 1245 2096 μειλιχοδῶρου,

297 2111 418 2151 ναυσί
444 2107 476 2150 τ’
512 2107 574 2151 ἐπ’
610 2107 849 2163 ὠκυπόροισι
881 2106 1141 2162 Διοσκούρων
1173 2108 1417 2161 ἐπιφάντων,

298 2172 518 2228 Κουρήτων
548 2172 615 2225 θ’,
645 2176 685 2216 οἳ
713 2174 826 2227 ματρὶ
857 2170 955 2222 Διὸς
980 2170 1067 2230 Ῥέα
1098 2173 1177 2215 ἐντὶ
1206 2172 1411 2228 πάρεδροι,

296 2239 362 2279 καὶ
394 2240 579 2291 Χαρίτων
610 2242 835 2291 μεμνᾶσθαι
866 2239 909 2279 ἐν
942 2239 1042 2295 ἔργῳ
1074 2239 1191 2280 παντὶ
1223 2239 1412 2293 μέγιστον,

295 2301 367 2356 ἠδὲ
400 2301 565 2355 Χρόνου
595 2304 752 2343 παίδων
777 2301 915 2357 Ὡρᾶν,
947 2306 990 2344 αἳ
1018 2302 1148 2345 πάντα
1180 2302 1334 2355 φύοντι,

297 2370 481 2420 Νυμφᾶν
510 2364 543 2407 τ’
579 2364 750 2420 οὖρειᾶν,
778 2371 822 2409 αἳ
849 2365 1004 2422 νάματα
1036 2365 1124 2410 κάλ’
1159 2369 1358 2421 ἐφέποντι,

298 2429 500 2485 ὑμνέωμες
529 2430 719 2485 μάκαρας,
740 2436 910 2475 Μοῦσαι
930 2432 1027 2484 Διὸς
1052 2435 1222 2490 ἔκγονοι,
1241 2431 1431 2487 ἆφθίτοις
1457 2435 1624 2488 ἀοιδαῖς.

86 2531 183 2571 Mihi
226 2529 387 2580 quidem
427 2529 584 2568 Heeren
622 2529 717 2569 haec
756 2530 916 2569 videtur
957 2535 1064 2571 recte
1108 2531 1280 2583 Orphico
1323 2534 1441 2572 alicui
1482 2537 1624 2584 poetae

86 2595 295 2644 tribuisse,
334 2594 516 2645 quamvis
547 2594 750 2633 Hermann
785 2594 927 2647 Opusc.
960 2598 997 2636 11
1033 2600 1116 2636 2⁴8
1159 2601 1200 2637 et
1231 2598 1390 2638 Lobeck
1425 2600 1622 2650 Aglaoph.

85 2661 102 2700 1
138 2663 223 2701 600
255 2660 457 2699 adversati
490 2661 582 2699 sint.
632 2661 818 2701 Ceterum
838 2663 960 2723 'locus
993 2677 1071 2702 uon
1104 2664 1262 2714 integer
1293 2666 1496 2712 servatus,
1529 2678 1623 2705 non-

84 2727 196 2766 nulla
226 2727 398 2780 fortasse
437 2726 488 2764 ab
527 2726 640 2765 initio
678 2727 902 2779 intercepta
942 2731 1055 2781 sunt,
1092 2732 1271 2768 extrema
1311 2732 1444 2768 autem
1486 2733 1625 2781 aperte

84 2792 348 2842 complurium
392 2804 581 2831 versuum
620 2793 811 2843 reliquias
849 2794 1083 2834 ostendunt:
1122 2795 1178 2833 ibi
1218 2794 1324 2833 haud
1365 2795 1484 2835 dubie
1522 2796 1624 2836 dixit

84 2860 206 2907 poeta
236 2857 284 2896 de
310 2857 384 2896 deo
411 2870 579 2902 summO.
611 2858 721 2897 cuius
747 2859 883 2908 gratia.
909 2859 1007 2898 haec
1033 2858 1231 2899 Stobaeus
1256 2860 1488 2910 adscripsit:
1520 2874 1623 2912 quae

85 2924 313 2972 supersunt,
345 2922 400 2961 sic
432 2922 619 2961 videntur
649 2923 949 2963 conformanda:
