1864 3126
224 139 306 181 122
535 193 537 197 Δ
786 141 977 177 ΡΟΕΤΑΕ
1003 141 1178 178 MELlCI.

875 250 943 292 95.
978 251 1083 303 [68]

277 330 481 385 Ἑέσπερε,
513 345 657 374 παντα
690 331 862 388 φέρων,
896 329 978 375 ὅσα
1010 334 1217 388 φαίνολις
1248 331 1446 377 §audead
1481 333 1620 390 αὔως,

278 401 426 457 φέρεις
458 398 550 456 οἶν,
583 401 713 458 φέρες
744 399 862 458 αἶγα,
894 403 1044 459 φέρεις
1074 401 1164 446 ἄπυ
1195 404 1347 461 ματέρι
1379 407 1527 449 παῖδα.

944 523 1012 566 96.
1359 534 1370 545 “
1586 529 1590 533 ’
1669 535 1737 568 909

272 600 566 659 Ἀϊποέρθενος
597 605 791 659 ἔσσομαι.

218 756 306 790 1111111
333 755 573 811 desider3atu1
601 757 641 791 at
665 756 763 791 iners
784 756 965 801 quidquid
985 757 1202 792 addideris
1193 771 1230 792 111
1250 758 1408 803 proximi
1428 769 1554 794 versus
1575 759 1739 803 exordio,

218 804 322 838 velut
346 800 551 847 κάππεσεν,
577 803 675 848 quod
701 804 791 838 olim
817 804 1083 845 commendavi.
1123 804 1251 840 Omnis
1277 805 1462 841 sententia
1486 806 1643 842 disticho
1668 805 1739 842 hoc

218 850 436 886 absolvitur.
488 850 594 893 Quod
628 849 936 896 έπιπορφυρίζειν
968 851 1040 886 dici
1068 852 1362 897 601611,8111ῐ1110
1389 850 1655 911 ε’πιπορφυρέω
1679 855 1739 890 vel

218 898 342 943 potius
374 895 657 943 έπιπορφύρημι
688 897 798 933 dixit:
831 910 917 933 nam
951 899 1073 934 minus
1099 899 1223 944 placet
1248 898 1363 945 χάμαι
1396 899 1438 936 δέ
1464 913 1501 936 τε
1529 898 1734 946 πορφύρει·

217 946 331 980 verbo
357 950 566 990 πορφυρεῖν
592 947 747 981 utuntur
771 946 922 990 Dionys.
953 946 1092 991 [erieg.
1122 950 1211 981 1122
1238 948 1275 982 et
1305 947 1443 983 novicii
1467 950 1615 992 poetae,
1640 948 1741 994 apud

218 994 374 1028 Aratum
408 997 475 1029 158
513 994 612 1028 recte
645 993 792 1028 Bekker
831 992 887 1028 εἰν
919 990 980 1028 ἁλὶ
1011 992 1256 1041 πορφυρούσῃ
1290 1006 1357 1040 pio
1389 993 1654 1042 πορφυρεούσῃ
1686 1007 1742 1031 re-

218 1041 377 1076 vocavit.

312 1135 369 1170 Fr.
397 1139 451 1170 95.
502 1135 560 1171 Et.
582 1136 630 1170 Μ.
651 1139 732 1178 384,
753 1140 791 1170 4.
825 1132 991 1180 Σαπφώ.
1010 1131 1168 1180 ’Ἔσπερε
1190 1149 1315 1171 παντα
1341 1135 1481 1182 φέρων,
1507 1134 1577 1172 ὅσα
1603 1134 1739 1182 φαινό-

217 1185 271 1222 λις
303 1179 479 1218 έσκέδασ’
512 1180 622 1223 αὔως.
669 1163 732 1218 sed
758 1183 904 1218 auctius
936 1182 1087 1218 exhibet
1118 1182 1376 1241 fragmentum
1397 1184 1455 1220 Et.
1490 1185 1586 1220 Flor.
1618 1185 1742 1220 Miller

218 1230 318 1286 Misc.
355 1234 434 1273 129,
465 1230 529 1265 ubi
559 1230 709 1265 additur
739 1229 869 1275 φέρεις
900 1228 980 1265 οἶον
1013 1229 1163 1275 φέρεις,
1195 1235 1300 1266 οἰνον
1326 1229 1471 1275 φέρεις,
1498 1230 1587 1277 αἶγα
1613 1230 1743 1276 φέρεις

217 1275 354 1312 ἄποιον
386 1276 515 1322 μητέρι
546 1279 675 1313 naida.
733 1277 871 1313 Eadem
903 1277 940 1312 in
973 1279 1115 1312 arctum
1148 1279 1294 1338 redegit
1325 1260 1533 1314 Demetiius
1566 1280 1611 1314 de
1638 1278 1739 1315 Eloc.

218 1324 348 1360 CXLI:
376 1326 655 1382 Φαριεντίζεται
681 1323 723 1359 δέ
749 1338 838 1360 ποτε
867 1323 1073 1369 (Σαπφώ)
1105 1325 1169 1360 καὶ
1201 1323 1240 1368 ἐξ
1266 1322 1477 1382 ἀναφορᾶς,
1510 1322 1560 1366 ὥς
1586 1324 1647 1362 ε’πὶ
1672 1327 1738 1361 τοῦ

213 1370 413 1416 Ἑσπέρου·
432 1369 620 1417 Έσπερε
641 1370 782 1407 πάντα
803 1372 978 1417 φέρεις,
1005 1373 1108 1417 φησί,
1135 1371 1293 1430 φέρεις
1312 1369 1384 1408 ὄϊν
1403 1373 1471 1417 (sic
1491 1371 1741 1430 casaubonus,

218 1420 330 1464 vulgo
357 1418 489 1463 οἶνον),
527 1419 687 1464 φέρεις
701 1418 851 1479 αἶγα,
887 1419 1050 1463 φέρεις
1088 1418 1253 1465 ματέρι
1284 1421 1438 1455 παῖδα.
1486 1420 1571 1477 Καὶ,
1584 1434 1656 1466 γαρ
1682 1402 1741 1457 έν-

218 1467 346 1502 rafica
371 1464 395 1512 ἡ
421 1465 528 1512 χάρις
560 1465 661 1503 ἐστὶν
694 1464 735 1503 ἐκ
761 1468 826 1512 τῆς
849 1466 987 1509 λέξεως
1015 1467 1080 1511 τῆς
1111 1466 1240 1524 φέρεις
1267 1464 1328 1502 ἐπὶ
1359 1465 1400 1503 τὸ
1428 1465 1521 1503 αὐτὸ
1532 1464 1739 1524 ἀναφερο-

217 1515 342 1571 μένης.
396 1514 434 1551 V.
463 1519 481 1549 1
508 1515 645 1571 legitur
671 1515 785 1550 etiam
810 1513 869 1550 Et.
897 1515 945 1548 M.
973 1518 1052 1558 174,
1078 1518 1141 1549 43:
1167 1512 1272 1554 Λῦως
1299 1542 1335 1550 ..
1358 1517 1511 1560 ,φΣαπ
1515 1512 1542 1550 ὥ
1569 1515 1614 1559 (D
1633 1517 1740 1551 Σαπ-

218 1576 277 1607 φω
304 1560 364 1606 ε’)·
383 1558 556 1619 ”Εσπερε,
583 1575 705 1596 παντα
733 1560 860 1622 φέρων
885 1564 960 1597 κτλ.
993 1562 1031 1597 et
1044 1529 1676 1608 Εὺγω.(1111(1.212,43φ(Εσπερ’
1705 1560 1743 1603 ές

217 1623 253 1645 π.
282 1607 427 1665 φέρων,
454 1606 546 1645 ὅσσα
572 1610 751 1654 φαίνολες
777 1607 852 1645 ε’σκ.
879 1606 994 1662 ἄβως)
1019 1608 1058 1644 et
1082 1612 1168 1652 446,
1194 1614 1215 1644 3
1242 1608 1434 1655 (φέσπερε,
1460 1623 1497 1646 π.
1525 1609 1647 1655 φέρω,
1671 1607 1741 1646 ὅσα

218 1653 428 1701 φαινότερα
462 1638 1223 1702 ε’.ὴώς).861101.Ε111·111.01·661;.1260
1255 1658 1446 1715 (φαινολίς
1472 1659 1509 1692 et
1534 1655 1741 1703 φαινόλης),

218 1704 377 1748 denique
403 1704 521 1741 Cram.
554 1704 622 1739 An.
649 1704 714 1739 Ox.
742 1704 776 1738 II
801 1707 882 1748 444,
910 1707 951 1738 17
979 1703 1056 1747 (ubi
1080 1704 1225 1739 tantum
1251 1716 1323 1740 οσα
1349 1702 1531 1749 φαινόλης
1561 1706 1662 1748 mk).
1697 1725 1740 1730 -—

218 1752 260 1787 V.
291 1757 320 1787 1.
351 1750 516 1797 fian-⁴398
553 1752 732 1787 Welcker.
772 1772 815 1777 ——-
855 1750 982 1796 φέρων
1007 1752 1197 1795 revocavi,
1229 1753 1328 1788 solus
1361 1751 1570 1787 Demetrius
1602 1750 1742 1797 φέρεις,

217 1799 294 1834 sive
338 1798 523 1835 diversam
568 1801 716 1835 secutus
755 1799 995 1843 scripturam,
1038 1798 1114 1833 sive
1153 1799 1353 1834 memoriae
1391 1810 1512 1834 errore
1551 1798 1740 1844 deceptus.

218 1846 362 1881 Ahrens
388 1846 476 1881 olim
503 1844 579 1892 φόρ
583 1859 647 1891 εις,
674 1847 738 1891 qui
763 1846 834 1881 hoc
859 1845 991 1891 partic.
1018 1845 1133 1880 etiam
1159 1859 1191 1881 v.
1212 1851 1232 1881 2
1260 1846 1396 1891 ubique
1420 1845 1559 1882 intulit.
1583 1867 1625 1872 --
1654 1846 1697 1882 V.
1717 1851 1738 1882 2

218 1905 314 1929 nunc
351 1894 500 1929 demum
532 1893 640 1929 licuit
671 1905 719 1938 op
723 1906 742 1928 6
773 1894 831 1928 Et.
863 1892 917 1927 Fl.
950 1893 987 1926 in
1020 1892 1208 1949 integrum
1245 1893 1455 1929 restituere:
1493 1904 1580 1928 nam
1613 1892 1742 1938 φέρεις

216 1938 353 1976 ἄποιον
379 1941 473 1975 nihil
499 1941 600 1976 aliud
627 1941 686 1976 est
710 1951 820 1985 quam
847 1938 1008 1997 φέρεις
1033 1953 1139 1984 απυ,
1166 1940 1189 1976 1.
1217 1952 1245 1975 6.
1264 1942 1386 1985 eripis
1411 1942 1499 1985 (11011
1523 1942 1623 1976 recte
1649 1942 1739 1976 Mei-

216 1988 310 2035 nelxe
331 1985 385 2022 αἰτ
405 1989 521 2023 ποϊὸἱν
542 2000 559 2023 e
567 1990 702 2032 prato)
741 1987 885 2023 Vocula
904 1984 982 2022 ἄπυ
1003 1987 1102 2030 apud
1124 1987 1354 2023 Demetrium
1373 1988 1511 2023 omissa
1529 1989 1568 2023 et
1586 1999 1739 2023 numero

218 2046 342 2070 versus
369 2037 422 2087 et„
431 2035 636 2071 sententiae
663 2034 926 2070 detrimentum
952 2033 1100 2076 attulit;
1127 2037 1319 2079 praeterea
1337 2034 1446 2070 metri
1467 2035 1526 2069 lex
1546 2035 1672 2080 exigit,
1698 2037 1741 2070 ut

217 2081 353 2127 φέρες
377 2080 467 2127 αἶγα
498 2095 566 2128 pro
599 2082 728 2127 φέρεις
758 2082 958 2125 scribatur3
991 2091 1087 2125 quae
1119 2082 1303 2125 correptio
1330 2081 1569 2117 Doriensibus
1600 2082 1740 2118 usitata

217 2141 346 2175 neque
361 2130 408 2165 ab
434 2129 576 2166 Aeolici
601 2129 779 2165 sermonis
805 2128 1034 2184 proprietate
1047 2128 1247 2186 abhorret,
1272 2129 1382 2188 quod
1397 2128 1618 2186 Cypriorum
1644 2130 1740 2175 glos-

216 2189 278 2213 sae
309 2173 409 2235 apud
440 2177 597 2221 Hesych.
608 2178 808 2234 ,arguunt2
847 2175 886 2217 ἔς
915 2171 1010 2211 ποθ’
1046 2173 1171 2219 ερπες·
1203 2178 1327 2212 ποθεν
1357 2187 1478 2233 ηκεις·
1517 2173 1666 2235 Πάφιοι
1702 2179 1742 2212 et

215 2221 360 2265 ἀεικές·
384 2221 568 2282 ἀπρεπές·
595 2220 764 2264 ἀκούεις·
784 2221 960 2269 Κύπριοι,
979 2222 1044 2258 11111
1063 2222 1210 2258 diversa
1229 2224 1413 2260 vocabula
1432 2220 1560 2264 ἀεικές
1579 2226 1618 2259 et
1635 2221 1741 2265 ἆΐκες

217 2272 254 2316 (1.
291 2283 321 2307 6.
355 2268 496 2316 ἄΐκεις,
531 2269 643 2317 ἀΐεις)
674 2273 812 2307 temere
839 2270 1095 2323 conglutinata
1126 2273 1221 2306 sunt.
1271 2271 1326 2306 De
1351 2270 1520 2306 clausula
1545 2283 1616 2307 666.
1642 2283 1738 2316 pers.

217 2320 302 2355 vide
333 2320 381 2355 ad
414 2319 492 2355 Alc.
519 2323 551 2356 5.
602 2319 774 2356 Ceterum
806 2319 878 2354 hoc
909 2318 951 2354 fr.
985 2316 1120 2362 arguit,
1153 2317 1326 2354 Aeolicos
1354 2320 1485 2364 poetas
1510 2318 1549 2353 in
1573 2318 1739 2354 versibus

217 2366 411 2410 dactylicis
439 2367 566 2412 cycliis
591 2366 630 2401 in
654 2367 774 2412 primo
801 2366 882 2401 loco
907 2368 1057 2411 praeter
1082 2365 1196 2409 pedes
1221 2365 1424 2411 disyllabos
1449 2364 1562 2400 etiam
1588 2366 1739 2411 dactylo

216 2426 302 2449 usos
322 2425 410 2450 esse.
435 2435 476 2440 —
499 2414 596 2449 Olim
617 2413 717 2450 varie
737 2413 835 2449 hunc
854 2413 978 2449 locum
997 2412 1195 2448 emendare
1215 2413 1340 2448 conati
1360 2414 1456 2456 sunt,
1481 2413 1586 2447 velut
1598 2413 1740 2448 Ahreus

215 2460 394 2518 ιΡέσπερε,
419 2459 543 2496 πάντα
575 2461 721 2517 φρεὶς.
768 2461 912 2519 .φρεις
942 2458 1019 2505 οἶν,
1051 2459 1159 2504 φρεις
1189 2458 1305 2518 αἶγα,
1329 2459 1437 2516 φρεὶς
1468 2456 1601 2517 μάτερι
1625 2457 1735 2495 παῖδ’

217 2505 460 2554 (ἄγαπάταν),
486 2509 675 2544 Hermann
700 2504 760 2544 60²
788 2506 812 2543 ἆ
834 2488 1041 2553 φαινόλις.
1063 2534 1071 2542 .
1096 2508 1160 2542 καὶ
1185 2504 1257 2559 γὰρ
1283 2504 1345 2543 ὄϊν
1370 2504 1415 2542 σὺ
1442 2504 1582 2563 φέρεις,
1609 2505 1738 2551 φέρεις

217 2555 318 2614 αἶγα,
351 2555 555 2614 φέρεισθα
571 2555 612 2592 δὲ
646 2556 756 2602 ματρὶ
787 2556 933 2599 Harsa,
966 2555 1138 2600 Hartung
1172 2559 1262 2600 αἱγα
1295 2550 1340 2589 σὺ
1372 2552 1430 2590 οἶν
1460 2566 1499 2588 τε
1527 2551 1666 2598 φέρεις,
1692 2552 1738 2589 σὺ

217 2616 346 2656 φέρεις
371 2604 436 2639 καὶ
461 2602 594 2650 ματέρι
618 2604 749 2640 παῖδα.
799 2602 966 2648 Koechly
991 2601 1267 2638 commendavit
1298 2599 1356 2637 οἶν
1382 2598 1427 2636 σὺ
1453 2598 1582 2646 φέρεις
1607 2613 1644 2636 τε
1673 2601 1738 2636 καὶ

215 2655 306 2696 αἶγα
332 2651 461 2697 φέρεις
485 2651 550 2686 καὶ
575 2650 708 2697 ματέρι
731 2651 860 2687 παῖδα.

310 2746 370 2781 Fr.
396 2750 451 2782 96.
478 2745 597 2781 Cram.
619 2746 686 2780 An.
710 2746 774 2781 Ox.
795 2746 887 2790 171,
910 2748 969 2781 19:
996 2742 1016 2779 ὁ
1043 2741 1084 2780 δ’
1112 2741 1268 2786 Αἰολεὺς
1292 2743 1438 2789 τριχῶς·
1462 2738 1543 2778 Ἀεὶ
1574 2755 1610 2777 π.
1639 2741 1737 2778 ἔσο-

217 2806 314 2837 μαι·
341 2792 405 2828 καὶ
430 2791 507 2829 αἰεὶ
532 2792 596 2828 καὶ
621 2791 716 2830 αἰέν.
760 2791 904 2828 Ahrens
930 2792 1098 2828 correxit.
1149 2791 1203 2827 Cf.
1229 2792 1348 2828 Cram.
1375 2791 1443 2826 An.
1471 2789 1552 2825 Par.
1580 2790 1631 2825 111
1656 2795 1738 2834 321,

217 2843 279 2874 22;
306 2837 564 2886 αειπαρθενος
589 2837 652 2875 δια
679 2841 744 2886 τῆς
777 2853 810 2875 ει
837 2837 1055 2885 διφθόγγου
1085 2836 1274 2884 γράφεται
1304 2837 1439 2878 κοινῶς
1446 2836 1668 2882 ,Αἰολικῶς
1693 2818 1738 2873 δέ

218 2884 280 2923 διὰ
307 2888 372 2922 τοῦ
402 2895 426 2923 ῑ.
471 2887 576 2923 Adde
602 2887 799 2923 Herodian.
826 2887 946 2933 Epim.
975 2891 1042 2923 184
1068 2886 1124 2923 ed.
1150 2885 1264 2922 Boiss.

628 2956 644 2973 ι
