1864 3126
570 167 794 206 CARMINA
819 169 1108 207 POPULARIA.
1516 168 1600 212 671

800 279 870 321 41.
1515 288 1603 321 1311

157 339 308 402 Ἦλιν,
339 339 453 403 ἦλθε
484 345 688 404 χελιδών,

163 416 301 471 καλὰς
332 416 451 475 ὥρας
482 416 674 475 ἄγουσα,

165 488 330 543 καλοὺς
362 490 616 545 ἐνιαυτούς,

165 561 235 607 ἐπὶ
266 562 458 621 γαστέρα
490 561 647 616 λευκά,

117 646 138 679 ⁶
165 633 235 679 ἐπὶ
267 635 388 678 νῶτα
418 633 616 691 μέλαινα.

163 705 376 750 παλάθαν
408 703 466 749 σὺ
496 704 735 764 προκύκλει

162 778 208 822 ἐκ
239 780 396 830 πίονος
426 781 577 833 οἴκου,

164 854 293 894 οἴνου
323 866 369 893 τε
401 849 665 907 δέπαστρον,

164 922 314 979 τυρῶν
345 936 391 964 τε
422 919 693 978 κάνυστρον·

95 1006 139 1037 10
163 992 238 1037 καὶ
269 990 418 1051 πύρνα
449 994 638 1050 χελιδών

163 1064 237 1109 καὶ
269 1066 500 1108 λεκιθίταν

162 1133 245 1179 οὐκ
276 1133 535 1179 ἀπωθεῖται.
598 1133 747 1193 πότερ’
783 1133 1000 1192 ἀπίωμες,
1033 1132 1060 1192 ἢ
1092 1136 1356 1193 λαβώμεθας

133 1209 203 1251 ·εἰ
232 1207 313 1263 μέν
344 1224 386 1251 τι
419 1205 597 1259 δώσεις·
630 1208 671 1251 εἰ
701 1205 751 1251 δὲ
782 1207 862 1264 μή,
895 1204 977 1251 οὐκ
1009 1205 1212 1264 ἐάσομεν,

162 1362 220 1398 Fr.
247 1365 303 1397 41.
354 1361 490 1397 Athen.
516 1361 603 1397 VIII
636 1365 706 1397 360
724 1360 774 1396 B:
818 1360 895 1396 Καὶ
929 1363 1174 1407 χελιδονίζειν
1212 1361 1255 1399 δὲ
1293 1366 1467 1399 καλεῖται
1500 1377 1605 1409 παρα

61 1406 219 1450 Ῥοδίοις
243 1406 408 1455 α’·γερμός
432 1422 487 1450 τις
506 1405 638 1466 ᾇλλος,
662 1408 751 1454 περὶ
776 1402 823 1445 οὗ
850 1407 1009 1455 Θέογνίς
1034 1421 1150 1454 φησιν
1177 1406 1218 1446 ἐν
1239 1408 1403 1459 δευτέρῳ
1423 1412 1510 1457 περὶ
1529 1412 1604 1448 τῶν

69 1453 110 1493 ἐν
131 1453 247 1504 Ῥόδῳ
272 1457 420 1492 θυσιῶν
445 1469 604 1502 γραφῶν
631 1452 766 1497 οὕτως·
801 1454 916 1498 Εἶδος
941 1455 985 1492 δέ
1009 1470 1045 1492 τι
1070 1457 1137 1494 τοῦ
1163 1454 1331 1504 ἀγείρειν
1357 1459 1603 1505 χελιδονίζειν

67 1502 106 1540 οἷ
135 1500 275 1540 Ῥόδιοι
318 1504 514 1548 καλοῦσιν,
558 1500 579 1539 ὃ
623 1505 770 1550 γίνεται
813 1505 863 1540 τῶ
903 1505 1164 1551 Βοηδρομιῶνι
1206 1506 1316 1551 μηνί·
1359 1507 1605 1552 χελιδονίζειν

66 1550 108 1587 δὲ
133 1550 282 1597 λέγεται
307 1550 372 1587 διὰ
398 1548 440 1587 τὸ
469 1548 609 1592 εἰωθὸς
640 1542 941 1610 ἐπιφωνεῖσθαι·
986 1546 1110 1588 Ἦλθ’
1141 1556 1217 1588 κτλ.
1250 1551 1315 1588 τὸν
1354 1551 1396 1589 δὲ
1435 1551 1604 1601 ἀγερμὸν

66 1599 200 1636 τοῦτον
225 1597 420 1643 κατέδειξε
447 1600 593 1644 πρῶτος
617 1600 852 1647 Κλεοβσυλος
878 1596 897 1635 ὁ
925 1600 1077 1641 Λίνδιος
1111 1597 1152 1636 ἐν
1179 1601 1304 1649 Λίνδῳ
1336 1603 1465 1647 χρείας
1496 1615 1603 1648 γενο-

65 1645 182 1694 μένης
206 1648 386 1693 συλλογῆς
421 1644 631 1694 χρημάτων.
683 1646 738 1685 Cf.
764 1647 867 1684 Eust.
897 1651 1001 1693 1914,
1026 1651 1071 1683 45
1103 1648 1169 1684 ubi
1200 1648 1407 1685 afferuntur
1436 1661 1471 1686 v.
1500 1654 1603 1695 1—5,

65 1695 200 1731 deinde
233 1692 315 1731 εἶτα
347 1691 397 1736 ῶς
429 1692 470 1731 ἐν
509 1692 670 1740 συνόψει
708 1692 851 1741 φάναι,
889 1691 934 1731 οὔ
971 1692 1154 1731 παλάθαν
1193 1696 1379 1742 ζητοῦμεν
1419 1698 1524 1734 οἴνου
1562 1710 1602 1734 τε

66 1740 296 1788 δέπαστρον,
334 1740 358 1778 ἆ
391 1740 549 1788 χελιδών
586 1742 652 1778 καὶ
686 1744 884 1779 λεκιθίταν
916 1739 986 1779 οὖκ
1019 1740 1236 1779 ἀπωθεῖται
1268 1756 1386 1790 usque
1410 1745 1459 1781 ad
1483 1758 1518 1782 v.
1547 1749 1602 1791 15,

65 1788 160 1836 μετὰ
186 1788 227 1825 δὲ
255 1786 364 1836 ὀλίγα
387 1791 597 1826 τελειοῦται
624 1787 646 1836 ἡ
673 1787 753 1836 ᾥδὴ
781 1789 837 1832 εἰς
860 1789 902 1827 τὸ
930 1787 1081 1837 ἄνοιγ’
1109 1794 1184 1828 κτλ.
1210 1793 1282 1836 (19.
1303 1793 1376 1837 20).
1426 1793 1530 1829 Dixit
1556 1794 1601 1829 de

66 1838 139 1874 hoo
173 1838 336 1874 carmine
367 1838 514 1874 Ahrens
545 1837 641 1874 Dial.
675 1838 763 1875 Dor.
796 1842 876 1875 478.
928 1839 1088 1875 Schema
1120 1851 1155 1877 v.
1185 1843 1310 1876 1-11.
1339 1844 1381 1876 17
1409 1842 1449 1876 et
1475 1844 1518 1877 18
1546 1843 1604 1877 est

65 1896 148 1920 ven
161 1902 187 1920 υ
201 1903 226 1920 υ
238 1915 260 1920 -
273 1897 298 1919 2
310 1885 372 1922 vel
385 1915 407 1920 -
420 1899 442 1920 ‚L
455 1902 516 1920 υυ
528 1915 550 1920 ..
562 1897 604 1930 u,
623 1885 784 1932 denique
803 1886 919 1922 etiam
938 1886 1086 1923 abiecta
1103 1887 1215 1932 plane
1228 1887 1400 1924 anacrusi
1412 1901 1436 1922 ,ι
1448 1905 1510 1923 uu
1524 1918 1544 1923 -
1558 1900 1601 1934 ε,

64 1934 107 1969 ut
128 1937 171 1978 11
191 1935 231 1968 et
251 1937 306 1978 17,
325 1944 554 1979 quamquam
571 1933 683 1969 facile
702 1933 743 1969 hi
762 1944 911 1980 quoque
929 1936 1104 1980 poterant
1122 1934 1269 1981 corrigi.
1311 1934 1386 1971 Sed
1405 1947 1480 1972 non
1498 1936 1604 1972 vide·

64 1982 126 2016 tm·
150 1980 345 2017 ferendum
363 1981 514 2017 schema
534 1981 606 2016 hoc
632 1994 655 2015 J.
673 1993 697 2016 κ.»
715 2011 738 2016 -
756 1999 781 2016 υ
799 1999 823 2016 υ
842 2012 863 2016 -
881 1993 922 2027 ι-κ,
949 1992 1063 2028 quare
1083 1994 1119 2018 v.
1138 1986 1159 2017 3
1181 1984 1220 2018 et
1239 1986 1261 2018 δ
1281 1982 1433 2020 con-exi.
1478 1983 1603 2030 Copu-

66 2028 191 2065 lantur
216 2030 355 2074 autem,
381 2030 423 2064 ut
446 2029 490 2064 fit
513 2029 552 2064 in
577 2028 822 2075 popularibus
847 2030 1054 2072 cantilenis,
1078 2029 1158 2065 bini
1184 2041 1331 2077 semper
1355 2042 1501 2076 versus,
1525 2031 1600 2068 nisi

66 2076 166 2122 quod
190 2075 334 2122 primus
359 2077 460 2112 haud
485 2077 610 2123 inepte
637 2076 838 2123 singularis
863 2078 932 2114 eet.
959 2097 1004 2104 —
1031 2078 1074 2112 V.
1103 2082 1134 2114 1.
1161 2078 1350 2115 Hermann
1376 2073 1472 2124 ἦνθ’
1499 2073 1596 2125 ἦνθε

65 2123 191 2160 Doctr.
217 2123 324 2160 Metr.
345 2128 425 2161 461.
442 2145 484 2151 -
499 2123 543 2160 V.
563 2128 597 2162 2.
624 2118 724 2170 ὧρας
747 2124 951 2170 Hermann,
976 2135 1012 2162 v:
1037 2121 1147 2171 ὥρας.
1166 2145 1210 2151 -
1225 2125 1269 2162 V.
1291 2130 1324 2162 3.
1350 2124 1489 2167 καλοὺς
1508 2127 1600 2163 Her—

66 2183 195 2216 mann,
225 2183 260 2209 v.
286 2171 351 2207 καὶ
382 2169 529 2212 καλοὺς.
565 2193 609 2198 -—
634 2172 678 2210 V.
705 2176 737 2208 5.
772 2170 836 2208 ἐπὶ
866 2173 1054 2218 Eustath.,
1089 2171 1184 2209 κάπὶ
1214 2173 1340 2219 vulgo.
1367 2195 1412 2200 —
1439 2173 1599 2220 μέλαινα

66 2218 180 2263 Euat..
235 2218 351 2255 έλανα
371 2219 476 2256 BPV.
501 2240 542 2245 —-
563 2218 606 2255 V.
628 2224 660 2257 6.
687 2218 868 2256 παλάθαν
895 2218 940 2256 σὺ
967 2218 1171 2265 προκύκλει
1196 2220 1396 2265 Hermann,
1422 2233 1456 2258 v.
1478 2219 1597 2258 παλά-

63 2269 144 2302 θαν
176 2279 222 2302 ov
253 2267 319 2311 (Pl
348 2264 570 2311 φαλάνθου,
597 2266 649 2302 P2
674 2264 919 2314 παλαθάνου)
943 2270 1183 2312 προκυκλεῑς,
1218 2268 1391 2304 Meineke
1416 2266 1599 2305 παλάθαν

65 2311 290 2359 προκύλισον
327 2314 387 2349 vel
425 2311 701 2360 προκύκλησον,
739 2314 838 2350 idem
877 2318 1072 2370 ptjaeterea
1109 2315 1305 2362 proposuit
1335 2313 1518 2352 παλάθαν
1554 2314 1599 2352 οὐ

17 2359 29 2370 ‘
64 2362 300 2407 προκυλίσεις
317 2362 577 2407 (προκυλίεις)ς
603 2362 704 2407 quod
729 2373 752 2398 a
777 2373 940 2398 nnmens
966 2362 1076 2398 huius
1102 2362 1314 2399 cantilenae
1340 2364 1527 2400 abhorret.
1551 2384 1595 2391 -

67 2409 109 2444 V.
135 2413 166 2446 9.
194 2409 316 2454 τυρῶν
341 2408 388 2453 Β,
414 2409 512 2454 τυρῶ
537 2407 612 2453 PV,
638 2410 754 2455 τυροῦ
782 2409 822 2445 L.
849 2430 895 2435 —-
921 2407 1131 2454 κάνυστρον
1158 2409 1190 2444 V
1215 2410 1276 2455 (of.
1304 2411 1438 2446 Pollux
1464 2410 1497 2447 X
1522 2414 1597 2456 86),

66 2453 299 2502 κάννυστρον
325 2456 473 2502 BDPQ,
498 2454 699 2502 κάνιστρον
726 2457 766 2493 L.
794 2477 837 2484 —-
867 2457 907 2494 V.
938 2462 991 2494 10.
1027 2457 1092 2493 καὶ
1116 2454 1241 2503 πύρνα
1266 2457 1424 2504 χελιδών
1451 2459 1522 2494 scri
1552 2460 1595 2505 si,

65 2502 132 2540 καὶ
157 2504 312 2550 πυρῶνα
338 2502 493 2550 χελιδὼν
513 2504 557 2548 A,
582 2503 648 2540 καὶ
672 2505 801 2550 πυρῶν
821 2501 846 2540 ἆ
867 2501 1024 2550 χελιδών
1046 2506 1086 2549 Β,
1111 2504 1177 2540 καὶ
1195 2506 1325 2551 πυρῶν
1345 2504 1502 2552 χελιδών
1553 2507 1593 2551 L,

66 2551 180 2598 vulgo
206 2549 405 2597 κάνιστρον
430 2550 496 2586 καὶ
520 2552 666 2596 πυρῶν;
692 2549 717 2588 ἆ
744 2551 911 2598 χελιδών.
958 2553 1101 2588 Ahrens
1121 2554 1243 2596 τυρῶν
1262 2566 1301 2589 τε
1322 2567 1355 2589 κ.
1376 2555 1561 2598 καπυρῶ
1576 2567 1598 2590 ν

66 2595 90 2634 ἆ
117 2598 285 2644 χελιδών.
330 2598 479 2635 conieci
510 2599 625 2635 etiam
657 2600 905 2646 καπυρῶνα
938 2598 1094 2646 χελιδὼν
1126 2600 1190 2636 καὶ
1215 2604 1309 2645 λεκ.,
1341 2603 1384 2637 nt
1415 2599 1595 2647 καπυρῶν

66 2646 179 2682 fuerit
202 2647 310 2693 panis
334 2657 463 2693 genus,
489 2646 589 2692 qnod
613 2649 840 2694 καπυρίδιον
863 2648 977 2684 vocat
998 2646 1133 2684 Athen.
1160 2647 1211 2683 111
1239 2651 1307 2684 113
1328 2648 1371 2684 D.
1396 2669 1443 2674 —
1470 2648 1514 2685 V.
1541 2654 1595 2685 11.

66 2695 274 2739 λεκιθίταν,
299 2697 425 2730 λεκιθι
451 2691 522 2729 τὰν
548 2692 587 2737 Ρ,
618 2695 744 2731 λεκίθι
768 2692 841 2731 τάν
865 2695 909 2731 V.
934 2695 1124 2731 Hermann
1149 2692 1217 2731 τὸν
1242 2698 1336 2739 λεκ.,
1363 2696 1507 2732 Ahrenfl
1533 2696 1598 2733 καὶ

67 2739 114 2786 δὴ
134 2744 223 2787 λεκ.,
249 2741 419 2777 Meineke
444 2738 584 2787 κᾶρτον
602 2744 678 2777 λεκ.
694 2762 737 2769 ·—
753 2742 796 2779 V.
820 2746 873 2780 12.
900 2739 1128 2788 ἀπωθεῖται,
1147 2742 1177 2777 Ρ
1196 2739 1412 2779 άποθεῖται.
1440 2743 1597 2780 Versum

66 2789 296 2825 trochaicum
310 2789 471 2825 alienum
488 2799 568 2824 esse
582 2791 709 2826 censet
719 2789 901 2835 Meineke,
914 2790 1044 2835 itaque
1057 2790 1149 2826 haec
1163 2790 1278 2826 verba
1290 2786 1360 2826 οὐκ
1379 2788 1595 2828 ἀπωθεῖται

67 2839 244 2882 corrupta.
263 2848 343 2873 esse
363 2836 579 2896 arbitratum-3
597 2836 731 2873 deinde
750 2837 960 2874 trimetrum
980 2837 1146 2873 restituit
1163 2834 1305 2884 πότερα
1325 2836 1462 2875 πάλιν
1480 2835 1598 2879 ἀπίω-

66 2895 144 2929 μες,
169 2884 231 2920 vel
249 2882 392 2930 πότερα
418 2884 547 2921 κενοὶ
583 2885 735 2931 πίωμες,
761 2885 1073 2930 quemadmodum
1092 2885 1168 2921 iam
1190 2885 1333 2922 Ahrens
1354 2886 1447 2923 coni.
1468 2885 1598 2924 κενοὶ

67 2927 212 2978 πότερ’.
228 2952 272 2959 —-
287 2928 468 2978 ἀπίωμες,
482 2928 654 2979 ἀπίωμεν
669 2932 696 2968 C
710 2934 750 2969 et
762 2932 864 2969 Euat.
879 2932 978 2970 —V.
995 2936 1050 2969 13.
1064 2932 1110 2970 cf.
1125 2933 1278 2970 Homeri
1291 2933 1409 2971 Carm.
1424 2934 1515 2973 min.
1528 2934 1597 2971 XV
