1864 3126
253 148 338 190 684
572 133 574 138 ’
741 146 962 182 CARMINA
987 146 1271 183 POPULAmA.

251 259 425 305 astricta,
446 259 609 305 seiunxi,
630 259 742 296 velut
766 271 979 308 puerorum
1006 259 1256 307 cantilenam,
1283 249 1402 310 quem
1426 262 1624 300 memorat
1641 261 1770 302 Schol.

251 324 451 372 Aristoph.
480 324 553 361 Av.
580 325 652 362 56:
686 319 766 370 Δὸς
796 319 838 362 τὸ
872 321 1004 371 σκέλος
1035 325 1080 377 τῇ
1105 322 1224 378 πέτρᾳ
1249 323 1313 364 καὶ
1337 327 1548 369 πεσοῦνται
1573 321 1618 364 τὰ
1645 322 1774 378 ὄρνεα,

250 388 313 426 vel
344 400 479 436 preces
514 388 817 427 Atheniensium
848 389 891 426 in
922 389 1112 428 honorem
1143 390 1250 429 Iovis
1282 390 1432 439 Pluvii,
1469 403 1569 440 quas
1610 391 1775 431 adhibet

252 453 408 490 Marcus
441 453 586 491 Anton.
618 452 653 489 V
688 455 730 491 7:

453 539 584 597 ²Y60v‚
614 539 727 596 ῦσον,
760 540 790 586 ὧ
823 547 910 597 φίλε
941 550 1030 598 Ζεῦ,

461 607 558 650 κατὰ
588 614 657 663 τῆς
688 605 862 662 ἀρούρας
893 605 963 663 τ’ῆς
989 609 1220 663 Ἀθηναίων
1250 612 1315 653 καὶ
1346 616 1425 653 τῶν
1455 613 1613 654 πεδίων.

250 706 316 743 ubi
348 707 479 744 nescio
512 719 561 744 an
601 707 852 745 scribendum
892 708 963 746 sit:
1001 703 1098 746 κατὰ
1133 710 1202 759 τῆς
1239 704 1411 759 ἀρούρας
1447 711 1514 760 τῆς
1545 705 1774 760 Ἀθηναίων
1811 701 1815 703 ’

249 769 313 808 καὶ
345 773 422 809 τῶν
454 771 718 820 Πεδιαίων,
750 774 796 811 ut
821 773 964 811 urbani
989 775 1147 813 tantum
1171 786 1243 822 pro
1270 786 1311 812 se
1337 776 1379 812 et
1403 774 1585 813 Pediaeis
1611 774 1772 813 deorum

248 847 386 884 pacem
417 836 728 885 imploraverint.

369 901 460 939 Alia
486 902 672 951 carmina,
700 902 885 951 quoniam
911 904 1141 942 recentioris
1169 904 1332 954 originis
1358 906 1473 943 notas
1499 905 1605 943 haud
1632 905 1772 944 dubias

248 979 344 1015 prae
377 979 419 1004 se
451 967 596 1015 ferunt,
628 979 705 1005 non
737 967 778 1005 in
810 967 987 1006 ordinem
1025 969 1173 1017 recepi,
1212 969 1322 1007 velut
1360 981 1499 1008 versus
1540 982 1588 1008 ex
1617 970 1775 1018 Hymno

246 1033 288 1069 rin
319 1031 555 1079 Apollinem:
578 1032 793 1070 'Hermann
823 1033 929 1082 apud
960 1033 1249 1072 Buttmannum
1289 1032 1456 1084 Mythol'.
1490 1035 1507 1072 I
1542 1037 1626 1074 277
1659 1035 1773 1086 hym-

247 1109 341 1133 num
373 1096 423 1134 ad
454 1097 711 1135 novissimam
743 1097 1039 1136 Platonicorum
1072 1101 1219 1137 sectam
1252 1099 1386 1148 refert,
1419 1100 1460 1137 et
1491 1100 1672 1148 quamvis
1703 1100 1776 1138 du-

247 1162 423 1199 bitanter
454 1161 530 1210 ipsi
563 1161 786 1212 Porphyrio
818 1163 977 1212 tribuit,
1015 1164 1254 1202 adversante
1285 1164 1529 1202 Buttmanno
1568 1165 1659 1203 huic
1690 1165 1776 1215 qui-

246 1225 336 1263 dem
369 1226 593 1275 suspicioni.
658 1227 806 1266 Versus
840 1229 934 1266 sunt
964 1228 1022 1266 hi:

529 1318 604 1359 Σοὶ
636 1316 672 1358 δ’
707 1317 784 1373 ἄρα
814 1318 944 1375 πηγὰς
974 1325 1124 1374 νοερῶν
1155 1318 1313 1362 ὑδάτων

528 1380 717 1438 (Ναΐδες)
749 1382 904 1438 ἄντροις
935 1388 1162 1439 μίμνουσαι,

531 1449 673 1501 ἔταμον
704 1451 818 1504 γαίης
850 1448 1140 1504 ἆτιταλλόμεναι
1195 1472 1200 1476 ·

532 1511 722 1566 πνεύματι
755 1513 904 1568 μούσης
934 1516 1079 1557 θέσπιν
1110 1517 1149 1566 ἐς
1181 1514 1335 1570 ὀμφήν·

484 1588 504 1620 5
530 1579 592 1619 ταὶ
624 1576 660 1620 δ’
695 1576 796 1633 ὑπὲρ
828 1575 951 1631 οὖδας

531 1639 596 1684 διὰ
629 1642 757 1685 πάντα
788 1643 895 1699 νάπη
927 1643 1095 1700 ῥήξασαι

528 1709 740 1763 παρέχουσι
770 1713 926 1763 βροτοῖς
956 1714 1156 1765 γλυκερῶν
1187 1712 1358 1765 ῥείθρων

528 1769 680 1823 ἀλιπεῖς
710 1772 895 1828 προχοάς.

245 1871 428 1911 Servavit
459 1872 529 1909 hos
568 1883 707 1909 versus
739 1871 932 1922 Porphyr.
964 1872 1012 1910 de
1044 1874 1160 1911 antro
1191 1874 1354 1922 nymph.
1386 1887 1417 1912 c.
1450 1875 1493 1911 8:
1530 1869 1590 1912 ὅτι
1626 1870 1669 1912 δὲ
1704 1872 1770 1913 καὶ

242 1939 326 1983 ταῖς
357 1932 533 1986 νύμφαις
563 1931 795 1974 ἀνετίθεσαν
834 1932 973 1988 ἄντρα,
1011 1935 1076 1975 καὶ
1112 1933 1261 1976 τούτων
1299 1933 1460 1988 μάλιστα
1496 1941 1579 1984 ταῖς
1609 1939 1770 1989 Ναΐσιν,

248 2001 292 2039 αἳ
321 1999 384 2040 ἐπὶ
414 2002 553 2053 πηγῶν
591 2000 682 2049 εἰσί,
720 1997 796 2039 κᾶκ
832 2003 909 2040 τῶν
946 1996 1122 2050 ὑδάτων,
1159 1998 1231 2052 ἀφ’
1274 1994 1330 2041 ὧν
1367 2002 1440 2041 εἱσι
1476 2002 1583 2054 ῥοαί,
1619 2003 1771 2052 Ναΐδες

246 2064 471 2115 ἐκαλοῦντο,
503 2065 622 2115 δηλοῖ
640 2063 704 2104 καὶ
730 2060 750 2104 ὃ
778 2065 842 2112 εἰς
870 2059 1143 2106 Ἀπόλλωνα
1173 2063 1333 2118 ῦμνος,
1365 2066 1408 2106 ἐν
1434 2060 1464 2122 ᾧ
1489 2065 1650 2119 λέγεται·
1682 2067 1769 2109 Σοὶ

245 2127 282 2169 δ’
317 2133 394 2170 κτλ.
429 2151 480 2156 -
518 2129 559 2168 V.
596 2134 629 2169 1.
663 2133 812 2181 νοερῶν
844 2131 949 2169 haud
982 2132 1061 2170 scio
1094 2145 1144 2170 an
1182 2132 1396 2182 Porphyrii
1432 2132 1587 2171 librarii
1626 2133 1768 2172 intule-

242 2197 333 2243 rint,
365 2198 524 2245 poetam
557 2198 714 2247 ναρῶν
747 2197 952 2245 scripsisse
983 2197 1179 2236 existimo.
1217 2219 1263 2224 --
1302 2198 1346 2235 V.
1382 2200 1417 2235 2.
1451 2197 1601 2244 Ναΐδες
1631 2198 1768 2247 adieci,

242 2261 348 2311 quod
374 2262 446 2300 hoc
472 2262 556 2300 loco
583 2262 729 2299 lectum
756 2274 842 2299 esse
868 2262 1115 2312 Porphyrius
1140 2263 1225 2312 ipsc
1253 2265 1436 2301 testatur.
1467 2283 1513 2289 -—
1544 2262 1768 2313 μίμνουσαι,

239 2326 330 2365 fort.
363 2325 556 2373 ναίουσαι,
588 2339 666 2364 van
699 2326 830 2365 Goens
862 2321 1069 2377 ὑμνοῦσαι.
1107 2349 1154 2353 -
1183 2327 1230 2367 V.
1265 2330 1302 2367 3.
1333 2325 1475 2378 ἔταμον
1505 2330 1596 2377 post
1626 2340 1765 2377 paroe-

241 2390 412 2429 miacum
450 2391 619 2439 inserui,
657 2391 807 2441 legitur
838 2392 959 2440 vulgo
996 2387 1154 2431 ὑδάτων
1183 2390 1298 2443 τέμον
1331 2388 1500 2444 (Barnes
1530 2387 1672 2446 τάμον)
1702 2389 1769 2432 ἅν-

237 2470 342 2504 τροις
374 2454 454 2506 μίμ.
486 2455 612 2507 γαίης.
639 2476 696 2482 —-
722 2455 768 2494 V.
796 2458 834 2494 4.
867 2452 1071 2507 πνεύματι,
1103 2457 1254 2495 Barnes
1285 2452 1494 2507 πνεύμασι,
1524 2469 1603 2495 van
1634 2455 1766 2496 Goens

238 2519 355 2572 γαίην
386 2515 541 2572 (γαῖαν)
574 2516 630 2559 ἆτ.
663 2516 835 2571 ῥεύμασι.
864 2541 911 2547 —
952 2520 998 2558 V.
1027 2523 1062 2561 6.
1096 2517 1202 2571 νάπη
1235 2521 1448 2568 Hermann,
1484 2516 1561 2571 νοὶη
1592 2521 1657 2560 vel
1687 2517 1764 2572 ναὴ

236 2587 370 2637 vulgo,
402 2587 554 2625 Barnes
585 2581 778 2636 νασμούς,
813 2589 1022 2635 praeterea
1054 2587 1258 2624 Hermann
1297 2588 1387 2636 post
1424 2581 1590 2637 ῥήξασαι
1619 2586 1766 2625 addere

238 2652 367 2690 voluit
396 2647 469 2690 ἆεί.
505 2673 553 2678 -
589 2651 728 2700 Neque
760 2651 947 2701 reliquias
979 2652 1129 2700 Hymni
1159 2653 1202 2690 in
1231 2652 1363 2689 Iovem
1394 2651 1542 2700 recepi:

521 2751 599 2790 Δία
629 2747 697 2791 τὸν
727 2747 888 2790 πάντων
918 2748 1070 2791 ὕπατον
1100 2747 1237 2804 κλῄζω.

738 2827 761 2852 *
880 2828 903 2851 *
1022 2828 1046 2852 20<

524 2875 635 2919 Πολὺ
667 2876 741 2931 γὰρ
773 2876 874 2920 πολύ
904 2895 969 2931 μοι
999 2876 1041 2920 τὸ
1070 2869 1191 2932 ’μέσον
1221 2877 1356 2933 βιότου
