1864 3126
788 148 1066 186 SIMONIDES.
1602 147 1692 190 463

793 257 887 300 109.
922 257 1058 311 [168]

258 337 431 383 Τούσδε
462 336 558 383 ποτ’
594 339 642 383 ἐκ
674 337 886 395 Σπάρτας
918 336 1160 396 ἀκροθίνια
1195 342 1348 398 Φοίβῳ
1381 336 1572 394 ἄγοντας

312 411 361 454 ἓν
392 411 596 467 πέλαγος,
628 412 706 467 μία
738 410 836 466 νύξ,
869 404 932 462 εἷς
961 409 1104 467 τάφος
1137 410 1369 467 ἐκτέρισεν.

795 555 892 598 110.
924 554 1060 609 [169]

252 639 415 695 Θηρῶν
446 635 528 693 μὲν
559 635 794 694 κάρτιστος
825 635 933 693 ἐγώ,
965 638 1151 682 θνατῶν
1183 635 1247 693 δ’,
1281 633 1335 680 ὃν
1368 634 1453 693 ἐγώ
1486 638 1572 680 νῦν

311 710 514 765 φρουρῶ,
545 709 658 768 τῷδε
689 707 817 766 τάφῳ
851 706 1006 760 λάϊνος
1038 707 1275 766 ἐμβεβαώς.
1394 710 1396 712 ’

153 859 342 899 Ἑλλάνων
368 865 443 898 κτλ.
493 861 661 908 Equites,
688 862 753 908 qui
771 862 928 899 fortasse
953 862 992 898 in
1012 873 1141 908 pugna
1158 862 1322 908 equestri
1340 874 1457 908 prope
1477 862 1690 899 Eleusinem

157 909 384 954 ceciderunt,
414 911 591 956 poterant
613 910 684 946 hac
710 911 793 956 ipsa
817 910 908 946 urbe
935 910 1083 946 oriundi
1108 921 1208 955 esse,
1241 912 1284 946 ut
1313 911 1531 956 καλλίχορος
1555 910 1690 955 πατρὶς

156 957 312 1001 Eleusis,
340 968 413 994 non
438 956 671 994 Athenarum
695 958 784 994 urbs
810 958 869 994 sit.
919 957 1152 994 Eleusiniam
1183 957 1283 994 enim
1309 969 1441 1003 agrum
1475 957 1693 993 Cleomenes

156 1004 251 1041 nihil
280 1005 421 1041 veritus
451 1004 527 1041 loci
558 1005 845 1041 sanctimoniam
876 1007 1025 1041 vastum
1056 1005 1147 1042 fecit
1178 1004 1329 1051 (Herod.
1357 1005 1409 1040 VI
1434 1009 1492 1040 75:
1528 1005 1689 1040 Pausan.

155 1052 207 1088 111
223 1057 259 1098 4,
272 1053 323 1098 2),
342 1052 382 1088 id
400 1053 500 1098 quod
519 1052 771 1089 Athenienses
791 1052 997 1099 aegerrime
1015 1053 1194 1089 tulerunt.
1238 1053 1361 1098 Prope
1379 1053 1564 1098 templum
1583 1052 1691 1088 Cere·

155 1099 207 1136 ris
238 1102 320 1136 eret
348 1099 432 1136 fons
463 1102 709 1146 Καλλίχορος,
746 1100 821 1137 vid.
854 1101 1012 1136 Pausan.
1045 1100 1062 1135 I
1088 1104 1145 1145 38,
1171 1105 1193 1136 6
1227 1098 1327 1136 ἔνθα
1358 1101 1507 1145 πρῶτον
1529 1096 1691 1136 Ἐλευσι-

156 1149 249 1184 νίων
274 1145 318 1184 αἱ
333 1151 513 1193 γυναῖκες
532 1145 646 1194 χορὸν
668 1146 828 1196 ἔστησαν
846 1148 912 1184 καὶ
931 1142 1028 1195 ᾖσαν
1050 1145 1088 1189 ἐς
1105 1145 1216 1193 θεὸν,
1243 1147 1339 1183 adde
1366 1148 1474 1184 Hom.
1496 1148 1531 1183 h.
1552 1147 1591 1183 in
1612 1147 1692 1184 Cer.

156 1198 225 1231 271
246 1196 286 1232 et
305 1193 452 1231 Gallim.
478 1196 520 1231 in
545 1194 625 1232 Cer.
664 1195 799 1232 Kaibel
826 1195 1022 1242 Opsopoeo
1049 1197 1088 1232 et
1113 1195 1398 1232 Schneidewino
1424 1207 1598 1231 assensus
1625 1198 1692 1231 est.

254 1265 381 1324 Epigr.
413 1270 489 1302 109.
538 1266 652 1303 Anth.
684 1267 763 1303 Pal.
791 1266 861 1302 V-II
893 1271 982 1304 270:
1014 1279 1106 1304 corr.
1139 1268 1422 1314 Σιμωνίδου·
1456 1266 1483 1302 C
1517 1265 1571 1308 εἰς
1603 1264 1693 1308 τοὺς

157 1310 234 1350 ἀπὸ
266 1325 432 1360 σπαρτης
461 1311 754 1360 ναυαγήσαντας
789 1316 829 1351 et
859 1326 986 1351 rursus
1016 1327 1052 1362 p.
1085 1319 1155 1351 310
1186 1317 1274 1362 post
1304 1315 1372 1350 VII
1405 1318 1474 1350 650
1505 1325 1581 1351 non
1613 1315 1694 1350 sine

157 1361 254 1397 mira.
283 1361 456 1398 lectionis
493 1362 674 1398 varietate
713 1362 824 1398 aliter
859 1363 1096 1410 inscriptum:
1137 1373 1228 1399 corr.
1262 1363 1545 1408 Σιμωνίδουε
1580 1361 1606 1398 C
1639 1360 1694 1402 εἰς

158 1406 350 1455 ναυηγοὺς
373 1422 479 1450 τινας
505 1406 547 1446 ἐν
571 1411 752 1455 τυρρηνία
778 1407 1080 1456 ναυαῖγήσαντας.
1100 1431 1146 1436 -
1171 1410 1215 1447 V.
1239 1414 1270 1446 1.
1296 1408 1426 1446 Altero
1451 1408 1534 1446 loco
1559 1406 1690 1445 τούσδ’

160 1453 236 1493 ἀπὸ
273 1457 490 1502 Τυρρηνῶν.
534 1456 680 1492 Finsler
717 1469 782 1493 zur
818 1470 872 1504 gr.
912 1458 1024 1494 Anth.
1058 1462 1101 1494 91
1141 1458 1238 1493 hanc
1269 1457 1473 1494 lectionem
1504 1456 1692 1503 Cephalae

161 1502 445 1550 interpolationi
469 1504 659 1546 adscribit,
692 1505 785 1540 mihi
817 1516 923 1541 secus
948 1506 1110 1551 videtur,
1142 1516 1230 1540 nam
1261 1504 1292 1539 P
1317 1505 1435 1541 altero
1460 1504 1545 1540 loco
1571 1515 1694 1541 emen-

158 1551 267 1587 datas
291 1551 472 1588 lectiones
492 1553 617 1600 Φοίβῳ
643 1549 807 1597 ἄγοντας
837 1554 876 1588 et
897 1550 943 1589 ’ἓν
969 1550 1116 1599 σκάφος
1140 1553 1302 1598 exhibet,
1329 1554 1443 1598 atque
1470 1552 1502 1588 si
1527 1551 1694 1598 Apollini

259 1600 306 1644 'o,
325 1601 370 1635 ut
387 1602 677 1635 consentaneum
698 1601 766 1644 est,
794 1600 949 1637 donaria
968 1601 1156 1637 destinata
1174 1600 1337 1644 fuerunt,
1363 1599 1569 1646 Spartanos
1588 1599 1694 1646 lega-

157 1648 217 1683 tos
236 1646 437 1682 credideris
456 1647 590 1683 itinere
608 1647 775 1693 pedestri
795 1659 834 1684 se
853 1648 1019 1694 Delphos
1040 1647 1252 1691 contulisse,
1273 1658 1500 1693 quamquam
1520 1649 1696 1693 poterant

157 1693 279 1730 sinum
305 1693 586 1731 Corinthiacum
619 1694 708 1731 navi
734 1695 916 1732 traiicere.
964 1695 1004 1732 Si
1028 1692 1105 1731 ἀπὸ
1134 1695 1340 1741 Τυρρηνῶν
1366 1694 1594 1741 probaveris,
1620 1706 1694 1731 non

159 1740 344 1788 Tyrrheni
369 1741 548 1778 dedicant
572 1742 759 1788 primitias
791 1743 970 1789 Apollini,
996 1743 1062 1780 sed
1088 1743 1287 1779 manubiae
1321 1743 1367 1778 de
1393 1741 1596 1788 Tyrrhenis
1623 1741 1693 1778 deo

158 1787 374 1832 offeruntur,
403 1801 492 1826 nam
525 1786 601 1825 ἀπὸ
634 1789 781 1826 solenni
812 1802 913 1826 more
945 1790 1020 1827 dici
1045 1791 1143 1828 'solet
1167 1791 1213 1826 de
1238 1790 1440 1834 manubiis,
1474 1791 1515 1825 ut
1540 1801 1597 1835 ep.
1625 1793 1695 1826 134

159 1832 270 1872 ταῦτ’
297 1833 374 1873 ἀπὸ
401 1835 619 1883 δυσμενέων
645 1835 791 1882 Μήδων
824 1835 933 1875 ὅπλα.
978 1839 1181 1875 Aeschines
1214 1838 1298 1875 adv.
1326 1837 1489 1884 Ctesiph.
1519 1841 1604 1873 116:
1633 1834 1696 1873 ἒπ-

160 1880 391 1942 εγρᾶψαμειό
408 1882 450 1920 τὸ
470 1886 663 1930 προσῆκον
690 1883 757 1922 ἐπί
778 1898 924 1932 ραμμα·
949 1883 1140 1932 Ἀθηναῖοι
1165 1882 1243 1922 ἀπὸ
1263 1882 1411 1931 Μήδων
1430 1885 1495 1921 καὶ
1516 1886 1695 1933 Θηβαίων

158 1927 220 1967 ὅτε
247 1928 431 1967 τάναντία
456 1937 533 1974 τοῖς
549 1929 724 1979 Ἕλλησιν
772 1931 947 1980 μάχοντο,
975 1934 1134 1980 aliisque
1153 1933 1325 1980 plurimis
1345 1932 1450 1970 locis.
1485 1932 1695 1979 Singularis

158 1978 273 2025 plane
298 1979 490 2026 inscriptio
515 1980 660 2027 galeae,
688 1992 801 2026 quam
827 1981 941 2018 Hiero
968 1981 1143 2028 Olympio
1168 1981 1250 2017 Iovi
1275 1980 1463 2017 dedicavit
1489 1980 1692 2026 Tyrrhenis
1742 1982 1746 1985 ’

159 2037 276 2084 prope
307 2026 461 2063 Cumam
493 2027 650 2064 devictis
682 2028 792 2065 CIGr.
824 2029 841 2063 Ι
869 2033 911 2065 16
943 2030 993 2078 τῷ
1026 2029 1075 2065 Δὶ
1110 2025 1308 2075 Τυρ(ρ)οἱν’
1343 2025 1420 2064 ἀπὸ
1454 2025 1599 2074 Κύμας,
1631 2028 1694 2063 ubi

159 2086 236 2110 απο
259 2074 389 2110 eodem
409 2074 520 2111 modo
541 2074 684 2112 dictum
709 2077 778 2121 est,
805 2087 879 2123 quo
906 2077 1043 2113 Simon.
1070 2089 1128 2123 ep.
1153 2081 1220 2112 135
1246 2074 1397 2122 ἀνδρῶν
1422 2073 1562 2121 γενεὰν
1579 2071 1696 2116 Ἀσίας

159 2117 247 2205 ξῖτέἒ
263 2118 396 2168 χώρας.
427 2121 512 2205 ¹:Sin
544 2123 724 2206 ulsitattam
750 2123 1248 2208 interpretationtgmhyerbis
1280 2121 1357 2207 ἆνῖὸ
1395 2123 1602 2206 Ίζτὶῗὲανςὸν
1629 2122 1695 2204 atli-

159 2180 1036 2272 ηωιῗίῗῗεέςξῗεῗὲιῗῳΘέἓεὲῗῖὲὲεὲἓᾞιῗὲἒ
1068 2184 1200 2266 ξοέἓῖῗὲ
1226 2182 1485 2273 ἒέςὲἶςέἶέἴιέ
1499 2181 1697 2272 iazuffiiz

159 2274 257 2346 {²133}
279 2263 408 2358 ἓξὲξ,
418 2266 1193 2360 ‘2230vissssf'ffissiiieffffissmoffliissss
1202 2265 1528 2350 {kssfflleffissffssffi
1546 2264 1695 2347 ¹²53?

160 2357 276 2402 nides,
303 2357 367 2403 qui
392 2358 565 2395 Hieronis
589 2360 756 2406 hospitio
788 2363 878 2397 tunc
903 2327 1352 2407 utebatur,pepitaphium
1385 2359 1577 2405 scripsisse
1610 2371 1693 2395 cen-

161 2405 298 2441 sendus
329 2406 402 2449 est3
437 2408 538 2442 certe
569 2406 665 2442 nihil
696 2419 831 2445 causae
864 2411 938 2454 est,
971 2421 1036 2445 cur
1067 2421 1215 2445 carmen
1247 2409 1317 2445 hoc
1344 2406 1527 2443 Simonidi
1552 2406 1694 2442 abiudi-

162 2464 305 2489 cemus:
331 2453 362 2489 si
388 2465 421 2490 v.
449 2457 470 2488 2
496 2453 535 2489 in
560 2457 779 2491 memoriam
805 2458 956 2492 revocat
981 2456 1202 2492 Callimachi
1235 2458 1273 2491 et
1298 2456 1371 2491 τῶν
1397 2453 1591 2499 νεωτέρων
1618 2465 1637 2489 e
1667 2453 1695 2488 i-

162 2502 383 2546 grammata,
416 2512 511 2546 quae
545 2513 618 2537 uno
649 2501 808 2538 disticho
843 2505 1027 2548 constant,
1059 2504 1260 2540 tenendum
1289 2505 1356 2547 est,
1381 2502 1450 2538 hos
1477 2501 1605 2538 sedulo
1660 2501 1696 2538 ei

162 2549 297 2594 poetae
328 2547 491 2593 vestigia
521 2548 656 2594 legere.
691 2570 736 2575 —
771 2546 996 2596 ἀκροθίνια,
1028 2548 1246 2608 ἄκροθήνια
1280 2550 1360 2586 cod.
1394 2550 1473 2585 Pal.
1508 2549 1547 2584 et
1569 2548 1624 2585 Pl.
1652 2569 1696 2574 —

165 2596 289 2651 Φοίβῳ
316 2593 496 2641 ἄγοντας,
531 2596 610 2632 cod.
645 2595 673 2630 P
726 2596 823 2633 riore
855 2598 879 2634 l.
908 2594 1016 2647 Φοῖβ’
1051 2595 1277 2644 ἅγαγοντας.
1311 2618 1355 2623 -
1387 2596 1431 2633 V.
1459 2600 1491 2631 2.
1519 2593 1587 2640 νύξ
1615 2596 1695 2633 cod.

159 2643 192 2701 f
217 2654 342 2701 pnqre
368 2643 403 2687 l.,
431 2643 551 2679 albero
579 2655 662 2679 cum
718 2643 743 2678 l.
770 2646 876 2686 ναῦς.
915 2666 955 2671 -
989 2644 1044 2686 εἷς
1069 2643 1201 2691 τάφος,
1228 2645 1308 2682 cod.
1334 2645 1364 2680 P
1389 2644 1512 2691 priore
1538 2644 1562 2678 l.
1588 2644 1693 2680 Plan.

164 2702 206 2726 εν
232 2702 387 2736 σκαφος.

258 2761 387 2820 Epigr.
415 2766 493 2798 110.
533 2762 645 2798 Anth.
671 2762 750 2798 Pal.
776 2763 845 2797 VII
873 2767 959 2799 344:
985 2774 1077 2800 corr.
1109 2764 1394 2808 Σιμωνίδου·
1427 2763 1454 2798 C
1480 2761 1535 2804 είς
1558 2761 1692 2799 λέοντά

168 2821 252 2844 τινα
291 2822 338 2845 ον
365 2806 544 2855 ἐφρούρει
569 2808 663 2845 λέων
689 2807 930 2855 μαρμάρινος.
983 2810 1142 2855 Θηρῶν
1167 2838 1174 2845 .
1197 2838 1204 2845 .
1227 2840 1235 2847 .
1264 2807 1280 2846 ἒ
1324 2807 1499 2859 βεβαώς
1524 2812 1571 2855 (v.
1595 2815 1625 2847 1.
1646 2813 1693 2857 2).

165 2876 208 2882 —
241 2837 285 2892 ἦ.
313 2860 346 2892 2.
382 2857 553 2903 φρουρῶ,
587 2858 669 2893 fort.
703 2856 890 2902 φρουρέω.
924 2878 967 2884 -
999 2855 1129 2899 λάϊνος
1160 2823 1342 2893 Μθίυθέθκ
1362 2859 1401 2893 et
1430 2858 1477 2896 M.
1513 2858 1695 2903 Schmidt,

165 2913 288 2949 neque
313 2903 423 2940 aliter
446 2904 542 2950 legit
567 2904 755 2941 lemmatis
773 2906 915 2948 auctor,
942 2904 1021 2941 cod.
1043 2904 1072 2940 P
1090 2905 1218 2953 λαΐνῳ.
1239 2926 1285 2931 -
1311 2905 1408 2941 Huic
1427 2904 1590 2942 disticho
1610 2906 1693 2941 sub-
