1864 3126
715 132 1090 171 MELAmPPmES.
1406 115 1414 124 ’
1581 130 1665 175 591

883 245 924 287 4.

227 327 563 364 ,ιν-νων-

227 401 730 424 ..ιυυ-υυ-υυ..-

227 460 781 483 υυιυυ-υυ-υ-ιι

237 520 682 544 Ιυυ--ζυυ--

231 589 406 644 Πάντες
437 588 478 635 δ’
514 588 788 648 ἀπεστύγεον
818 587 967 647 ὕδωρ,

230 660 280 707 τὸ
311 662 420 717 πρὶν
451 660 600 715 ἐόντες
629 659 798 721 ἀΐδριες
829 665 978 716 οἴνου,

230 731 342 791 τάχα
374 736 430 791 δη
463 732 574 791 τάχα
603 733 673 778 τοὶ
705 731 787 790 μὲν
818 730 892 776 ἀπ’
928 726 994 776 ὦν
1028 729 1211 786 ὄλοντο,
1406 727 1409 731 ’
1581 742 1671 774 1246

230 804 299 850 τοὶ
332 804 382 849 δὲ
411 803 728 863 παράπληκτον
761 804 866 861 χέον
899 800 1063 860 ὀμφάν.

886 922 926 966 5.

230 1006 733 1031 νιν-ιυ-Ἁιυ-

228 1077 514 1137 Ἐπαίνυμον,
546 1075 723 1123 δέσποτ’
762 1074 891 1121 οἶνον
913 1060 1094 1128 Οἰνέος.

239 1428 390 1471 Κλῦθι
421 1443 519 1483 μοι,
549 1418 586 1469 ὦ
617 1422 776 1481 πάτερ,
807 1421 964 1479 θαῦμα
995 1424 1193 1481 βροτῶν,

233 1498 313 1550 τᾶς
343 1494 530 1550 ἀειζώου
561 1495 732 1553 μεδέων
763 1495 919 1551 ψυχᾶς.

891 1615 929 1658 7.

233 1697 1021 1735 κὶυιυυ-υυ---ιυυ-υυ..

235 1781 385 1828 Γλυκύ
415 1780 501 1839 γὰρ
532 1781 669 1839 θέρος
698 1778 867 1838 ἀνδρὸς
896 1776 1184 1837 ὑποσπείρων
1213 1780 1482 1836 πραπίδεσσι
1512 1778 1675 1825 πόθον.

236 1926 296 1962 Fr.
321 1929 354 1962 4.
404 1924 539 1961 Athen.
560 1924 612 1959 IX
630 1927 699 1960 429
721 1924 767 1960 B:
795 1919 846 1959 Οἰ
868 1920 911 1958 δὲ
937 1917 1167 1967 ἀγνοοῦντες
1190 1919 1263 1981 τὴν
1286 1922 1353 1958 τοῦ
1379 1923 1485 1958 οἴνου
1511 1920 1675 1969 δύναμιν

141 1971 212 2009 τὸν
234 1970 422 2009 Διόνυσον
449 1970 639 2029 φάσκουσι
663 1972 810 2029 μανιῶν
841 1968 942 2006 εἶναι
973 1971 1096 2006 αἴτιον
1128 1974 1206 2011 τοις
1239 1967 1477 2015 ἀνθρώποις,
1511 1971 1675 2018 βλασφη-

194 2022 304 2063 ῧντες
328 2017 373 2057 οὐ
400 2021 574 2067 μετρίως·
601 2015 697 2055 ὅθεν
723 2015 743 2055 ὃ
771 2019 1062 2063 Μελανιππίδης
1088 2016 1181 2063 ἔφη·
1215 2016 1365 2059 Πάντες
1395 2021 1471 2053 κτλ.
1504 2018 1678 2063 Harbung

141 2034 214 2105 fige
237 2068 283 2104 fr.
309 2070 350 2104 et
372 2068 416 2104 fr.
444 2072 464 2103 5
490 2068 601 2114 putat
664 2066 757 2103 etissa
794 2077 875 2102 esse
914 2077 959 2101 ex
996 2065 1254 2124 dithyrambo,
1290 2066 1350 2102 eui
1377 2062 1516 2106 Οἰνεὺς
1541 2077 1676 2102 nomen

145 2117 269 2153 fuerit.
294 2135 338 2142 -
366 2115 409 2152 V.
437 2119 470 2150 2.
497 2116 615 2159 οἴνου,
636 2079 670 2149 g
696 2112 811 2150 οἶνον.
839 2133 884 2140 -—·
911 2113 955 2149 V.
975 2117 1008 2149 3.
1036 2109 1105 2148 ἀπ’
1133 2125 1186 2148 ων
1211 2109 1343 2149 ολοντο
1369 2113 1524 2158 correxi,
1550 2115 1581 2148 A
1609 2107 1677 2148 οὖν

143 2159 412 2207 άπωλαύοντο,
437 2164 466 2198 Ρ
491 2142 750 2207 άπολάύοντο,
776 2161 840 2197 VL
868 2154 937 2197 οὖν
962 2157 1219 2202 ἄπελαύοντο,
1252 2160 1585 2217 Schweighaeuser
1609 2154 1678 2195 οὖν

143 2207 358 2256 dumam-vo,
382 2191 557 2255 H'artung
581 2209 674 2245 νοῦν
699 2189 898 2245 ἀπόλοντο.
924 2228 969 2234 -
995 2207 1039 2245 V.
1066 2212 1098 2244 4.
1125 2207 1183 2243 τοὶ
1210 2187 1249 2253 L,
1275 2208 1326 2256 τῷ
1351 2207 1396 2254 V,
1423 2205 1489 2243 τόν
1515 2208 1556 2243 Ρ.

238 2281 297 2317 Fr.
324 2286 357 2318 5.
406 2280 542 2316 Athen.
575 2280 609 2316 ΙΙ
639 2283 685 2316 35
704 2280 751 2316 A.
777 2276 858 2316 ’Ὁτι
890 2277 957 2315 τὸν
989 2276 1095 2315 οἶνον
1127 2275 1148 2314 ὁ
1180 2276 1427 2324 Κολοφωνιος
1459 2279 1678 2336 Νίκανδρος

141 2324 372 2387 ὠνομάσθαι
398 2327 514 2375 φησὶν
539 2324 616 2364 άπὸ
643 2325 819 2368 Οἰνέως.
895 2325 989 2372 φησὶ
1008 2324 1050 2362 δὲ
1071 2326 1136 2362 καὶ
1156 2327 1448 2383 Μελανιππίδης
1473 2323 1493 2361 ὁ
1514 2323 1677 2372 Μήλιος·

141 2373 290 2412 Ἐπῶνυ
387 2379 463 2414 κτλ.
490 2396 535 2403 -
562 2371 716 2411 δέσποτ’
744 2340 924 2419 (δέσποτα
927 2339 993 2419 ηΒ)
1018 2372 1134 2417 ΒΟΙ),
1168 2367 1197 2409 ὦ
1224 2370 1378 2409 δέσποτ’
1409 2373 1488 2418 VL,
1520 2374 1676 2410 fortasse

144 2420 198 2468 δ’,
224 2437 253 2459 ω
305 2420 433 2460 ἐσποτ’
456 2423 706 2467 scribendum,
725 2423 786 2458 vel
805 2419 1007 2468 ἐπώνυμον
1027 2419 1093 2462 δός
1111 2418 1211 2466 ποτ’,
1231 2422 1404 2467 Hartung
1423 2419 1490 2462 δὸς
1509 2419 1677 2457 δέσποτ’.

145 2491 189 2497 -
218 2469 354 2512 Οἰνέος
377 2471 520 2517 scripsi,
545 2483 580 2508 v.
608 2469 763 2511 Οἰνέως.

239 2542 298 2578 Fr.
326 2546 358 2579 6.
410 2541 524 2579 Clem.
550 2541 655 2578 Alex.
682 2541 818 2577 Βία-σω.
844 2540 878 2575 V
907 2544 990 2576 716:
1017 2537 1059 2577 ‘O
1089 2536 1291 2586 μελοποιὸς
1315 2538 1358 2576 δὲ
1385 2541 1678 2586 Μελανιππίδης

145 2586 306 2640 ᾄδωνφ
308 2590 409 2636 η·σίν
442 2589 595 2625 Κλῦθι
623 2591 698 2624 κτλ.
747 2588 890 2625 Eadem
922 2587 1211 2633 Euseb.Praep.
1239 2587 1419 2623 Ev.X111
1452 2588 1581 2631 6800,
1612 2587 1677 2623 ubi

146 2650 180 2673 v.
206 2637 300 2674 201⁴*
308 2603 518 2683 ηάειζώους,
543 2635 577 2670 D
602 2633 670 2678 τὰς
693 2632 849 2678 άειζωω.
877 2655 922 2662 -
947 2634 1094 2681 μεδέων
1125 2635 1252 2680 ψυχᾶς
1284 2634 1346 2669 DF
1372 2646 1432 2681 ap.
1459 2635 1675 2680 Eusebium,

144 2685 341 2731 legebatur
363 2685 490 2730 ψυχᾶς
509 2665 670 2730 μεδέων.

243 2754 302 2793 Fr.
330 2760 362 2792 ⁷.
411 2755 600 2791 Plutarch.
627 2753 730 2790 Erot.
755 2763 786 2789 c.
814 2757 875 2789 15:
905 2750 1054 2789 Γλυκῦ
1078 2750 1162 2798 γὰρ
1186 2751 1329 2798 θέρος
1353 2748 1391 2789 ἆ.
1411 2749 1444 2788 ὖ.
1463 2766 1502 2789 π.
1521 2766 1559 2789 π.
1579 2738 1677 2790 κατα

147 2800 212 2839 τὸν
237 2804 532 2862 Μελανιππίδην
557 2799 592 2859 (ὁ
611 2799 743 2847 Ἔρως)
768 2797 815 2836 τὰ
840 2796 974 2846 ἥδιστα
1000 2801 1150 2846 μίγνυσι
1180 2804 1258 2842 τοῖς
1289 2802 1512 2842 καλλίστοις·
1543 2797 1567 2847 ἢ
1598 2802 1678 2843 πῶς

151 2849 238 2907 ἔφη,
261 2849 432 2909 λέγομεν,
458 2864 486 2886 ω
514 2847 718 2894 Ζεύξιππε·
745 2868 788 2874 -
814 2848 1042 2905 πραπίδεσσι
1073 2846 1222 2894 scripsi,
1254 2846 1367 2894 vulgo
1393 2849 1602 2895 πραπίδων.
1630 2869 1675 2876 --

148 2895 287 2945 πόθον,
314 2898 343 2934 Ε
369 2897 494 2947 πόθῳ,
519 2898 616 2933 undo
641 2895 760 2943 possis
783 2892 920 2931 πόθων
944 2895 1153 2931 restituere.
