1864 3126
223 159 308 201 182
528 182 530 186 ι
781 158 971 196 ΡΟΕΤΑΕ
996 160 1174 197 MELICI.

878 267 1086 321 99.[92]

294 347 442 392 Πάλιν
474 346 501 391 ἀ
533 342 586 399 ὗς
616 351 859 406 παρορίνει.

518 526 534 540 ·
872 468 1106 522 100.[78]

293 546 498 604 Ἀμμέσιν
530 547 766 605 πεδάορον.

873 668 1105 720 101.[76]

293 746 422 791 Ἀλλὰ
453 747 600 792 σαύτω
633 749 824 805 μετέχων
856 747 968 804 ἄβας
998 746 1109 806 πρὸς
1139 749 1284 792 πόσιν.

873 880 1107 932 1ο2.[87]

286 958 404 1015 ”Εγω
437 958 518 1015 μὲν
550 958 606 1003 οὐ
638 960 723 1003 δέω
756 963 893 1003 ταῦτα
925 962 1265 1018 μαρτυρεῦντας.

875 1091 1108 1144 103.[9OJ

300 1172 388 1215 Καὶ
422 1175 671 1224 Σκυθίκαις
701 1170 1054 1228 ὑποδησάμενος.

322 1325 380 1360 F1.
408 1330 463 1380 99.
512 1324 762 1381 Paroemiogr.
789 1326 830 1360 T.
857 1326 888 1360 ΙΙ
917 1329 983 1361 765
1009 1325 1065 1362 ed.
1092 1325 1211 1362 Goth:
1237 1324 1386 1362 Πάλιν
1412 1323 1435 1372 ἡ
1461 1321 1507 1367 ὗς
1531 1340 1568 1363 π.
1597 1325 1658 1362 ἐπὶ
1677 1328 1752 1363 τῶν

229 1370 541 1416 παρακινοῦντων
572 1369 656 1407 τινὰ
689 1372 811 1408 εἰπεῖν
836 1369 991 1418 ἄκοντα,
1017 1368 1041 1408 δὲ
1069 1369 1114 1408 οὐ
1140 1370 1325 1420 βούλεται.
1372 1371 1574 1409 Ἀλκαίου
1606 1371 1630 1419 ἡ
1657 1387 1751 1420 παρ-

229 1421 343 1465 οιμία.
396 1418 449 1455 Cf.
475 1419 573 1464 Diog
575 1419 694 1455 enian.
721 1419 807 1454 VIII
833 1423 888 1455 64.
937 1421 1105 1465 Apostol.
1132 1419 1232 1455 XVII
1258 1425 1313 1480 74.
1360 1420 1488 1458 Ar.sen
1514 1425 1596 1457 460.
1646 1422 1751 1458 Adde

228 1467 394 1511 Simplic.
426 1467 474 1502 ad
500 1466 653 1502 Aristot.
679 1467 725 1501 de
758 1466 869 1503 Coelo
894 1467 976 1502 3513
1009 1467 1066 1503 ed.
1092 1467 1193 1502 Ald.:
1227 1465 1310 1503 ἐπεὶ
1340 1467 1382 1504 δὲ
1415 1465 1528 1503 πάλιν
1553 1462 1597 1509 ὗς
1622 1467 1751 1528 ἕγρυξε

229 1513 324 1550 κατὰ
351 1512 415 1549 τὸν
442 1511 610 1574 μελῳδὸν
630 1510 806 1570 Ἀλκαῖον,
832 1514 897 1550 sed
922 1514 1002 1550 eod.
1029 1525 1089 1572 ap.
1110 1513 1224 1550 Gaisf.
1251 1515 1299 1550 ad
1318 1514 1424 1561 Diog
1452 1512 1584 1561 ἐπειδὴ
1611 1514 1654 1552 δὲ
1679 1513 1751 1552 πά-

229 1565 286 1596 λιν
310 1575 356 1602 υς
385 1562 583 1607 παρορίνει
614 1558 710 1596 κατὰ
742 1559 808 1596 τὸν
841 1558 1043 1607 μελοποιὸν
1073 1559 1246 1598 Ἀλκαῖον.
1295 1562 1466 1608 Hartung
1497 1562 1695 1599 articulum
1727 1560 1752 1598 οἳ

229 1608 366 1645 omisit.

323 1657 382 1692 Fr.
411 1660 489 1692 100.
539 1656 713 1701 Apollon.
747 1655 792 1690 de
823 1667 927 1701 pr.on
961 1655 1082 1691 3830:
1117 1654 1169 1691 Τό
1201 1669 1239 1692 τε
1274 1654 1320 1692 ἐν
1353 1653 1553 1713 τετάρτῳ
1587 1653 1752 1693 ’Λλκαίου

230 1701 392 1759 ἄμμέσιν
425 1699 615 1759 πεδάορον
648 1703 716 1748 (ita
747 1703 995 1748 Valckenaer,
1028 1703 1108 1739 eod.
1140 1705 1260 1739 παιδα
1293 1706 1394 1750 ορον)
1428 1701 1524 1739 οὕτω
1563 1702 1754 1751 φέρεσθαι
1807 1707 1810 1709 ’

230 1748 305 1786 ἀπὸ
333 1750 399 1785 τοῦ
423 1747 1191 1795 {2515qu-

325 1798 382 1832 Fr
412 1801 490 1833 101.
539 1796 712 1853 Apollon.
739 1798 785 1832 de
810 1808 913 1842 pron.
941 1798 1066 1833 363B:
1100 1798 1174 1832 Καὶ
1202 1797 1256 1834 ἔτι
1282 1795 1436 1855 ὁμοίως.
1442 1795 1544 1854 παρὰ
1573 1799 1623 1856 τῷ
1649 1796 1751 1847 αὐτῷ

229 1842 377 1902 Ἀλκαίῳ
405 1842 446 1879 ἐν
474 1841 589 1890 ἕβδόμ
593 1855 638 1892 ῳ·
672 1842 716 1879 σὺ
748 1842 790 1879 δε
824 1855 946 1879 σαυτω
977 1857 1107 1890 τομαις
1132 1857 1197 1890 εση
1223 1846 1290 1902 (1“1·.
1308 1849 1366 1890 87)
1400 1843 1493 1881 ἀλλὰ
1519 1845 1644 1881 σαύτω
1669 1859 1754 1892 μετ-

232 1890 327 1936 έχων
353 1893 449 1938 αβας
473 1904 565 1936 προς
589 1903 710 1928 ποσιν.
760 1891 904 1927 Ahrens
930 1891 1079 1950 scripsit
1102 1889 1196 1928 ἀλλὰ
1221 1890 1344 1951 σαύτῳ
1369 1891 1541 1950 πεδέχων
1571 1890 1667 1940 ἅβας
1693 1906 1753 1950 πρ.

232 1952 282 1982 π.,
308 1938 483 1984 Hartung
509 1937 598 1984 ἔβας
623 1938 782 1984 scripsiiz,
807 1938 954 1974 Hecker
979 1935 1059 1974 ἀλλ’
1095 1937 1133 1980 ἐς
1164 1937 1261 1980 αὔω,
1288 1937 1392 1985 μέτρ’
1422 1939 1517 1985 ἔχων
1541 1938 1638 1987 α”βας
1661 1937 1756 1986 πρὸς

232 1984 355 2021 πόσιν.
404 1986 581 2021 Extrema
613 1985 725 2020 verba
757 1998 849 2030 προς
879 1997 1005 2030 ποσιν,
1040 1997 1136 2031 quae
1167 1987 1255 2022 olim
1281 1987 1328 2023 ad
1353 1988 1395 2022 fr
1423 1990 1467 2022 87
1498 1987 1686 2032 revocavi,
1722 1987 1755 2022 si

230 2033 377 2078 inssegra
402 2034 503 2076 sunt,
529 2032 752 2088 interpretor
784 2033 826 2068 in
844 2014 1073 2077 praesen'tia,
1098 2034 1411 2078 quemadmodum
1435 2035 1492 2069 est
1517 2034 1616 2079 apud
1642 2033 1715 2080 Sop
1717 2034 1753 2070 h.

233 2080 320 2116 Oed.
347 2080 391 2115 R.
419 2083 487 2115 130
511 2076 553 2114 τὸ
585 2076 679 2125 πρὸς
712 2078 823 2115 ποσὶν
857 2084 1022 2115 σκοπεῖν.
1073 2081 1256 2116 Numerus
1286 2092 1414 2117 versus
1438 2081 1655 2116 restituetur
1678 2082 1752 2117 tra-

231 2127 339 2163 iectis
365 2127 502 2163 verbis:

484 2214 509 2231 υ
531 2214 556 2232 υ
580 2227 602 2232 ..
625 2214 650 2232 υ
674 2193 767 2232 αλλὰ
793 2194 916 2232 σαύτω
943 2195 1107 2243 μετέχων
1132 2194 1227 2243 πρὸς
1251 2195 1361 2233 πόσιν
1386 2196 1499 2247 ἄβας,

233 2281 274 2315 ut
306 2280 354 2316 sib
379 2279 522 2316 ionicus
545 2280 780 2324 tetrameter,
814 2278 979 2315 anaelasi
1009 2279 1184 2323 admissa,
1217 2292 1291 2324 qua
1322 2280 1471 2326 Sappho
1502 2281 1578 2316 iam
1604 2293 1669 2317 usa
1699 2283 1756 2317 est

231 2329 276 2362 fr
303 2332 368 2372 87,
395 2328 466 2363 nisi
491 2325 583 2384 ἅμα
607 2338 674 2373 pro
701 2307 792 2362 ἀλλὰ
821 2325 981 2362 scribere
1005 2327 1125 2362 malis.
1170 2326 1242 2362 Sed
1267 2328 1422 2363 fortasse
1447 2339 1513 2373 pro
1532 2325 1626 2373 πρὸς
1643 2325 1755 2364 πόσιν

233 2375 432 2420 legendum
458 2373 689 2420 πρόποσιν
707 2374 768 2410 vel
787 2370 1000 2426 πρόπωθι
1019 2373 1079 2419 (cf.
1096 2371 1273 2420 σύμπωθι
1293 2375 1334 2410 fr.
1350 2376 1421 2420 54),
1441 2375 1753 2429 quemadmodum

235 2423 434 2467 προπίνειν
460 2422 534 2458 dici
561 2422 656 2458 solet
680 2422 725 2457 de
749 2419 954 2456 amantium
981 2421 1172 2466 obsequio:
1207 2433 1294 2457 nam
1319 2432 1363 2457 ex
1388 2421 1568 2458 amatorio
1593 2421 1756 2458 carmine

233 2470 333 2505 haud
360 2468 472 2504 dubie
497 2480 624 2504 versus
650 2469 903 2524 depromptus.

328 2517 385 2551 Fr.
417 2519 495 2552 102.
546 2516 604 2552 Et.
630 2517 678 2552 M.
699 2519 781 2560 264,
803 2520 862 2550 17.
889 2511 912 2560 ἢ
938 2511 996 2550 ότι
1021 2515 1167 2573 πρῶτον
1195 2513 1271 2551 ἐστὶ
1290 2512 1331 2550 τὸ
1350 2514 1424 2550 δέω
1444 2512 1485 2550 τὸ
1508 2519 1692 2561 σημαῖνον
1710 2513 1752 2552 τὸ

237 2560 411 2608 εὖριᾝσκω
439 2558 483 2598 οὗ
510 2562 696 2609 μέμνηται
718 2544 894 2602 Ἀλκαῖος·
921 2559 992 2607 ἐγὼ
1018 2562 1087 2620 μέν
1107 2559 1144 2597 κ’
1166 2575 1210 2597 ου
1231 2564 1304 2598 κτλ.
1331 2559 1406 2597 ἀπὸ
1426 2561 1468 2597 δὲ
1488 2563 1554 2597 τοῦ
1573 2563 1647 2598 δέω
1667 2559 1752 2598 κατ’

235 2609 385 2646 ἔκτασιν
412 2608 500 2655 δήω.
542 2609 595 2646 Of.
622 2611 679 2647 Et.
706 2610 755 2645 M.
782 2612 862 2654 263,
888 2613 945 2646 47.
973 2629 1016 2635 —
1042 2606 1080 2644 κ’
1107 2621 1177 2645 0111
1206 2609 1251 2652 V,
1274 2609 1314 2644 in
1338 2620 1410 2654 quo
1429 2610 1487 2645 est
1506 2607 1550 2644 οὗ
1571 2608 1644 2645 δέω
1664 2607 1753 2645 ταύ-

234 2671 310 2698 τας.
362 2657 512 2693 Conieci
538 2657 652 2693 etiam
679 2656 750 2702 ἔγω
777 2655 846 2701 μὲν
871 2654 975 2691 οἶδα
999 2669 1068 2692 κου
1095 2655 1179 2692 δέω.
1213 2676 1256 2682 -
1289 2656 1584 2702 μαρτυρεῦντας,
1608 2657 1753 2693 Ahrens

234 2701 500 2750 μαρτύρεντας,
526 2706 565 2740 eb
589 2706 700 2740 antea
723 2703 875 2739 τοαῦτα.

328 2752 386 2786 Fr.
414 2756 492 2787 103.
542 2753 761 2812 HarPoorat.
789 2753 873 2785 168:
899 2751 1127 2785 Σκυθικαί.
1180 2778 1188 2785 .
1215 2747 1316 2791 εἶδός
1339 2763 1374 2784 τι
1384 2746 1642 2832 χὺποδήματός
1660 2750 1755 2786 εἰσιν

236 2796 280 2833 αἱ
301 2800 512 2834 Σκυθικαί·
539 2799 604 2834 καὶ
628 2802 787 2839 Αλκαιος
813 2794 854 2832 ἐν
875 2794 908 2842 η’
930 2797 976 2842 (D
996 2793 1034 2832 κ’
1038 2797 1184 2842 ‚vulgo
1205 2794 1247 2832 ἐν
1265 2809 1358 2832 πεντ
1384 2809 1495 2844 κοστῃ
1516 2795 1664 2844 ογδόῃ)·
1690 2797 1755 2833 καὶ

235 2843 434 2886 Σκυθικὰς
459 2843 765 2892 ὑποδησάμενος.
799 2865 840 2870 —
875 2844 939 2879 καὶ
972 2855 1042 2879 om.
1069 2843 1207 2880 BDCG.
1257 2844 1363 2880 Welo
1392 2855 1432 2879 er
1456 2845 1547 2880 haec
1572 2856 1754 2890 gramma-

235 2892 311 2926 tico
339 2892 452 2927 alicui
477 2893 639 2929 tribuere
664 2893 756 2930 vult.
807 2891 948 2927 Eadem
975 2891 1106 2927 Suidas
1131 2903 1164 2927 v.
1191 2892 1391 2927 Σκυθικαί
1417 2891 1498 2937 (ubi
1530 2892 1644 2938 vulgo
1669 2903 1755 2928 σκυ·
