1864 3126
0 111 126 142 ξ..

720 158 1100 198 ANACREONTEA,
1591 161 1678 204 309

215 265 304 313 ὑπὸ
334 266 559 326 καύματος
589 266 675 326 γὰρ
707 267 794 326 ἤδη
999 271 1191 313 καθίσω·
1212 265 1351 313 καλὸν
1371 266 1421 313 τὸ
1442 269 1653 326 δένδρον·

214 339 458 397 προδοθεὶς
488 338 781 394 ἀναστενάξω.
999 337 1173 392 ἁπαλὰς
1204 336 1246 384 δ’
1282 342 1423 384 ἔσεισε
1454 343 1607 397 χαίτας

168 409 319 456 δ’δότε
349 409 392 455 δ’
427 409 608 456 ἀνθέων
640 412 815 456 ἐκείνου
1000 412 1327 470 μαλακωτάτων
1358 414 1623 457 κλαδίσκων.

215 481 480 540 στεφάνους,
495 481 878 540 δόθ’,ὠςπυκάζω
1000 482 1118 540 παρὰ
1153 481 1195 527 δ’
1230 480 1341 527 αὐτὸ
1373 486 1599 541 ψιθυρίζει

210 552 263 600 τὰ
296 554 474 612 μέτωπα
505 553 565 613 μὴ
594 552 803 600 ’πικαίειν
932 568 971 599 15
997 553 1116 613 πηγὴ
1148 555 1312 611 ῥέουσα
1343 556 1547 606 πειθοῦς·

214 625 317 672 τόδε
333 628 600 684 naim-wan
611 625 653 671 δ’
668 625 871 686 Ἐρώτων
998 630 1064 679 τίς
1089 622 1146 671 ἄν
1173 620 1256 671 οὖν
1283 623 1405 684 ὁρῶν
1430 626 1650 683 παρέλθοι

214 700 420 756 κραδίην,
452 702 541 743 τίνι
572 697 787 757 σκεπάζω;
998 696 1277 755 καταγώγιον
1308 699 1509 755 τοιοῦτος

148 783 190 815 10
214 767 332 828 παρὰ
353 768 436 827 τὴν
456 769 586 827 σκιὴν
606 769 851 815 Βαθύλλου

807 879 1013 933 19.[30]

523 962 655 997 ΑΛΛΟ
680 962 772 996 ΕΙΣ
796 962 959 996 ΕΡΩΤΑ
989 961 1092 996 TOT
1113 960 1293 995 AYTOT.

213 1034 276 1078 Αἰ
305 1036 491 1078 ,Μοῦσαι
522 1030 602 1078 τὸν
621 1031 798 1091 ’Ἑρωτα
997 1030 1226 1076 λύσασθαι
1257 1029 1339 1075 τὸν
1359 1028 1546 1089 ’'Epmw.

211 1104 403 1163 δήσασαι
435 1103 726 1162 στεφάνοισιν
995 1099 1081 1147 κᾶν
1101 1101 1215 1160 λύσῃ
1237 1102 1291 1147 δέ
1305 1120 1371 1156 τις
1393 1099 1549 1159 αὐτόν,
1584 1114 1674 1147 1057

171 1232 175 1235 Ι
209 1178 269 1238 τῷ
302 1175 472 1222 Κάλλει
501 1175 778 1234 παρέδωκαν.
997 1171 1080 1220 οὐκ
1111 1176 1256 1231 ἑξεισι,
1288 1174 1411 1231 μένει
1443 1174 1510 1219 δέ·

210 1247 284 1292 καὶ
316 1250 404 1293 νῦν
435 1245 463 1305 ἡ
496 1247 726 1305 Κυθέρεια
996 1244 1230 1290 δουλεύειν
1262 1247 1530 1291 δεδίδακται.

163 1331 185 1365 5
212 1322 329 1377 ζητεῖ
356 1319 496 1376 λύτρα
527 1313 728 1378 φέρουσα

140 1450 351 1497 Stephanus
382 1460 447 1486 suo
479 1449 647 1496 periculo
672 1448 878 1486 substituit.
929 1449 1059 1494 Neque
1084 1459 1173 1485 vero
1205 1447 1495 1485 existimandum
1521 1452 1590 1508 est3
1615 1461 1670 1485 01-

139 1498 265 1535 dinem
290 1497 497 1534 carminum
521 1497 714 1534 turbatum
739 1508 829 1543 esse,
854 1496 1102 1554 praecessisse
1129 1496 1220 1533 olim
1247 1508 1277 1533 c.
1299 1500 1343 1532 18
1370 1495 1425 1538 εἰς
1450 1494 1515 1532 τὸν
1541 1495 1673 1543 αυτόν,

137 1546 349 1601 proximum
374 1545 499 1582 locum
526 1544 731 1582 obtinuisse
763 1556 794 1582 c.
820 1525 864 1580 '17
899 1541 1079 1590 ἐρωτικὸν
1111 1540 1213 1592 ᾠὸάρ
1216 1557 1287 1580 ιον.
1338 1544 1436 1580 Nam
1462 1545 1672 1582 arctissima

138 1593 362 1630 necessitate
393 1592 487 1629 haec
518 1592 718 1629 coniuncta
749 1594 853 1636 sunt·
886 1592 988 1639 prior
1019 1581 1207 1638 particula
1237 1603 1322 1628 cum
1357 1591 1463 1628 nulla
1494 1603 1539 1628 ex
1564 1595 1672 1639 parte

138 1641 304 1695 perfecta
323 1639 374 1677 sit
391 1641 431 1677 et
448 1639 743 1687 interrogatione
763 1639 997 1684 terminetur,
1023 1651 1068 1676 ea
1088 1650 1183 1686 quae
1203 1639 1456 1676 desideramus
1477 1640 1672 1677 commode

137 1687 1674 1793 fflfflfflffiihssxsssssfissz.⁰3ffl‡?2.Iasszssffissffiffisssssszssssssxffsssszsssfiffsssssssssssss.

139 1786 196 1821 est
218 1795 395 1821 revocare
421 1795 495 1820 non
520 1785 620 1821 recte
645 1796 680 1820 v.
702 1788 723 1820 6
749 1785 946 1831 expuncto.
976 1803 1018 1809 -
1046 1782 1089 1840 V.
1114 1788 1143 1818 1.
1171 1780 1257 1819 δότ’
1285 1778 1313 1819 ὦ
1340 1783 1403 1819 Ste
1405 1784 1564 1830 p,hanus
1590 1785 1671 1822 cod.

138 1828 238 1868 δότε.
278 1852 321 1858 -
355 1832 400 1868 V.
434 1835 466 1867 3.
505 1829 579 1868 ὑπὸ
620 1831 842 1878 Stephanus,
879 1830 959 1868 cod.
992 1827 1080 1867 άπό.
1120 1852 1164 1857 -
1196 1831 1241 1868 V.
1274 1835 1307 1867 4.
1346 1831 1555 1877 προδοθεὶς
1591 1832 1670 1869 cod.

138 1880 343 1974 ’Zssss‘go‘betffi
377 1935 419 1941 ——
454 1914 498 1951 V.
525 1918 547 1951 5
580 1914 736 1952 Graeter
765 1913 986 1962 proscripsit
1016 1915 1055 1950 et
1084 1926 1118 1950 v.
1153 1918 1173 1951 6
1205 1914 1370 1972 corrigit
1392 1913 1605 1974 στεφάνους
1630 1913 1668 1951 δ’

138 1960 218 2067 ξος
238 1959 427 2052 1111.
429 1959 1672 2056 11111111]1111111111.ῑ“ῑ.ῐῑ.“;ῗ.;ξ”ἵ...1ῑ11153

138 2059 208 2106 psi,
230 2058 457 2105 subiungens
477 2059 582 2104 haec,
609 2070 706 2104 quae
731 2059 779 2095 ad
806 2058 935 2105 καῦμα
955 2058 1043 2094 sunt
1061 2057 1266 2102 resa-enda,
1292 2058 1532 2104 praegressis,
1558 2059 1672 2105 vulgo

138 2139 284 2179 τελείαν
308 2139 465 2189 στιγμὴν
489 2143 577 2188 post
600 2139 755 2185 πυκάζου
781 2141 927 2186 locant,
959 2141 1040 2178 cod.
1065 2138 1111 2176 τά
1144 2138 1299 2187 μέτωπά
1327 2153 1400 2187 μου
1431 2121 1600 2178 'statuamus'
1630 2164 1672 2169 -

142 2211 183 2215 —
211 2189 253 2226 V.
280 2193 313 2226 9.
339 2190 489 2236 κραδίη,
514 2202 600 2234 τινι,
627 2190 839 2236 Stephanus
862 2200 938 2226 non
963 2190 1064 2226 recte
1090 2190 1227 2236 κραδίῃ
1248 2202 1334 2234 τινι,
1359 2200 1445 2224 nam
1470 2189 1673 2226 incommo-

140 2236 210 2273 dus
236 2203 384 2283 duplex⁰
398 2236 511 2273 dandi
536 2248 656 2282 casus,
681 2239 794 2285 poeta
819 2236 987 2272 animum
1012 2248 1120 2272 suum
1147 2217 1362 2282 compellat,
1390 2234 1589 2280 σκεπάζειν
1616 2239 1675 2274 est

141 2294 278 2329 arcere,
304 2284 618 2329 quemadmodum
639 2295 698 2332 ap.
718 2285 827 2320 Hom.
848 2284 916 2320 Od.
930 2283 1017 2320 xm
1032 2288 1076 2320 99
1103 2280 1255 2330 ἀνέμων
1282 2282 1469 2320 οκεπόωσι
1495 2283 1673 2330 δυσαήων

140 2331 238 2378 μέγα
263 2332 375 2378 κῦμα.
403 2352 447 2358 -
474 2330 659 2379 σκεπάζω,
685 2333 765 2369 cod.
792 2343 905 2379 supra
923 2329 1109 2369 σκεπάσω.
1134 2352 1176 2358 -
1203 2332 1247 2367 V.
1270 2336 1324 2367 10.
1355 2329 1565 2377 Βαθύλλου,
1592 2332 1674 2369 Sbe-

139 2397 286 2444 phanus
314 2394 499 2434 Βάθυλλε.
519 2418 564 2423 -
589 2397 634 2434 V.
662 2402 716 2435 11.
743 2398 892 2433 καθίσαι
919 2396 1133 2442 Salmasius,
1160 2397 1239 2434 cod.
1267 2386 1427 2432 κάθισο·
1433 2398 1472 2432 et
1496 2397 1535 2432 in
1555 2410 1603 2434 m.
1638 2409 1674 2443 κ,

141 2445 352 2500 Stephanus
376 2441 552 2481 κάθισον.
580 2465 624 2471 -
651 2445 694 2481 V.
725 2449 779 2481 13.
806 2442 1084 2491 μαλακωτάτων
1105 2446 1315 2481 κλαὸίσκων
1342 2444 1537 2480 emendavi
1555 2445 1673 2482 tradi-

140 2494 221 2529 tam
246 2492 468 2547 scripturam
499 2489 756 2551 μαλακωτάτῳ
774 2493 986 2549 κλαδίσκῳ.
1014 2514 1054 2519 -
1084 2493 1128 2529 V.
1158 2497 1212 2530 14.
1239 2505 1314 2538 παρ
1317 2489 1342 2527 ἀ
1369 2489 1406 2527 δ’
1434 2488 1528 2528 αὐτὸ
1555 2495 1673 2550 wusto-

141 2541 236 2586 ρίζει
261 2551 405 2586 scripsi,
430 2540 513 2597 qod:
538 2537 642 2598 παρὰ
670 2537 708 2576 δ’
736 2536 854 2576 αὐτὸν
881 2528 1055 2585 ἐρέόίζει.
1106 2539 1212 2575 Nihil
1239 2551 1258 2576 e
1287 2541 1397 2576 erunt
1422 2539 1540 2575 critici
1568 2537 1671 2587 αὐτῷ

142 2587 397 2634 (Stephanus),
412 2583 567 2643 αὖτῷγ’
595 2588 778 2634 (Barnea),
803 2583 931 2622 αὐτῶν
950 2587 1091 2633 (Rose),
1117 2583 1271 2633 αὐτὴν(
1313 2587 1484 2632 ehlhorn)
1510 2578 1673 2624 scriben'-

139 2637 210 2680 tes,
234 2646 303 2672 nec
330 2634 482 2672 Canteri
514 2634 708 2671 inventum
739 2634 918 2681 τερετίζει
949 2635 1196 2681 probandum.
1240 2635 1461 2691 ψιθυρίζειν
1493 2634 1588 2671 alias
1614 2647 1672 2673 ar-

140 2683 248 2720 bores
269 2683 456 2727 dicuntur,
469 2682 530 2719 hic
550 2683 647 2719 fores
667 2683 801 2719 leviter
821 2683 1046 2738 strepentes:
1065 2693 1153 2718 nam
1172 2679 1296 2738 παρὰ
1296 2678 1333 2716 δ’
1354 2679 1457 2717 αὐτοῦ
1473 2680 1674 2728 κελαρύζει

146 2730 295 2776 longius
319 2730 463 2767 recedit
488 2741 511 2766 a
536 2730 746 2767 litterarum
772 2728 952 2775 vestigiis.
973 2750 1016 2756 —
1043 2729 1089 2766 V.
1111 2733 1166 2765 16.
1192 2731 1247 2771 τίς
1272 2724 1320 2765 ἂν
1340 2723 1409 2765 οὖν
1434 2719 1472 2765 111
1493 2741 1541 2767 m.
1561 2730 1673 2777 plane

141 2801 333 2848 scriptum,
358 2800 398 2838 in
424 2800 554 2838 ordine
579 2801 778 2839 verborum
804 2789 949 2838 τισοῦν.

237 2853 290 2885 19.
343 2849 436 2885 Tres
462 2851 636 2895 strophas
661 2851 851 2886 ternorum
876 2860 1052 2886 versuum
1077 2848 1249 2885 distinxit
1273 2847 1499 2885 Mehlhorns
1512 2870 1552 2876 —
1580 2850 1622 2886 V.
1650 2854 1672 2887 8

141 2919 222 2956 (10(1.
249 2904 398 2965 έξὲισιν.
428 2941 467 2947 ·-
495 2919 614 2967 μένει,
641 2920 852 2967 Stephanus
877 2924 993 2968 μενεῖ.
