1864 3126
228 131 315 172 436
537 133 539 137 '
791 128 985 164 POETAE
1010 128 1188 166 MELICI.

229 243 430 292 leguntur,
460 242 537 281 nisi
569 241 674 292 quod
704 241 746 280 in
777 241 1061 291 Anthologiam
1092 243 1252 290 recepta
1283 243 1385 289 sunt,
1419 242 1532 280 cuius
1555 242 1668 281 nulla
1693 242 1756 280 est

229 307 465 345 auctoritas:
498 307 566 345 sed
599 307 738 345 eadem
769 306 921 345 fraudis
953 305 1121 354 suspicio
1155 305 1262 344 cadit
1285 306 1406 344 etiam
1432 306 1472 344 in
1497 306 1650 355 reliqua
1674 306 1754 356 epi-

230 374 456 421 grammata
487 371 702 410 Corinthiis
735 372 892 420 scripta,
924 373 1007 408 tam
1040 383 1102 419 ea,
1134 383 1236 420 quae
1273 371 1362 409 istis
1394 370 1752 420 pseudepigraphis

228 436 374 475 libellis
407 437 502 476 solis
535 438 697 486 accepta
728 436 954 485 referimus,
992 447 1110 484 quam
1149 448 1251 485 quae
1290 436 1359 474 alii
1395 437 1606 485 praeterea
1644 436 1755 475 testi-

229 502 411 553 ficantur,
437 515 496 552 ep.
518 503 585 552 96,
608 503 661 541 97
683 498 824 553 (etiam
854 500 1052 539 Aristides
1084 500 1246 550 eiusque
1279 501 1398 540 schol.
1418 496 1562 554 novit),
1587 513 1648 551 ep.
1672 502 1752 540 137

229 563 297 620 (ex
328 567 637 606 Chamaeleonte
670 563 934 616 descriptum,
969 578 1062 603 nam
1094 565 1199 615 quod
1230 566 1510 616 Theopompus
1547 565 1755 605 testificari

229 633 404 683 videtur,
437 645 611 672 errorem
643 633 806 671 subesse
837 625 1039 682 credo),*)
1072 630 1240 680 denique
1271 632 1335 670 vel
1366 631 1536 670 maxime
1573 633 1757 681 suspecta

231 700 325 736 sunt
363 698 544 736 Atticum
581 692 798 736 ἀδέσποτον
836 693 895 747 (in
933 708 1010 745 quo
1046 697 1166 734 ταῦτα
1202 691 1552 748 deprehendimus)
1593 697 1675 735 135
1715 696 1758 734 et

229 763 450 802 Naxiacum
483 764 579 812 136,
611 764 825 812 utrumque
857 761 963 799 enim
992 760 1142 810 legitur
1172 762 1214 800 in
1242 762 1379 801 libello
1417 762 1466 800 de
1505 752 1758 812 malignitate

229 827 442 878 Herodoti,
481 839 721 877 quamquam
753 840 811 876 ep.
848 827 930 865 135
971 825 1091 864 etiam
1129 826 1368 866 Plutarchus
1407 827 1449 865 in
1479 826 1564 866 vita
1601 825 1758 864 Themi-

231 893 365 932 stoclis
397 893 648 932 testificatur.
711 890 942 941 Culpandus
974 893 1108 931 autem
1145 892 1327 942 inprimis
1364 892 1417 941 is,
1455 892 1522 942 qui
1553 890 1758 930 Plutarchi

229 971 440 1008 personam
472 959 590 1009 gerit,
622 971 714 997 nam
745 957 836 995 inde
868 957 964 996 haec
996 958 1172 996 carmina
1201 958 1331 1008 petiit,
1361 958 1429 1007 qui
1462 956 1757 996 Corinthiacum

229 1024 387 1074 scripsit
431 1025 662 1063 orationem.
726 1022 981 1062 Contendunt
1019 1025 1154 1061 autem
1194 1036 1271 1062 non
1309 1023 1439 1062 solum
1483 1021 1617 1061 omnia
1661 1020 1759 1060 haec

229 1081 405 1127 carmina
440 1088 543 1127 falso
582 1087 773 1127 Simonidi
810 1086 1028 1136 adscripta,
1068 1087 1137 1126 sed
1175 1088 1331 1126 omnino
1369 1089 1467 1126 artis
1505 1086 1684 1138 expertia
1719 1086 1761 1124 et

228 1153 383 1193 novicia
426 1166 530 1199 esse,
574 1154 644 1192 sed
688 1152 738 1191 ad
780 1151 885 1202 quod
925 1153 1127 1190 saeculum
1164 1153 1372 1191 referenda
1410 1153 1505 1201 sint,
1546 1152 1762 1190 noluerunt

229 1219 397 1267 aperire.
459 1218 518 1267 Si,
561 1218 667 1268 quod
708 1217 768 1255 illi
806 1218 984 1265 censent,
1028 1217 1168 1258 auctor
1205 1230 1265 1267 ep.
1302 1218 1384 1255 134
1421 1229 1562 1256 revera
1600 1214 1761 1264 scripsit

230 1276 318 1322 ὅπλ’
352 1278 540 1322 ἀνέθεντο
573 1281 720 1332 Λᾶτοῖ,
761 1282 867 1332 quod
903 1281 1046 1320 vitium
1076 1281 1143 1320 vix
1173 1281 1395 1332 Byzantino
1433 1281 1660 1332 magistello
1697 1279 1769 1318 est.

231 1349 554 1398 condonandum,
610 1350 651 1387 et
700 1347 992 1398 epigrammata
1040 1347 1082 1384 et
1130 1346 1467 1396 pseudepigraphi
1515 1345 1583 1384 isti
1632 1344 1761 1384 libelli

230 1414 385 1464 indigni
423 1414 580 1452 omnino
613 1415 724 1464 sunq
763 1413 831 1463 qui
864 1411 1106 1451 Graecarum
1137 1411 1364 1450 litterarum
1395 1410 1662 1450 monumentis
1693 1409 1763 1448 ad-

234 1479 472 1518 scribantur.

351 1543 510 1583 Scilicet
558 1543 693 1591 multi,
745 1543 779 1582 si
828 1542 895 1592 qui
945 1542 1046 1580 liber
1095 1538 1243 1580 criticis
1292 1541 1401 1580 visus
1452 1543 1513 1580 est
1554 1540 1657 1579 falso
1705 1539 1763 1578 in-

232 1609 407 1659 scriptus
451 1622 557 1658 esse,
606 1611 798 1658 tanquam
835 1606 1092 1647 subditicium
1136 1607 1176 1644 et
1216 1606 1451 1645 manifestae
1488 1604 1639 1644 fraudis
1675 1616 1763 1643 con-

232 1674 383 1713 victum
415 1675 573 1713 omnino
613 1673 864 1713 eximendum
899 1684 1064 1711 numero
1102 1673 1274 1709 censent.
1337 1671 1655 1721 Pythagoreum,
1693 1669 1762 1720 qui

234 1739 386 1778 Timaei
416 1752 625 1789 personam
657 1739 824 1777 induens
863 1738 912 1777 de
943 1737 1075 1776 anima
1112 1736 1249 1774 mundi
1285 1736 1467 1774 libellum
1503 1734 1761 1781 concinnavit,

233 1805 320 1842 iure
365 1804 445 1842 doli
488 1804 583 1842 mali
635 1802 946 1852 insimulaveris3
996 1801 1066 1840 sed
1108 1801 1236 1839 multa
1280 1803 1373 1839 sunt
1416 1799 1763 1850 pseudepigrapha

237 1869 385 1918 scripta
416 1881 440 1906 a
470 1868 622 1907 fraudis
655 1869 876 1917 suspicione
908 1867 1066 1905 omnino
1098 1866 1247 1904 aliena:
1287 1866 1447 1904 libellus
1479 1866 1527 1904 de
1557 1864 1763 1915 republica

235 1932 559 1981 Atheniensium,
598 1933 667 1983 qui
696 1945 904 1982 perperam
935 1930 1210 1979 Xenophontis
1241 1931 1398 1969 nomine
1430 1931 1576 1981 fertur,
1607 1930 1642 1968 si
1673 1929 1761 1979 quis

239 1997 340 2036 alius
373 1998 560 2047 antiquus
594 1999 634 2036 et
664 2010 878 2048 germanus
899 1999 971 2044 est,
990 1996 1087 2034 item
1113 1996 1273 2034 libellus
1301 1995 1644 2045 praeclarissimus
1675 1991 1763 2045 περὶ

234 2058 378 2112 ὕψους,
411 2062 479 2111 qui
510 2061 703 2113 Longino,
733 2063 799 2102 vel
828 2060 916 2112 περὶ
947 2056 1174 2112 σχημάτων,
1207 2060 1275 2110 qui
1305 2059 1531 2098 Herodiano
1562 2070 1762 2109 gramma-

235 2127 313 2166 tico
345 2127 466 2177 vulgo
507 2127 761 2175 adscribitur,
799 2126 946 2177 aliique
976 2127 1104 2165 multi.
1166 2125 1213 2164 In
1251 2125 1356 2163 hunc
1390 2137 1602 2163 numerum
1641 2123 1762 2162 etiam
1826 2157 1831 2160 .

238 2193 306 2231 isti
346 2191 473 2231 libelli
509 2192 708 2231 referendi
745 2194 855 2239 sunt,
893 2191 1084 2241 siquidem
1124 2187 1358 2240 opusculum
1397 2187 1486 2239 περὶ
1522 2187 1762 2239 κακοηθείας

231 2251 449 2308 ‘Hooddvov
493 2257 708 2296 Plutarcho
747 2259 809 2295 est
845 2256 1169 2304 abiudicandum,
1207 2255 1312 2305 quod
1355 2255 1661 2304 haudquaquam
1701 2255 1763 2292 est

238 2322 506 2371 exploratum:
546 2334 638 2360 nam
670 2334 910 2372 quamquam
941 2321 1173 2372 acrimonia,
1210 2333 1289 2370 qua
1321 2319 1513 2359 Herodoti
1543 2317 1693 2358 invidia
1724 2321 1764 2357 et

238 2386 521 2425 malevolentia
551 2386 784 2436 castigatur,
810 2386 957 2435 passim
984 2385 1159 2424 malitiae
1191 2385 1299 2423 haud
1329 2397 1468 2434 expers
1494 2386 1567 2434 est,
1592 2383 1632 2422 id
1658 2382 1764 2434 quod

238 2465 261 2490 a
291 2452 469 2491 moribus
496 2453 537 2490 et
566 2452 724 2503 ingenio
757 2451 960 2490 Plutarchi
990 2450 1162 2489 alienum
1195 2462 1281 2489 esse
1313 2449 1490 2500 videtur,
1520 2461 1599 2488 non
1628 2449 1764 2487 tamen

240 2521 453 2568 propterea
484 2517 612 2556 ausim
642 2517 790 2555 librum
822 2515 1091 2555 Chaeronensi
1116 2515 1358 2555 abiudicare:
1390 2528 1482 2554 nam
1507 2515 1639 2553 cetera
1662 2513 1762 2551 indi-

242 2583 312 2632 cia,
338 2583 481 2633 quibus
507 2582 595 2632 quis
620 2582 790 2621 fortasse
815 2582 965 2631 utatur,
990 2581 1120 2619 minus
1147 2581 1269 2619 etiam
1294 2578 1541 2629 reprobando
1573 2577 1762 2627 opusculo

240 2648 461 2697 sufficiunt,
499 2647 547 2686 de
579 2659 656 2696 quo
689 2646 786 2685 satis
817 2645 997 2695 iniquum
1027 2645 1217 2684 iudicium
1248 2645 1343 2684 tulit
1373 2644 1602 2694 Iunghahn,
1634 2642 1762 2682 decla-

359 2820 393 2866 *)
419 2821 484 2866 Ep.
514 2823 581 2855 112
607 2819 699 2854 item
725 2817 1029 2870 Corinthiacum„
1047 2817 1147 2863 quod
1171 2829 1247 2853 una
1270 2815 1499 2862 Anthologia
1523 2815 1758 2861 propagavit,

242 2869 458 2914 segregant,
485 2867 596 2903 credo
623 2866 724 2911 quod
749 2877 772 2901 a
795 2865 906 2901 rebus
930 2865 1087 2902 Medicis
1111 2865 1287 2900 alienum.
