1864 3126
235 149 322 191 682
562 167 564 171 ·
727 146 915 183 OARMIN
917 148 949 182 A
977 146 1260 183 POPULARIA.

440 255 691 310 Ὑμνεόμες
723 255 919 311 μάκαρας,
950 260 1117 299 Μοῦσαι
1147 251 1243 306 Διὸς
1273 257 1446 312 ἔκγονοι,
1479 289 1488 297 .
1509 291 1516 299 .
1538 291 1548 299 .
1568 288 1577 298 .

589 353 598 363 .
659 353 667 362 .
701 319 860 378 (θεὸν)
892 320 1102 375 ἄφθιτον
1132 321 1235 362 αἰὲν
1265 319 1433 372 ἀοιδαῖς.

234 409 449 446 Praeterea
479 420 515 447 v.
537 408 560 446 3
595 407 665 445 ubi
695 407 789 446 libri
814 420 891 447 non
921 408 1099 453 θνατῶν,
1131 407 1201 446 sed
1224 408 1396 446 θειατῶν
1421 407 1618 455 exhibent,
1649 406 1755 446 haud
1782 409 1864 443 13Ιέ

235 474 352 511 dubie
391 474 622 523 corruptus,
665 473 813 511 conieci
857 468 936 512 σεῖό
973 469 1023 521 τ’,
1067 463 1097 510 ὦ
1140 467 1252 523 ἰατὴρ
1285 467 1491 523 Ἀσκλήπιε
1528 467 1780 524 ις’νλβιοδῶτα.4

234 538 280 576 V.
314 539 337 576 5
371 550 442 587 pro
474 533 701 587 ἕπιφᾶντων
732 537 868 575 malim
907 532 1214 587 φαεθόντων,
1253 537 1322 575 sed
1361 551 1399 579 v.
1432 540 1456 576 8
1489 533 1635 589 χρόνου
1666 537 1754 576 παί-

233 603 314 641 δων
346 615 424 640 non
456 603 517 640 est
549 602 855 651 sollicitandum,
888 602 1067 652 quamvis
1099 598 1276 653 χθονὸς
1307 603 1437 652 possis
1470 603 1676 653 conficere,
1706 603 1755 642 cf.

233 668 406 718 Hesych,
453 662 688 719 χθονόπαιδ’
729 663 866 718 ἿΩραν.
919 689 967 693 ——
985 666 993 673 ⁰
1015 668 1231 716 Incertum,
1276 669 1411 706 utrum
1451 681 1498 706 ex
1534 670 1652 717 poeta.
1688 668 1757 717 ali-

232 748 308 785 quo
347 747 398 772 an
437 747 483 772 ex
521 734 704 783 populari
745 733 942 772 cantilena
979 733 1151 784 petitum
1189 733 1242 772 sit
1280 733 1383 783 quod
1423 733 1598 772 servavit
1628 733 1755 784 Hesy-

233 800 361 838 chius:
395 791 472 838 ὧπι
504 794 671 837 ἄνασσα·
705 793 835 850 πυρρᾶ
867 794 1081 850 πρόθυρος.
1129 798 1209 849 πῦρ
1240 794 1315 850 πρὸ
1347 799 1424 836 τῶν
1456 799 1606 850 θυρῶν.
1657 797 1757 837 Scri-

215 864 420 902 ‘bendum:
890 851 893 854 “

509 914 602 960 Ὦπι
634 918 806 971 ἄνασσα,
837 918 943 974 πυρὰ
974 919 1206 973 προθύροις.

231 1019 276 1044 ac
313 1001 421 1056 πυρά
458 1005 580 1043 etiam
619 1005 854 1046 Palmerius.
915 1006 1202 1057 Interpretatio
1241 1007 1376 1044 autem
1415 1006 1470 1044 sic
1508 1004 1758 1044 restituenda.

229 1071 398 1120 videtur,
430 1071 508 1109 huc
539 1071 678 1109 relatis
717 1070 787 1120 iis,
825 1084 926 1121 quae
960 1072 1060 1110 falso
1094 1084 1124 1110 s.
1155 1086 1192 1111 v.
1225 1066 1409 1122 ὠπωτῆρε
1440 1071 1647 1120 leguntur:
1679 1065 1756 1110 Διὰ

229 1131 451 1187 φαρμάκων
483 1131 650 1174 εἰώθασί
678 1150 779 1183 τινες
810 1132 970 1190 ἐπάγειν
995 1132 1067 1187 τὴν
1092 1131 1262 1187 Ἑκάτην
1287 1138 1369 1182 ταῖς
1395 1134 1546 1187 οἰκίαις,
1576 1137 1656 1187 πῦρ
1681 1130 1756 1187 πρὸ

230 1203 373 1253 θυρῶν
399 1196 686 1253 (ἆνοὶπτοντες).
744 1202 803 1240 Cf.
830 1203 1067 1241 Theodoret.
1094 1202 1139 1240 T.
1163 1202 1183 1240 I
1219 1202 1300 1241 352
1331 1202 1389 1239 ed.
1417 1200 1618 1239 Sirmond:
1650 1195 1758 1240 εἶδον

228 1261 303 1318 γὰρ
334 1264 378 1304 ἔν
415 1276 487 1304 τισι
520 1261 679 1305 πόλεσιν
718 1262 821 1314 ἅπαξ
861 1260 937 1306 τοῦ
967 1265 1077 1314 ἔτους
1115 1265 1157 1305 ἐν
1194 1252 1277 1313 ταῖς
1307 1266 1501 1314 πλατείαις
1539 1261 1757 1317 ἁπτομένας

230 1326 379 1382 πυράς,
409 1329 476 1370 καὶ
505 1326 648 1378 ταύτας
677 1327 787 1379 τινὰς
823 1327 1162 1384 ὑπεραλλομένους
1192 1329 1259 1371 καὶ
1289 1326 1516 1382 πηδῶντας,
1554 1327 1602 1371 οὗ
1633 1326 1758 1382 μόνον

230 1396 394 1445 παῖδας,
426 1392 522 1435 ἀλλὰ
553 1394 620 1435 καὶ
651 1393 810 1448 ἄνδρας.
858 1393 903 1436 τὰ
943 1395 987 1436 δέ
1017 1411 1059 1449 γε
1097 1394 1226 1448 βρέφη
1256 1391 1562 1447 παραφερόμενα
1593 1391 1659 1436 διὰ
1689 1398 1758 1448 τῆς

230 1457 399 1514 φλογός·
445 1458 572 1501 ἐδόκει
617 1460 660 1501 δὲ
703 1451 815 1502 τοῦτο
859 1458 1176 1514 ἀποτροπιασμὸς
1213 1456 1312 1500 εἶναι
1350 1459 1415 1499 καὶ
1452 1457 1657 1514 κάθαρσις.
1699 1482 1758 1490 -

230 1527 411 1577 Denique
444 1540 603 1567 carmen
635 1528 740 1578 quod
773 1528 948 1568 servavit
979 1526 1172 1578 Origenes
1211 1522 1496 1581 (Hippolytus)
1536 1527 1624 1567 adv.
1642 1527 1758 1566 *Hae-

229 1594 302 1630 ret.
340 1606 377 1642 p.
413 1595 465 1631 72
506 1593 566 1631 ed.
605 1593 737 1632 Miller
777 1594 874 1632 mihi
913 1594 1074 1643 quidem
1111 1605 1353 1643 quamquam
1390 1606 1470 1632 non
1506 1593 1621 1632 valde
1658 1593 1759 1631 anti-

231 1670 370 1707 quum,
404 1659 446 1696 at
477 1659 584 1697 certe
615 1671 694 1697 non
724 1670 889 1708 prorsus
921 1659 1118 1697 novicium
1149 1658 1325 1697 videtur:

445 1740 635 1793 Νερτερίη
668 1741 812 1793 χθονίη
845 1754 884 1780 τε
914 1739 980 1779 καὶ
1012 1736 1177 1791 οὐρανίη
1210 1735 1302 1791 μόλε
1333 1738 1492 1794 βομβῶ,

444 1805 612 1857 εἰνοδίη,
644 1806 827 1859 τριοδῖτι,
859 1801 1082 1857 φαεσφόρε,
1113 1809 1401 1857 νυκτεροφοῖτι·

453 1867 574 1922 ἒχθρή
607 1869 678 1922 μὲν
709 1867 856 1922 φωτός,
888 1866 1028 1918 νυκτὸς
1059 1867 1102 1909 δὲ
1134 1871 1229 1921 φίλη
1260 1869 1327 1910 καὶ
1357 1870 1502 1922 ἑταίρη·

443 1936 632 1987 χαίρουσα
664 1933 871 1976 σκυλάκων
902 1931 1027 1989 ὑλακῇ
1059 1949 1097 1974 τε
1128 1933 1194 1974 καὶ
1224 1935 1355 1987 αἵματι
1386 1938 1515 1992 φοινῷ

365 2003 367 2005 ’
428 1996 504 2039 ’ἄν
535 1999 676 2048 νέκυας
708 2001 908 2052 στείχουσα
938 1997 1020 2040 κατ’
1054 1997 1148 2052 ἠρία
1178 1997 1414 2052 τεθνηώτων
1423 2029 1462 2050 ,.

445 2065 605 2117 αἴματος
636 2065 858 2117 ἱμείρουσα,
891 2061 1022 2117 φόβον
1053 2069 1236 2117 θνητοῖσι
1268 2064 1464 2118 φέρουσα,

442 2126 570 2184 γοργώ
603 2129 669 2169 καὶ
700 2126 835 2181 μορμὼ
867 2129 933 2169 καὶ
964 2126 1068 2181 μήνη
1101 2128 1166 2169 καὶ
1197 2126 1450 2182 πολύμορφε,Ι

441 2195 573 2244 ἔλθοις
605 2191 814 2247 εὐᾶντητος
845 2191 908 2246 ἐφ’
945 2191 1148 2248 ἡμετέρῃσι
1178 2198 1360 2247 θυηλαῖς.

234 2279 352 2318 Certe
387 2281 486 2319 hanc
516 2281 582 2319 vel
614 2276 858 2319 simillimam
889 2279 1129 2318 cantilenam
1160 2278 1396 2319 Theocritus
1428 2279 1624 2329 respicere
1650 2278 1757 2318 vide-

233 2353 300 2383 tur
338 2345 379 2383 II
414 2347 487 2394 13,
529 2347 570 2384 et
612 2346 703 2384 hinc
748 2345 868 2384 etiam
904 2344 1166 2395 repetendum
1203 2344 1308 2394 quod
1344 2345 1401 2383 ibi
1436 2358 1509 2394 pro
1547 2341 1758 2396 ἕρχομέναν

233 2405 386 2448 νεκύων
425 2405 503 2449 ἆνοὲ
539 2406 572 2448 τ’
617 2406 709 2462 ἠρία
746 2408 812 2448 καὶ
852 2407 972 2460 μέλαν
1009 2405 1104 2460 αἷμα
1142 2410 1211 2448 alii
1254 2410 1450 2460 legebant
1481 2405 1559 2448 ἆνᾶ
1593 2405 1626 2448 τ’
1665 2405 1758 2460 ἠρία

230 2470 478 2526 κεκμηώτων,
521 2496 567 2501 —-
611 2475 657 2514 V.
693 2477 728 2513 1.
768 2468 933 2526 Βομβώ,
971 2476 1077 2524 quod
1114 2477 1252 2514 tuetur
1289 2475 1454 2525 Dilthey
1493 2475 1594 2514 Mus.
1630 2474 1788 2514 Rhem-

229 2539 381 2578 XXVII
421 2541 519 2590 393,
552 2540 708 2578 Millero
741 2541 989 2590 suspectum⁷
1029 2541 1097 2589 qui
1128 2535 1276 2592 Βαυβώ
1308 2540 1560 2579 scribendum
1591 2539 1755 2589 censuit,

229 2606 350 2654 atque
380 2617 519 2644 revera
553 2604 607 2644 sic
645 2604 883 2654 indigitatur
922 2605 1072 2644 Hecate
1109 2606 1149 2644 in
1181 2605 1259 2644 alio
1301 2606 1449 2655 hymno
1482 2617 1599 2656 quem
1629 2616 1757 2654 nuper

230 2670 355 2708 edidit
386 2670 495 2709 Misc.
528 2666 678 2722 442*).
741 2669 855 2715 Quod
886 2670 1162 2710 olim·conieci
1193 2667 1326 2724 ῥόμβῳ
1359 2662 1438 2709 idm
1470 2671 1652 2718 retracto,
1686 2669 1756 2708 sed

329 2796 362 2838 1)
388 2795 477 2830 Tria
510 2794 674 2830 carmina
703 2794 852 2841 magica.
883 2794 922 2830 in
953 2795 1138 2839 Hecaten,
1169 2795 1209 2830 in
1235 2795 1375 2840 Solem,
1405 2794 1445 2830 in
1469 2794 1628 2837 Lunam,
1659 2805 1755 2839 quae

234 2840 359 2876 Miller
383 2841 423 2876 in
449 2842 552 2877 Misc.
579 2854 613 2887 p.
642 2845 711 2878 437
726 2853 801 2887 seq.
829 2842 948 2877 edidit
974 2844 1013 2878 et
1040 2842 1221 2888 Orphicos
1246 2842 1402 2888 hymnos
1426 2841 1625 2887 inscripsit,
1656 2841 1756 2877 hand

234 2887 344 2923 dubie
369 2888 406 2923 in
434 2889 574 2925 chartis
599 2888 842 2935 Aegyptiacis
867 2891 1016 2935 reperta
1041 2891 1126 2926 sunt
1157 2890 1259 2935 (na-m
1284 2888 1405 2925 editor
1428 2889 1552 2925 nescio
1578 2900 1642 2924 cur
1666 2888 1754 2925 reti-
