1864 3126
237 145 325 186 434
552 136 554 139 '
799 144 992 180 ΡΟΕΤΑΕ
1019 145 1196 182 mmmm.

237 256 396 305 quidem
441 251 616 307 ἄρχαίοις
659 252 856 309 γράμμασι
900 253 1036 308 (Paus.
1070 258 1105 296 V
1139 259 1215 307 22,
1253 253 1299 310 3)
1335 258 1377 296 in
1415 258 1761 308 Apolloniatarum

236 321 410 369 donario,
443 322 547 370 quod
579 321 725 371 Lycius
758 322 936 371 Myronis
969 322 1073 361 filius
1106 324 1216 362 fecit:

450 428 489 467 οἳ
517 429 589 480 γᾶς
620 424 781 479 τέρμαθ’
817 424 965 476 ἑλόντες
992 424 1220 481 Ἀβαντίδος
1250 425 1396 468 ἐνθάδε
1426 430 1547 468 ταῦτα

520 492 685 532 ἔστασαν
716 489 791 532 σὺν
821 496 947 542 θεοῖς4
963 491 1006 532 ἐκ
1041 494 1212 544 Θρονίου
1244 490 1421 534 δεκάταν.
1597 493 1600 496 ’

234 600 307 638 His
352 600 469 638 addo>
498 601 663 638 titulum
707 600 870 638 Melium
921 600 1036 638 valde
1086 601 1293 650 antiquum
1334 595 1474 653 (OIGr.
1518 600 1536 638 I
1582 597 1647 654 3),
1695 601 1764 651 qui

237 665 464 734 etiamnunc
495 665 625 703 extat:

448 774 525 810 παῖ
549 765 660 822 Διός,
687 767 894 826 Ἐκφάντῳ
927 770 1034 820 δέξαι
1064 767 1145 811 τόδ’
1180 767 1352 823 ἆμενφὲς
1383 769 1552 825 ᾶγαλμα·

522 836 582 877 σοὶ
613 832 687 888 γὰρ
719 833 977 889 ἐπευχόμενος
1007 832 1110 876 τοῦτ’
1145 834 1310 876 ἐτέλεσσε
1342 833 1515 888 γρόφων.
1545 880 1547 882 ,

237 943 305 981 ubi
336 940 424 983 τόδε
465 940 620 997 ἄγαλμα
657 944 802 983 dicitur
842 944 1067 993 donarium,
1105 944 1208 993 quod
1247 944 1351 982 haud
1393 944 1512 983 dubie
1555 944 1760 982 columnae

237 1009 331 1047 olim
372 1009 449 1048 fuit
489 1010 737 1060 impositum,
775 1011 887 1048 τοῦτο
925 1011 987 1047 est
1027 1009 1189 1058 titulus,
1227 1022 1344 1059 quem
1382 1009 1542 1048 exhibet
1581 1009 1764 1048 columna

236 1075 389 1113 striata.
399 1071 442 1125 *)
501 1075 602 1113 Item
629 1075 887 1126 Tegeaticum
914 1075 1162 1124 epigramma
1188 1069 1297 1126 (Sch.
1323 1074 1461 1124 Eurip.
1481 1074 1638 1124 Hippol.
1659 1070 1762 1126 263)

238 1139 344 1177 haud
377 1139 495 1178 dubie
526 1140 751 1189 antiquum:

448 1235 556 1278 ταῦτ’
592 1238 720 1292 ἔλεγεν
750 1235 945 1291 Σώδαμος
972 1235 1208 1291 Ἐπηράτου,
1240 1234 1283 1286 ’ός
1314 1234 1355 1289 μ’
1390 1234 1600 1290 ἀνέθηκεν,

520 1302 644 1356 μηδὲν
675 1301 793 1357 ᾶγαν·
824 1306 947 1358 καιρῷ
977 1300 1106 1343 πάντα
1137 1299 1318 1354 πρόσεστι
1348 1299 1457 1342 καλά.

235 1411 375 1461 Neque
425 1412 570 1451 desunt
619 1412 802 1461 exempla
850 1410 1040 1449 orationis
1090 1411 1304 1461 pedestris,
1361 1411 1471 1449 velut
1518 1413 1580 1449 est
1621 1411 1663 1449 in
1711 1410 1761 1448 ti·

235 1477 339 1525 tulo,
383 1489 500 1526 quem
544 1476 650 1526 regis
688 1475 973 1514 Psammetichi
1015 1475 1248 1514 mercenarii
1292 1475 1495 1525 Psampoli
1538 1475 1577 1513 in
1622 1475 1763 1514 colossi
1836 1520 1840 1524 ,

236 1543 385 1580 femore
411 1541 725 1592 insculpserunt:
758 1538 943 1588 Βασιλέος
968 1536 1153 1587 ἐλθόντος
1179 1538 1218 1587 ἐς
1239 1533 1522 1590 Ἐλεφαντίναν
1555 1536 1762 1593 Ψαμ(μ)α-

235 1607 342 1659 τίχου
372 1608 492 1646 ταῦτα
529 1604 722 1659 ἔγραψαν,
781 1606 885 1645 Item
929 1606 969 1644 in
1012 1606 1173 1644 vasculo
1218 1601 1379 1657 (Annal.
1418 1606 1515 1645 Inst.
1555 1607 1763 1645 Archaeol.

236 1672 315 1710 VII
350 1674 432 1711 238
456 1669 555 1724 seq.)
589 1672 657 1710 ubi
690 1671 912 1709 hirundinis
945 1671 1160 1709 adventum
1193 1670 1372 1710 homines
1404 1671 1531 1710 Attici
1568 1672 1630 1710 his
1661 1671 1763 1710 voci-

235 1737 310 1775 bus
331 1738 548 1775 celebrant:
575 1735 665 1775 ἰδοῢ
691 1731 864 1787 χελιδών.
891 1731 940 1787 νὴ
967 1731 1036 1775 τὸν
1054 1730 1258 1786 εΗρακλέα.
1286 1731 1409 1786 αὖτηΐ.
1438 1734 1505 1787 ἓάρ
1525 1732 1614 1787 ἤδη.
1641 1749 1759 1786 quem

236 1801 401 1840 titulum
435 1802 641 1852 antiquum
674 1814 761 1840 esse
794 1802 892 1839 satis
926 1802 1098 1839 testatur
1128 1795 1270 1852 ἀρχαία
1302 1800 1488 1852 σημασία,
1528 1814 1645 1851 quam
1676 1814 1763 1840 vas-

237 1868 369 1906 culum
403 1868 574 1906 exhibet.

355 1932 541 1972 Vicissim
583 1927 672 1971 τόδε
710 1931 816 1970 haud
853 1943 944 1969 raro
983 1925 1237 1982 ἆναφορικῶς
1273 1944 1345 1981 pro
1382 1933 1494 1970 τοῦτο
1533 1931 1612 1970 dici
1650 1932 1762 1982 solet,

237 1998 348 2036 velut
386 1997 491 2047 apud
528 1997 643 2036 Hom.
677 1995 747 2035 Od.
780 2011 805 2034 α
839 1996 941 2046 183,
980 1994 1049 2032 ubi
1086 1995 1325 2045 interpretes
1358 1996 1612 2045 Apollonium
1651 1996 1762 2046 sequi

237 2061 451 2111 debebant,
487 2061 585 2100 item
622 2073 682 2110 ap.
722 2060 940 2099 Hesiodum
979 2057 1050 2109 Op.
1083 2062 1167 2099 297
1207 2055 1269 2099 ὅδ’
1310 2052 1396 2099 αὖτ’
1439 2055 1600 2112 ἀχρήιος
1645 2056 1761 2112 ἀνήρ,

236 2127 311 2165 hoc
330 2128 371 2164 et
396 2125 591 2164 similibus
618 2125 714 2164 locis
735 2125 945 2164 Schaefero
965 2126 1129 2164 auctore
1154 2126 1282 2164 nostri
1307 2120 1328 2165 ὁ
1355 2121 1393 2164 δ’
1422 2125 1595 2165 scribere
1621 2126 1761 2177 solent,

235 2203 315 2229 non
359 2193 477 2229 recte.
550 2191 731 2229 Eundem
775 2202 890 2228 usum
939 2189 1205 2229 testificantur
1253 2192 1414 2229 vetusta
1463 2191 1762 2241 epigrammata,

236 2256 569 2305 quemadmodum
600 2256 749 2307 legitur
792 2256 832 2294 in
862 2254 1083 2306 Corcyraeo
1127 2255 1264 2294 titulo:
1317 2255 1409 2295 υἱοῦ
1443 2255 1642 2295 Τλασίαέο
1673 2257 1762 2303 Μεῖ-

240 2317 442 2372 νεκρᾶτεος
467 2317 555 2360 τόδε
581 2322 698 2372 σᾶμα,
727 2318 924 2368 Οἰανθέος
949 2316 1106 2373 γενεάν·
1138 2317 1218 2360 τόδ
1226 2335 1243 2359 ε
1274 2315 1312 2359 δ’
1341 2315 1446 2376 αὐτῷ
1472 2320 1597 2373 δᾶμος
1621 2319 1761 2360 ἐποίει·

239 2417 245 2423 .
322 2415 330 2423 .
364 2416 372 2425 .
404 2381 480 2424 σὺν
512 2382 623 2440 δάμῳ
661 2382 741 2425 τόδ
750 2400 767 2424 ε
806 2387 909 2437 σᾶμα
946 2382 1196 2439 κασιγνήτοιο
1233 2381 1406 2437 πονήθη.
1467 2386 1562 2424 item
1594 2387 1635 2424 in
1665 2385 1757 2424 alio:

237 2452 341 2502 σᾶμα
380 2443 463 2490 τόδ’
507 2446 710 2502 Ἀρνιᾶδα·
767 2446 939 2502 χαροπὸς
982 2446 1106 2490 τόνδ’
1161 2446 1301 2490 ὤλεσεν
1340 2446 1463 2502 ’Ἀρης
1511 2443 1761 2502 βαρνᾶμενον

237 2511 344 2568 παρὰ
377 2515 531 2555 ναυσίν.
592 2516 694 2555 Item
733 2516 773 2554 in
804 2515 922 2555 titulo
955 2529 1070 2566 quem
1104 2515 1164 2555 Ol.
1199 2517 1251 2555 79
1292 2515 1470 2564 proxime
1507 2517 1600 2554 ante
1637 2515 1760 2554 Simo-

238 2700 367 2748 Αἰγίνῃ
395 2698 549 2754 δώματα
568 2697 754 2736 ναιετάων
775 2700 955 2746 perhibet,
982 2701 1238 2747 corrigendum
1260 2696 1378 2735 veiam
1399 2697 1440 2735 ἐν
1460 2697 1604 2752 Αἰγίνᾳ,
1630 2711 1759 2744 quem-

239 2737 437 2802 admodum
463 2747 602 2794 legitur
625 2747 713 2783 VIII
739 2751 796 2792 42,
822 2752 854 2792 9,
881 2759 966 2783 nam
993 2748 1126 2784 artifex
1150 2748 1249 2783 idem
1276 2736 1461 2783 distichon
1487 2735 1600 2782 etiam
1626 2746 1757 2812 Hiero—

237 2795 294 2831 nis
319 2797 560 2831 monumento
586 2795 814 2840 subscripsit.

335 2890 368 2936 *)
395 2888 579 2926 Boeckhii
603 2890 812 2935 lectionem,
839 2902 911 2926 non
936 2890 1281 2936 interpretationem
1307 2899 1449 2935 sequor.
