1864 3126
845 721 961 766 XIX.
1384 762 1386 764 ,
1573 732 1662 764 1011

642 827 1161 879 ANAOREON.

730 970 811 1002 ΕΙΣ
837 970 1061 1006 APTEMIN.

802 1055 837 1097 1.
871 1053 1000 1111 [1.]*)

226 1138 485 1194 Γουνοῦμαι
518 1133 578 1192 σ’,
611 1128 883 1193 ἕλαφηβόλε,

183 1266 186 1267 ⁷
218 1206 370 1265 ξανθὴ
402 1215 485 1251 παῖ
513 1206 641 1262 Διός,
673 1205 845 1265 ἀγρίων

338 1276 539 1325 δέσποιν’
563 1277 742 1337 ’Ἀρτεμι
773 1280 952 1335 θηρῶν·

218 1348 248 1408 ἦ
279 1367 364 1395 κου
393 1352 481 1395 νῦν
511 1349 582 1394 ἐπὶ
615 1352 829 1407 Ληθαίου

217 1506 469 1541 Anacreon.
520 1504 575 1540 De
601 1504 847 1540 Anacreontis
873 1503 1099 1540 carminibus
1132 1503 1204 1540 vid.
1238 1503 1498 1540 Schneidewin
1524 1503 1563 1538 in
1587 1503 1662 1538 An-

121 1552 271 1589 nalibus
297 1551 483 1597 Antiquit.
511 1555 603 1588 1835
629 1564 664 1598 p.
691 1555 760 1587 508
776 1563 880 1597 seqq.
908 1553 946 1587 et
970 1551 1146 1587 Welcker
1171 1551 1303 1597 opusc.
1331 1552 1447 1588 1251.
1477 1571 1521 1577 --
1547 1551 1607 1586 Fr.
1630 1554 1661 1586 1.

120 1599 351 1646 Hephaestio
387 1603 478 1635 125:
516 1596 690 1635 Κοινόν
728 1597 772 1634 δέ
806 1596 883 1635 ἐστι
915 1596 1034 1635 κατὰ
1067 1597 1222 1682 σΞέσιν
1245 1596 1308 1656 τὸτ
1327 1597 1398 1635 δύο
1431 1594 1661 1644 συστήμασιν

119 1644 413 1690 ὖποπεπτωκός,
437 1644 618 1692 καθάπερ
644 1644 692 1682 τὸ
723 1647 903 1692 πρῶτον
932 1643 1085 1691 Ἀνακρ
1120 1659 1252 1687 οντος
1284 1657 1422 1692 ασμα·
1458 1645 1662 1681 Γουνοῦ-

121 1708 202 1741 μαι
227 1723 235 1730 .
256 1724 266 1733 .
287 1724 295 1732 .
314 1694 484 1740 θηρῶν.
523 1694 588 1730 καὶ
608 1691 653 1729 τοὶ
676 1691 778 1739 ἑξῆς·
804 1692 900 1730 κατὰ
919 1692 991 1752 μὲν
1011 1692 1083 1740 γὰρ
1108 1691 1190 1739 τὴν
1209 1683 1297 1729 νῦιῖ
1319 1692 1507 1730 ἔκδοσιν
1527 1689 1662 1728 ὀκτά-

123 1741 268 1783 κωλός
294 1739 394 1778 ἔστιν
420 1739 443 1788 ἡ
471 1739 627 1787 στροφὴ,
652 1741 717 1777 καὶ
741 1738 783 1777 τὸ
811 1735 930 1791 ᾆσμα
957 1738 1032 1777 ἐστι
1060 1738 1447 1788 μονοστροφικόν.
1488 1738 1663 1776 Δύναται

125 1788 168 1826 δὲ
199 1789 264 1826 καὶ
297 1786 432 1835 ἑτέρως
462 1790 697 1835 διαιρεῖσθαι
729 1790 795 1830 εἷς
826 1802 872 1825 τε
904 1786 1071 1835 τριάδα
1101 1791 1167 1825 καὶ
1198 1787 1406 1825 πεντάδα
1438 1785 1461 1834 ἡ
1495 1787 1660 1834 στροφή·

125 1833 219 1874 ὥστε
255 1833 527 1883 Φερεκράτειον
559 1834 660 1872 εἶναι
689 1833 732 1872 τό
771 1839 988 1873 τελευταῖον
1025 1837 1092 1872 τοῦ
1125 1834 1375 1883 συστήματος,
1411 1836 1480 1871 τοῦ
1513 1833 1555 1872 ἐκ
1586 1836 1662 1871 τῶν

122 1885 235 1929 τριῶν
265 1882 396 1920 κοίλων
426 1879 450 1930 ἢ
483 1884 557 1920 τῶν
594 1883 719 1920 πέντε.
768 1883 889 1931 Igitur
925 1884 965 1920 in
996 1883 1215 1930 vulgaribus
1247 1884 1399 1930 quidem
1434 1882 1662 1919 editionibus

123 1929 206 1978 (τὴν
230 1932 300 1967 νῦν
328 1930 479 1968 ἔκδοσιν
503 1932 779 1969 Aristarcheam
803 1943 884 1968 esse
904 1932 995 1968 olim
1015 1931 1224 1987 suspicatus
1243 1933 1340 1977 sum)
1365 1931 1405 1967 hi
1426 1932 1512 1967 octo
1532 1942 1661 1966 versus

124 1991 198 2015 una
229 1979 479 2026 perpetuitate
511 1979 775 2025 decurrebant,
806 1979 1004 2026 legebatur
1035 1990 1134 2015 emm
1166 1991 1200 2015 v.
1233 1983 1255 2015 3
1286 1980 1483 2024 θηρίων,
1515 1990 1588 2014 non
1619 1979 1664 2014 ut

124 2038 222 2063 nunc
254 2028 313 2063 est
344 2038 404 2073 ap.
435 2027 558 2073 Heph.
582 2027 757 2074 θηρῶν,
791 2039 905 2073 quam
939 2026 1140 2064 lectionem
1166 2026 1231 2072 qui
1261 2027 1515 2073 probaverunt
1539 2037 1663 2072 gram-

124 2074 253 2111 matici
279 2074 318 2110 in
343 2074 435 2110 duas
456 2074 635 2121 'strophas
654 2074 930 2121 disposuerunt.
967 2073 1053 2110 Non
1071 2076 1199 2110 tamen
1217 2074 1406 2130 integrum
1425 2075 1483 2110 est
1502 2085 1662 2116 carmen,

126 2122 166 2157 id
192 2122 291 2167 quod
317 2122 506 2158 sententia
530 2121 753 2168 imperfecta
778 2122 921 2168 arguit:
946 2121 1063 2168 igitur
1086 2121 1246 2158 fortasse
1266 2124 1382 2158 etiam
1406 2121 1445 2157 in
1469 2121 1663 2167 proximis,

128 2180 224 2214 quae
249 2169 459 2216 intercepta
485 2171 582 2213 sunt,
609 2169 749 2206 similes
774 2169 947 2206 lectionis
973 2169 1212 2206 diversitates
1238 2172 1356 2214 erant,
1388 2171 1432 2204 ut
1454 2169 1555 2204 idem
1580 2179 1662 2203 ver-

125 2228 186 2251 sus
205 2217 290 2252 aliis
311 2217 534 2262 glnoneus,
561 2217 645 2253 aliis
663 2217 926 2263 pherecrateus
945 2228 1023 2253 esse
1041 2217 1241 2253 videretur.
1274 2217 1446 2254 Ceterum
1466 2227 1540 2251 non
1561 2216 1662 2251 recte

126 2264 241 2300 schol.
267 2263 560 2309 Hephaestionis
582 2276 617 2301 v.
643 2267 667 2300 4
690 2265 885 2310 tamquam
911 2263 1226 2311 antistrophicum
1251 2266 1380 2300 censet
1402 2263 1526 2300 versui
1556 2266 1574 2297 1
1602 2274 1662 2298 ex-

127 2313 330 2356 aequatum
356 2321 445 2347 esse.
497 2311 709 2348 Scholiasta
732 2312 781 2348 ad
804 2311 913 2348 illum
938 2311 1062 2348 locum
1087 2311 1277 2359 integrm
1306 2323 1455 2348 carmen
1482 2310 1660 2353 servavit,

127 2360 166 2394 et
184 2370 218 2394 v.
239 2362 261 2394 3
281 2358 321 2394 et
339 2361 361 2393 8
380 2358 532 2404 repetit.
557 2358 603 2395 V.
619 2363 710 2395 1-3
735 2358 846 2395 affert
868 2371 895 2395 s.
922 2361 1022 2406 poet.
1047 2371 1147 2396 nom.
1174 2371 1332 2406 gramm.
1357 2371 1416 2405 ap.
1438 2358 1521 2393 Keil
1548 2356 1658 2393 Anal.

126 2406 290 2442 Gramm.
319 2409 374 2450 10,
400 2409 446 2441 26
471 2405 554 2451 (ubi
579 2405 659 2442 cod.
679 2407 722 2442 ut
739 2406 889 2443 videtur
912 2419 947 2443 v.
970 2411 987 2442 1
1014 2407 1108 2453 γοῦν
1133 2403 1269 2442 ἅνασσ’
1297 2407 1337 2443 et
1361 2419 1395 2442 v.
1415 2410 1437 2441 3
1462 2405 1658 2450 θηρίων)

126 2455 165 2489 et
190 2453 359 2499 Apostol.
387 2452 418 2488 V
446 2456 535 2488 69a.
573 2452 617 2489 V.
646 2457 664 2488 1
691 2455 731 2489 et
754 2458 775 2488 2
801 2453 917 2490 schol.
943 2453 1063 2500 Heph.
1090 2457 1112 2489 8
1138 2454 1217 2499 (ubi
1241 2450 1396 2497 ξανθά).
1424 2452 1529 2488 Adde
1554 2462 1659 2497 prae-

126 2502 230 2536 terea
255 2501 383 2537 Ioann.
411 2499 520 2536 Sicel.
548 2499 605 2536 ed.
631 2499 748 2537 Walz.
774 2500 824 2536 VI
852 2504 937 2537 128:
970 2501 1034 2537 καὶ
1058 2498 1082 2546 ἡ
1110 2500 1180 2547 μὲν
1212 2499 1340 2542 στάσις
1372 2496 1543 2547 ἐπῳδοὺς
1573 2496 1660 2534 &aa

126 2549 303 2592 τελείους,
328 2545 351 2593 ἡ
380 2546 424 2583 δὲ
450 2545 714 2605 περικύκλησις
737 2549 934 2593 περίοδον,
965 2544 1047 2594 ἥτις
1071 2546 1148 2585 ἐστὶ
1174 2549 1240 2584 τοῦ
1266 2548 1500 2592 τελειοτέρου
1526 2535 1661 2593 με’ὶους

127 2591 386 2642 ἀπηρτισμένη
419 2591 595 2640 σύνοδος,
628 2607 677 2636 ως
707 2592 728 2629 ὁ
762 2591 1027 2641 Ἀνακρέων·
1069 2596 1334 2653 Γουνοῦμαι
1367 2623 1374 2630 .
1402 2622 1411 2630 .
1439 2622 1446 2630 .
1477 2596 1659 2638 θρασυ-

128 2643 303 2687 καρδίαι
313 2655 348 2678 ν.
375 2643 485 2678 τοῦτο
512 2640 671 2688 στροφή·
699 2639 781 2677 εἶτα
806 2638 829 2687 ἡ
855 2639 1086 2688 ἀντιστροφὴ
1112 2641 1206 2688 πρὸς
1230 2656 1272 2678 το
1294 2644 1466 2678 εἴδωλον·
1494 2637 1557 2676 Οὔ
1575 2638 1660 2687 γὰρ

130 2686 176 2730 ἐς
206 2686 339 2736 ἅνημ.
366 2703 405 2726 π.
438 2688 668 2734 πολιήτας.
724 2691 898 2735 Ληθαῖος
927 2687 970 2725 δὲ
1002 2686 1125 2736 ὄνομα
1154 2690 1326 2736 ποταμοῦ
1352 2689 1587 2734 Μαγνησίας.
1618 2709 1658 2714 —-

128 2736 172 2773 V.
201 2741 218 2772 l
247 2737 356 2774 affert
380 2737 488 2774 Attil.
510 2737 701 2773 Fortunat.
722 2740 804 2780 356,
823 2740 905 2781 357,
925 2739 994 2773 358
1014 2736 1071 2773 ed.
1091 2736 1205 2773 Gaisf.
1227 2758 1270 2763 —
1298 2737 1341 2772 V.
1362 2740 1384 2771 3
1404 2736 1542 2781 legitur
1560 2736 1660 2781 apud

134 2783 259 2820 Schol.
279 2785 386 2821 Hom.
408 2784 448 2821 11.
471 2798 499 2830 φ
521 2788 590 2820 470
610 2785 649 2819 et
667 2784 768 2819 Eust.
791 2787 894 2828 1247,
908 2787 942 2827 9,
958 2783 1023 2830 qui
1042 2795 1170 2820 omnes
1188 2784 1331 2830 θηρῶν.
1351 2806 1388 2809 --
1411 2784 1456 2820 V.
1474 2787 1507 2820 4.
1523 2782 1660 2819 Locum

226 2903 261 2948 *)
287 2902 440 2938 Numeri
465 2902 604 2939 adiecti
630 2903 716 2938 sunt
740 2901 914 2938 editionis
940 2913 1055 2938 meae.
