1864 3126
814 166 1001 206 IBYCUS.
1583 167 1671 211 249

137 277 407 320 συνδιαιτᾶται
437 274 589 328 αὐτοῖς·
621 278 687 319 καὶ
712 277 906 332 Πολέμων
929 280 1089 332 ἱστορεῖ·
1121 279 1165 321 ἐν
1196 278 1268 333 μὲν
1292 276 1368 335 γὰρ
1388 276 1671 334 Ἀργυρίπποις

135 339 253 399 ἅγιόν
283 342 387 386 ἔστιν
418 340 541 387 αὐτοῦ
571 341 699 398 ἱερόν,
729 344 796 386 καὶ
826 344 870 386 ἐν
900 346 1165 402 Μεταποντίῳ
1198 344 1241 387 δὲ
1273 342 1340 387 διὰ
1371 348 1519 399 πολλῆς
1549 342 1672 387 αὐτὸν
1738 365 1746 369 ⁴

136 409 320 467 αἴρεσθαι
348 412 462 464 τιμῆς
493 405 546 460 ὥς
575 406 675 451 θεὸν
715 409 782 451 καὶ
817 409 861 451 ἐν
902 410 1088 464 Θουρίοις
1124 408 1279 460 εἰκόνας
1318 407 1442 453 αὐτοῦ
1478 407 1671 464 καθιδρύ-

137 479 235 517 σθαι
265 471 460 525 ὦς’θεοῢ.
521 476 726 517 Exoidisse
756 477 950 516 nonnulla.
978 479 1072 529 post
1103 478 1228 519 verba
1256 476 1323 518 καὶ
1353 474 1514 530 Ἴβυκος
1545 473 1671 526 οὕτως

134 541 404 594 manifestum,
435 555 563 594 neque
595 555 689 583 vero
721 542 936 583 scholiasta
966 544 1108 594 poetae
1148 557 1287 584 versus
1326 544 1486 584 videtur
1526 543 1672 583 adscri-

136 606 282 659 psisse,
323 608 394 648 sed
438 609 607 659 famam,
653 608 989 661 quemadmodum
1028 608 1174 660 Ibycus
1216 611 1493 660 enarraverat,
1534 608 1671 659 paucis

138 672 497 724 comprehendisse.

797 767 1007 822 39.[21]

256 852 344 893 Soh.
376 853 509 904 Apoll.
540 853 613 894 Rh.
645 853 665 892 I
698 856 804 895 287:
843 849 966 907 Εἷχεν
1001 850 1076 908 γὰρ
1114 852 1180 894 καὶ
1218 849 1398 905 ἀδελφὴν
1423 848 1566 892 Ἰάσων
1589 847 1672 907 Ἱπ-

137 914 324 971 πολύτην,
355 914 409 967 ὥς
439 930 564 971 φησιν
584 915 756 972 Ἴβυκος.

796 1048 866 1092 40.
902 1048 1008 1101 [23]

259 1139 404 1180 Zenob.
440 1140 557 1181 Prov.
595 1140 635 1180 II
678 1142 754 1182 45:
798 1136 943 1194 Ἀγῶν
987 1135 1232 1193 πρόφασιν
1277 1135 1363 1180 οὐκ
1405 1137 1675 1192 ἐπιδέχεται

139 1201 247 1246 οὔτε
277 1204 430 1256 φιλία·
462 1201 484 1247 5
516 1205 664 1247 Μίλων
695 1202 807 1261 (fort.
838 1201 1033 1261 Δήμων)
1064 1202 1086 1247 5
1118 1202 1460 1260 παροιμιογροὶφος
1479 1201 1674 1254 Ἰβύκειον

138 1265 211 1323 τὴν
241 1271 457 1323 παροιμίαν
492 1268 638 1325 ταύτην
674 1270 798 1325 φησὶν
835 1267 888 1321 ὦς
924 1267 1082 1323 πρώτου
1121 1269 1368 1325 χρησαμένου
1404 1273 1474 1312 τοῦ
1500 1267 1672 1323 Ἰβύκου.

140 1336 200 1377 Cf.
230 1336 286 1376 ibi
316 1337 483 1389 interpr.

798 1431 1007 1484 41.[25]

260 1526 388 1567 Schol.
422 1527 555 1578 Apoll.
587 1528 661 1569 Rh.
695 1529 714 1568 I
747 1530 851 1569 146:
882 1524 927 1568 ‘O
959 1526 1001 1569 δὲ
1022 1525 1182 1582 Ἴβυκος
1214 1528 1527 1582 Πλευρωνίαν
1565 1523 1674 1582 (Λή-

141 1587 237 1646 δαν)
268 1592 406 1645 φησίν,
429 1588 659 1643 Ἑλλάνικος
691 1591 735 1634 δὲ
766 1594 1043 1635 Καλυδωνίαν.

818 1723 889 1766 42.
926 1723 996 1766 43.

260 1819 390 1860 Cram.
421 1821 495 1860 An.
529 1820 602 1861 Ox.
632 1821 691 1860 III
724 1823 829 1873 413,
863 1823 936 1862 16:
970 1817 1014 1861 Ὁ
1051 1819 1101 1862 δὲ
1138 1818 1278 1870 αὐτὸς
1315 1817 1560 1874 ἑωσφόρος
1596 1818 1676 1860 καὶ

141 1883 359 1936 ἕσπερος·
390 1885 516 1926 καίτοι
545 1901 588 1939 γε
618 1882 661 1927 τὸ
686 1883 863 1929 παλαιὸν
893 1883 1009 1936 ἄλλος
1034 1883 1162 1928 ἐδόκει
1187 1882 1288 1928 εἶναι
1320 1881 1341 1927 5
1374 1879 1579 1938 ἑωσφόρος
1609 1884 1676 1925 καὶ

140 1947 258 1999 ἄλλος
281 1946 303 1992 5
329 1949 507 2003 ἕσπερος·
539 1954 691 2003 πρῶτος
716 1950 760 1992 δὲ
779 1945 940 2005 Ἵβυκὸς
965 1948 986 1994 5
1011 1949 1192 2006 Ῥηγῖνος
1230 1948 1426 2005 συνήγαγε
1456 1946 1525 1999 τὰς
1555 1963 1675 2002 προσ-

142 2016 316 2070 ηγορίας.
385 2017 562 2057 Achilles
601 2018 691 2058 Tat.
735 2018 778 2057 in
813 2019 985 2058 Aratum
1021 2032 1058 2069 p.
1093 2020 1176 2058 136
1219 2018 1280 2057 ed.
1317 2018 1464 2057 Petav:
1505 2014 1676 2068 πέμπτος

141 2077 164 2122 5
196 2083 265 2134 τῆς
291 2077 541 2134 Ἀφροδίτης,
572 2079 679 2135 παρὰ
711 2080 755 2123 δὲ
774 2079 963 2136 Ἕλλησιν
988 2078 1236 2135 Ἑωσφόρος·
1267 2084 1420 2134 πρῶτος
1452 2079 1495 2121 δὲ
1515 2078 1676 2134 Ἴβυκος

143 2147 199 2196 εἰς
229 2145 299 2188 ἕνα
329 2145 542 2188 συνέστειλε
571 2144 641 2197 τὰς
670 2149 922 2203 προσηγρίας.

801 2288 1013 2343 44.[26]

264 2372 353 2412 Sch.
384 2371 516 2423 Apoll.
548 2373 621 2413 Rh.
648 2373 705 2412 IV
733 2376 807 2414 57:
826 2369 988 2426 Ἴβυκος
1020 2370 1057 2414 δ’
1092 2372 1143 2414 ἐν
1172 2370 1335 2428 πρώτῳ
1358 2370 1523 2421 ’Ἤλιδος
1554 2368 1674 2413 αὐτὸν

143 2431 437 2491 (Ἐνδυμίωνα)
469 2437 698 2490 βασιλεῦσαι
727 2438 836 2491 φησί.
899 2439 958 2479 Cf.
989 2439 1138 2479 Eudoc.
1173 2440 1268 2478 148.

803 2576 1012 2633 45.[28]

264 2663 352 2703 Sch.
383 2664 514 2714 Apoll.
546 2664 619 2702 Rh.
652 2663 693 2702 II
728 2665 830 2703 777:
868 2661 1017 2703 Πολλοὶ
1047 2661 1091 2703 δὲ
1121 2660 1230 2717 λόγοι
1260 2661 1348 2715 περὶ
1378 2664 1448 2703 τοῦ
1480 2657 1676 2714 ζωστῆρός

145 2728 261 2768 εἰσιν·
291 2725 392 2776 τινὲς
422 2725 494 2779 μὲν
523 2723 598 2781 γὰρ
623 2723 868 2779 Ἱππολύτης,
899 2724 1009 2769 ἄλλοι
1034 2726 1077 2768 δὲ
1102 2725 1292 2780 Διϊλύκης
1322 2724 1415 2782 (scr.
1441 2723 1675 2782 Δηιλύκης),

134 2790 295 2846 Ἴβυκος
325 2790 369 2832 δὲ
410 2789 605 2845 Οἰολύκης
642 2792 752 2840 ἰδίως
788 2792 954 2845 ἱστορῶν
989 2794 1058 2844 τῆς
1094 2789 1271 2846 Βριάρεω
1309 2789 1509 2846 θυγατρός
1538 2805 1674 2846 φησιν.

146 2858 293 2910 Ibycus
323 2858 484 2898 videtur
521 2858 684 2897 dixisse:
727 2851 957 2907 Οἰολύκα,
995 2854 1205 2911 Βριάρηο
1241 2854 1376 2911 κόρα,
1414 2858 1493 2899 vid.
1525 2859 1590 2899 Et.
1621 2859 1672 2901 M.

148 2924 246 2974 213,
279 2924 352 2963 23:
383 2918 578 2976 Βριᾶρηο·
609 2918 697 2963 οἷον
727 2918 937 2975 Βριᾶρηο
968 2919 1096 2976 κόρα.

1701 2303 1792 2335 1008
