1864 3126
0 72 113 115 ,tr-

4 117 83 170 “5:²ae
787 127 1000 167 ALCMAN.
1606 132 1660 174 19

126 234 203 293 ’τὴν
228 234 313 280 τότε
343 236 562 293 γενομένην
592 234 778 294 ἁρπαγὴν
797 237 975 292 ’Ἀφιδνα
1005 238 1117 291 πόλις
1144 237 1316 295 Ἀττικῆς
1351 247 1559 296 πορθεῖται
1596 244 1662 284 καὶ

127 300 372 359 cuodmua
391 301 558 358 Κάστωρ
583 300 653 346 ὑπ’
677 302 873 357 Ἀφιδνοῦ
897 309 966 347 τοῦ
991 303 1073 347 τότε
1104 306 1293 359 βασιλέως
1318 304 1414 348 κατὰ
1439 305 1507 349 τὸν
1532 306 1662 358 δεξιὸν

126 366 272 425 μηρόν·
306 369 349 412 οἱ
374 367 418 411 δὲ
441 366 699 423 Διόσκουροι,
735 370 896 424 Θησέως
922 368 974 424 μὴ
1001 369 1199 425 τυχόντες,
1230 377 1564 429 λαφυραγωγοῦσι
1594 372 1662 423 τὰς

121 430 314 489 Ἀφίδνας
345 431 544 491 (Ἀθήνας
575 431 644 491 Α).
706 432 732 490 ἡ
769 437 918 487 ἱστορία
957 434 1063 489 παρὰ
1103 442 1183 486 τοῖς
1220 440 1490 491 Πολεμωνίοις
1534 440 1661 494 (unus

126 502 210 544 ood-
234 500 506 555 τελαμωνίοις)
536 498 564 555 ἢ
594 506 676 551 τοῖς
707 500 753 556 (ἥ
776 518 835 543 τοι
860 498 915 556 D)
946 506 1147 552 κυκλικοῖς
1177 503 1243 544 καὶ
1273 501 1352 545 ἀπὸ
1385 504 1527 558 μέρους
1555 502 1660 559 παρὰ

121 562 309 620 Ἀλκμᾶνι
344 569 398 625 τῷ
434 570 582 625 λυρικῷ
622 565 692 620 (de
724 582 802 620 quo
833 568 1068 609 difficillimo
1100 570 1185 610 loco
1218 572 1266 611 cf.
1299 571 1468 611 Prelleri
1500 573 1662 612 Polemo

125 646 164 685 p.
199 636 252 674 16
274 631 414 687 seqq.).
472 630 669 686 Ἀθήνας,
708 648 786 675 non
813 630 1006 685 Ἀφίδνας
1043 637 1084 674 et
1120 636 1227 686 apud
1266 637 1503 677 Pausaniam
1542 641 1584 677 et
1620 636 1662 678 in

127 698 249 740 schol.
281 699 329 739 Π.
366 699 582 751 legendum
625 713 712 740 esse
757 701 963 741 contendit
1000 700 1200 740 Schubart
1237 697 1554 755 (Methodologie
1591 706 1663 744 der

126 765 262 806 Kritik
293 779 331 816 p.
365 760 459 819 95),
500 766 569 806 sed
607 767 713 817 quod
751 767 880 806 utitur
911 768 961 807 ad
993 767 1104 806 illam
1135 768 1349 807 lectionem
1372 771 1662 819 *stabiliendam

126 830 341 881 versiculo,
374 831 443 881 qui
472 831 686 882 legebatur
718 832 758 871 in
790 844 884 871 arca
909 832 1074 883 Cypseli
1105 829 1294 885 (Pausan.
1322 834 1358 872 V
1388 837 1454 886 19,
1481 831 1526 889 3)
1561 838 1662 876 Τυν-

127 894 271 948 δαρίδα
302 891 469 936 Ἑλέναν
511 894 694 949 φέρετον,
738 897 900 949 Αἴθραν
941 895 982 938 δ’
1023 898 1176 939 ἕλκετον
1207 895 1458 951 Ἀθάναθεν,
1502 903 1663 941 omnino

125 961 302 1002 fallitur:
339 975 419 1003 non
455 975 559 1014 nego
590 963 649 1002 ita
680 964 875 1014 scriptum
906 965 1030 1005 fuisse
1060 965 1103 1004 in
1133 978 1242 1014 arca,
1276 978 1519 1016 quamquam
1546 963 1662 1007 Ἀθᾶ-

126 1031 255 1068 ναθεν
291 1028 463 1068 fortasse
499 1028 627 1079 ipsius
659 1029 882 1069 Pausaniae
923 1032 986 1071 vel
1017 1032 1101 1071 eius
1139 1033 1396 1072 librariorum
1435 1045 1546 1073 error
1584 1036 1663 1084 est3

127 1097 172 1134 at
194 1097 314 1146 poeta
339 1095 571 1146 scripserat:
608 1094 836 1147 Τυνδαρίδα
855 1091 1023 1136 Ἑλέναν
1048 1094 1212 1149 φέρετον
1231 1097 1393 1148 Αἴθραν
1418 1093 1451 1137 τ’
1479 1094 1664 1149 Ἀφίδνα-

126 1162 213 1203 θεν.
257 1165 360 1212 q'uae
405 1161 551 1201 artifex
588 1161 725 1201 addito
766 1163 889 1202 verbo
934 1160 1088 1202 ἕλκετον
1128 1163 1400 1214 interpolavit.
1447 1184 1497 1190 —
1551 1163 1663 1210 Quod

127 1225 405 1266 Schneidewin
435 1226 534 1266 duce
560 1224 605 1266 O.
633 1226 804 1266 Mflllero
836 1227 1016 1268 tribuere
1046 1229 1137 1268 vult
1167 1229 1352 1268 Alcmani
1383 1242 1446 1280 ap.
1473 1229 1663 1280 Hesych.:

122 1287 360 1332 Ἀσανέων
382 1287 540 1331 πόλιν·
568 1287 636 1340 τὰς
657 1287 865 1343 Ἀφίδνας·
892 1294 963 1333 ubi
986 1293 1212 1333 Palmerius
1234 1290 1456 1334 Ἀσαναίων
1481 1296 1664 1343 correxit,

126 1357 299 1398 fortasse
331 1371 379 1397 ex
409 1358 559 1409 hymno
591 1358 631 1396 II
663 1358 847 1408 petitum.

806 1487 873 1530 14.
906 1488 982 1541 [3.]

247 1578 418 1619 Pausan.
449 1578 512 1618 III
537 1580 606 1630 26,
633 1581 677 1619 2:
713 1579 910 1631 Θαλαμῶν
942 1577 986 1618 δὲ
1017 1575 1149 1632 ἀπέχει
1181 1580 1364 1629 σταδίους
1395 1580 1542 1621 εἴκοσιν
1573 1576 1665 1620 ὀνο-

129 1642 327 1697 μαζομένη
346 1643 513 1697 Πέφνος
538 1642 602 1684 ἐπὶ
626 1641 826 1697 θαλάσσῃ,
853 1642 1052 1698 πρόκειται
1077 1643 1122 1686 δὲ
1146 1645 1259 1698 νησὶς
1282 1644 1424 1698 πέτρας
1447 1648 1527 1686 τῶν
1551 1642 1666 1699 μεγά-

127 1713 209 1750 λων
239 1705 289 1750 οὖ
320 1709 481 1762 μείζων,
512 1707 678 1760 Πέφνος
707 1709 774 1750 καὶ
803 1706 925 1764 ταύτῃ
950 1707 992 1751 τὸ
1019 1707 1163 1763 ὄνομα·
1194 1714 1383 1763 τεχθῆναι
1414 1709 1458 1751 δὲ
1488 1710 1665 1751 ἐνταῦθα

126 1771 220 1824 τοὺς
244 1772 518 1827 Διοσκούρους
549 1774 673 1827 φασὶν
705 1775 747 1816 οἷ
772 1777 1018 1828 Θαλαμᾶται·
1049 1778 1163 1817 τοῦτο
1195 1774 1267 1829 μὲν
1299 1773 1348 1829 δὴ
1381 1776 1447 1817 καὶ
1467 1773 1665 1828 Ἀλκμᾶνα

129 1839 174 1881 ἐν
203 1837 346 1898 ᾅσματι
383 1836 474 1882 οἶδα
505 1838 681 1882 εἰπόντα·
722 1843 922 1895 τραφῆναι
959 1839 1003 1881 δὲ
1041 1838 1169 1882 οὐκέτι
1206 1840 1250 1881 ἐν
1279 1844 1325 1896 τῇ
1357 1841 1508 1898 Πέφνῳ
1541 1841 1665 1894 φασὶν

129 1902 294 1959 αὐτούς,
326 1902 409 1947 ἄλλ’
437 1902 590 1960 Ἑρμῆν
618 1903 689 1947 τὸν
719 1906 759 1956 ἐς
789 1904 1000 1947 Πελλάναν
1030 1908 1245 1960 κομίσαντα
1275 1903 1386 1947 εἶναι.
1419 1929 1468 1936 —-
1503 1909 1569 1948 Fr.
1599 1911 1666 1947 12.

131 1973 199 2014 13.
227 1974 281 2013 14
313 1973 387 2014 hoc
416 1974 503 2013 loco
535 1973 742 2014 collocavi:
773 1987 867 2013 nam
898 1987 976 2013 non
1008 1975 1102 2014 licet
1133 1974 1363 2024 decernere,
1396 1974 1491 2025 quid
1523 1975 1665 2013 horum

128 2038 171 2078 iu
201 2039 348 2090 primo,
379 2039 476 2090 quid
505 2038 549 2078 in
580 2039 752 2079 secundo
783 2040 933 2090 hymno
959 2040 1130 2079 Alcman
1154 2041 1453 2090 memoraverit,
1485 2053 1531 2079 ac
1560 2040 1662 2079 veri-

129 2103 259 2144 simile
290 2105 354 2144 est
382 2105 542 2155 poetam
568 2105 697 2144 etiam
728 2105 770 2143 in
786 2105 891 2144 *aliis
923 2105 1164 2145 carminibus
1197 2105 1409 2145 Castorum
1440 2106 1664 2144 fabularem

127 2170 336 2211 historiam
374 2170 578 2221 attigisse,
615 2170 656 2208 id
694 2171 799 2220 quod
836 2170 1029 2222 reliquiae
1061 2171 1269 2211 Parthenii
1307 2171 1493 2211 carminis
1526 2171 1574 2209 fr.
1608 2172 1662 2210 23

129 2236 248 2287 plane
279 2235 506 2275 ostendunt.

866 2341 931 2386 15.
1677 2352 1745 2383 823

249 2431 378 2474 Schol.
400 2432 522 2472 Clem.
543 2433 657 2473 Alex.
678 2434 723 2474 Τ.
741 2434 799 2473 IV
823 2435 903 2474 107
926 2433 986 2472 ed.
1006 2433 1141 2472 Klotz:
1173 2428 1398 2472 Ἱπποκόων
1427 2447 1484 2480 τις
1515 2429 1663 2484 ἐγένετο

131 2494 468 2551 Λακεδαιμόνιος,
509 2490 557 2538 οὗ
595 2496 676 2539 υἱοὶ
713 2493 793 2539 ἀπὸ
828 2501 898 2539 τοῦ
935 2495 1080 2551 πατρὸς
1111 2494 1312 2551 λεγόμενοι
1336 2493 1663 2538 Ἱπποκοωντίδαι

130 2561 353 2616 ἐφόνευσαν
383 2561 453 2605 τὸν
472 2564 700 2616 Λικυμνίου
730 2559 841 2615 υἱόν,
875 2561 1034 2604 Οἰωνὸν
1065 2560 1245 2615 ὀνόματι,
1277 2559 1446 2603 συνόντα
1472 2564 1523 2618 τῷ
1542 2557 1663 2613 ‘Hea—

130 2633 231 2682 κλεῐ,
268 2626 606 2684 ἀγανακτήσαντες
642 2628 706 2669 ἐπὶ
736 2631 789 2685 τῷ
819 2632 1093 2681 πεφονεῦσθαι
1125 2625 1193 2668 ὕπ’
1230 2625 1352 2668 αὐτοῦ
1382 2625 1484 2667 κύνα
1515 2623 1662 2667 αὐτῶν·

123 2693 197 2752 ,καὶ
228 2691 277 2748 δὴ
310 2691 586 2750 ἀγανακτήσας
617 2693 681 2735 ἐπὶ
705 2692 857 2743 τούτοις
882 2691 904 2735 ὁ
923 2691 1120 2747 Ἡρακλῆς
1144 2691 1317 2745 πόλεμον
1344 2696 1550 2747 συγκροτεῖ
1576 2689 1660 2733 κατ’

131 2756 263 2801 αὐτῶν
292 2759 360 2801 καὶ
389 2758 558 2810 πολλοὺς
588 2757 759 2812 ἀναιρεῖ,
798 2755 860 2799 ὅτε
897 2758 964 2799 καὶ
994 2755 1111 2807 αὐτὸς
1147 2755 1219 2810 τὴν
1256 2762 1364 2811 χεῖρα
1394 2755 1561 2812 ἐπλήγη·
1599 2756 1664 2811 μέ-

133 2840 276 2878 μνηται
305 2825 372 2866 καὶ
398 2822 570 2879 Ἀλκμὰν
602 2826 645 2866 ἐν
677 2822 732 2865 α’.
783 2824 971 2878 μέμνηται
1001 2824 1067 2865 καὶ
1100 2820 1321 2876 Εὐφορίων
1352 2822 1395 2864 ἕν
1430 2822 1556 2879 Θρᾳκὶ
1586 2826 1664 2864 τῶν

126 2884 416 2940 Ἱπποκόωντος
441 2892 618 2943 παίδων,
648 2894 727 2932 τῶν
751 2887 1075 2945 ἆντιμνηστήρων
1099 2886 1177 2931 τῶν
1196 2886 1464 2942 Διοσκούρων.
1514 2890 1664 2940 Attigit

1330 2955 1379 2992 2*
