1864 3126
219 133 306 175 308
514 154 515 157 =
783 134 975 170 POETAE
999 115 1177 172 Mnmcl.

290 242 453 297 ῥοδέην
484 244 599 285 ποίει
630 241 836 298 παρειήν·

219 326 263 356 20
290 312 494 370 ἐρύθημα
514 310 574 368 δ’,
594 310 654 364 ὡς
671 308 727 356 ἂν
748 315 931 369 Αἰδοῦς,

290 383 481 428 δύνασαι
513 382 614 439 γάρ,
647 385 901 440 ἐμποίησον.

288 454 337 499 τὸ
371 455 421 499 δὲ
451 458 596 512 χεῖλος
627 453 773 498 οὐκέτ’
809 452 910 499 οῖδα

287 530 377 570 τίνι
407 544 480 582 μοι
511 525 659 585 τρόπῳ
692 525 906 582 ποιήσεις·

288 595 462 641 ἁπαλὸν
487 597 623 654 γέμον
647 614 693 641 τε
718 600 930 650 Πειθοῦς.

217 681 260 711 25
286 667 336 712 τὸ
371 666 420 711 δὲ
450 670 540 711 πᾶν
573 665 595 711 ὁ
629 667 766 726 κηρὸς
790 667 923 721 αὐτός

289 740 418 795 ἐχέτω
451 741 601 782 λαλῶν
633 742 788 797 σιωπῇ.

287 809 394 866 μετὰ
428 809 478 854 δὲ
508 809 750 866 πρόσωπον
782 813 891 854 ἔστω

287 880 367 925 τὸν
396 879 636 933 Ἀδώνιδος
659 881 901 939 παρελθών

1070 247 1322 300 Διονυσίην
1354 243 1403 288 δὲ
1434 245 1592 302 νηδύν.
1650 260 1740 293 1056

1069 311 1252 359 ἁπαλῶν
1285 313 1325 358 δ’
1360 313 1528 373 ῧπερθε
1552 321 1724 376 μηρῶν,

998 417 1005 426 .
1069 388 1223 443 μηρῶν
1255 384 1304 429 τὸ
1334 386 1426 443 πῦρ
1459 387 1668 445 ἐχόντων,

1068 454 1211 513 ἀφελῆ
1243 459 1433 514 ποίησον
1465 461 1593 516 αἰδῶ,

1069 531 1255 584 Παφίην
1285 518 1512 574 θέλουσαν
1543 529 1642 588 ἤδη.

1068 597 1303 655 φθονερὴν
1329 602 1440 656 ἔχεις
1465 600 1514 645 δὲ
1539 602 1713 660 τέχνην,

1068 666 1136 712 ὅτι
1167 668 1225 726 μὴ
1257 668 1310 713 τὰ
1343 673 1463 715 νῶτα
1494 673 1634 725 δεῖξαι

1068 741 1275 784 δύνασαι·
1301 739 1354 785 τὰ
1381 741 1422 786 δ’
1451 737 1508 799 ἦν
1534 738 1713 800 ἆμείνὼ.

1068 814 1113 854 τί
1129 829 1182 868 με
1196 808 1274 856 ’δεῖ
1288 812 1430 865 πόδας
1449 812 1700 869 διδάσκειν;

1067 881 1176 937 λάβε
1207 881 1374 939 μισθὸν
1406 883 1545 929 ὅσσον
1570 891 1711 944 εἴπῃς·

1069 951 1150 996 τὸν
1178 951 1433 999 Ἀπόλλωνα
1465 956 1514 1000 δὲ
1544 959 1707 1001 τοῦτον

1069 1025 1275 1069 καθελών
1306 1029 1423 1070 ποίει
1453 1026 1707 1072 Βάθυλλον.

998 1107 1042 1137 45
1069 1092 1126 1150 ἢν
1147 1094 1188 1138 δ’
1212 1097 1256 1148 ἐς
1271 1096 1431 1154 Σάμον
1450 1097 1549 1142 ποτ’
1572 1101 1718 1156 ἔλθῃς,

1068 1165 1214 1223 γράφε
1229 1171 1399 1223 Φοῖβον
1413 1169 1460 1213 ἐκ
1471 1169 1726 1213 Βαθύλλου.

287 951 574 1008 ἐλεφάντινος
604 951 830 1009 τράχηλος.

218 1037 262 1067 30
290 1022 555 1080 μεταμάζιον
587 1022 636 1067 δὲ
667 1026 783 1068 ποίει

224 1097 227 1100 ’
289 1093 478 1151 διδύμας
507 1111 554 1138 τε
585 1102 732 1151 χεῖρας
751 1092 930 1152 Ἑρμοῦ,

289 1164 600 1217 Πολυδεύκεος
632 1164 681 1209 δὲ
712 1165 896 1223 μηρούς,

777 1286 842 1327 17.
878 1286 942 1328 18.
976 1287 1061 1338 [21.
1095 1287 1182 1340 22]

469 1368 600 1402 ΑΛΛΟ
627 1368 729 1402 ΤΟΤ
752 1368 923 1402 ΑΥΤΟΥ
946 1369 1216 1418 ΕΡΩΤΙΚΟΝ
1237 1371 1491 1406 ΩιΔΑΡΙΟΝ.

287 1437 405 1482 Δότε
424 1440 515 1495 μοι,
539 1435 633 1482 δότ’
663 1431 699 1482 03
724 1434 931 1494 γυναῖκες
1068 1443 1270 1496 Βρομίου
1300 1449 1419 1484 πιεῖν
1451 1439 1631 1498 ἀμυστί·

215 1592 370 1637 phanus,
404 1592 484 1627 cod.
511 1592 577 1627 τοῦ
612 1588 648 1626 δ’
683 1588 764 1627 ἀπ’.
802 1613 844 1617 -
884 1593 1084 1650 κρεμᾶται,
1112 1593 1190 1630 cod.
1222 1592 1422 1654 κρέμαται,
1457 1595 1555 1631 Rose
1595 1595 1744 1654 scripsit

215 1638 408 1685 κρέμηται.
443 1661 485 1665 —-
519 1639 646 1676 V.18.
682 1643 735 1675 19.
766 1639 896 1685 χνοΐην
932 1636 970 1674 δ’
1004 1637 1118 1676 ὁποῖα
1150 1641 1268 1687 μῆλον
1287 1639 1431 1701 ροδέην
1455 1644 1556 1678 ποίει
1581 1642 1740 1689 παρειήν

213 1687 345 1733 scripsi
369 1686 560 1722 vocabulis
583 1686 806 1732 primoribus
830 1687 1018 1731 traiectis,
1051 1688 1246 1748 legebatur
1278 1687 1432 1735 ῥὀδίνην
1460 1687 1520 1726 ὁπ.
1548 1703 1582 1735 μ.
1609 1691 1741 1736 χνοΐην

164 1756 168 1759 »
213 1747 250 1770 π.
276 1747 314 1770 π.
364 1736 478 1779 atque
502 1734 557 1769 ita
582 1733 718 1777 codex,
743 1734 815 1769 nisi
841 1735 942 1779 quod
965 1746 1077 1794 supra
1103 1733 1256 1781 ῥὀδίνην
1287 1736 1427 1782 legitur
1452 1736 1611 1783 ῥὀὃέην,
1637 1739 1738 1782 quod

212 1781 386 1827 praetuli.
421 1803 463 1806 —
496 1782 540 1817 V.
566 1785 623 1816 21.
657 1779 819 1816 δυνασαι
843 1780 932 1838 γάρ,
965 1779 1168 1828 ἐμποίησον
1196 1785 1335 1819 correxi
1360 1785 1540 1820 traditum
1573 1783 1735 1821 δύνασαι

215 1831 360 1876 βαλεῖν,
391 1830 558 1885 ποίησον.
598 1829 693 1864 Rose
727 1826 863 1864 δύνασ’
897 1829 933 1865 εἰ
964 1831 1109 1877 βαλεῖν,
1141 1843 1179 1865 π.
1212 1851 1256 1857 -—
1288 1831 1331 1868 V.
1358 1836 1414 1868 23.
1440 1829 1626 1889 ποιήσεις,
1652 1833 1735 1868 cod.

212 1888 323 1921 supra
339 1874 517 1921 ποιήσης.
549 1896 592 1902 —
625 1876 669 1912 V.
695 1880 750 1911 24.
783 1875 898 1934 γέμον
929 1889 968 1912 τε
1003 1859 1232 1934 Stepl'ranuS,
1265 1879 1346 1914 cod.
1372 1878 1489 1925 γέμον
1513 1877 1568 1915 τὸ.
1621 1880 1737 1916 Totus

211 1924 314 1958 locus
340 1923 395 1958 ita
418 1922 564 1959 videtur
589 1923 840 1968 refingendus·
871 1921 1019 1959 ἁπαλὸν
1050 1922 1166 1969 γέμον
1196 1938 1234 1961 τε
1268 1927 1440 1967 Πειθοῦς
1472 1923 1579 1962 τόδε
1611 1927 1691 1962 πᾶν
1717 1924 1737 1962 ὃ

211 1967 461 2062 ἒέἕῖἰῧεῗξέἕ
450 1967 633 2053 23⁶3ss
662 1970 1100 2062 {ss‘ssssi’lffigss‘ssss‘nv’offl
1113 1971 1525 2064 Σὲἷέᾛίεῗῗηξὲεἰὲ
1528 1978 1607 2066 235².
1624 1975 1737 2067 ‘3223

210 2065 318 2110 feras,
343 2065 388 2102 cf.
414 2076 444 2101 c.
473 2069 528 2110 15,
555 2067 613 2110 34)
640 2066 679 2118 et
701 2065 839 2100 λαλοῦν
865 2066 986 2101 teneo.
1010 2063 1146 2112 Ἐχέτω
1172 2067 1347 2103 similiter
1371 2067 1507 2103 dicitur
1532 2069 1577 2104 de
1602 2069 1734 2107 tabula

211 2147 313 2205 picta
338 2159 367 2184 c.
396 2151 462 2191 15„
479 2152 533 2184 15.
567 2168 611 2174 —
644 2147 687 2183 V.
714 2152 772 2184 27.
804 2146 915 2194 μετὰ,
949 2149 1028 2184 cod.
1054 2126 1150 2207 μέγα
1181 2151 1221 2186 et
1249 2150 1288 2185 in
1319 2162 1367 2186 m.
1393 2149 1497 2195 μ’έτα.
1531 2172 1572 2176 -
1609 2151 1652 2187 V.
1678 2154 1735 2188 28.

211 2192 278 2230 τὸν
300 2192 495 2236 Ἀδωνιδος
519 2192 722 2240 παρελθὼν
749 2194 964 2240 Salmasius,
990 2196 1069 2233 cod.
1096 2195 1136 2232 τὸ
1164 2194 1201 2232 δ’
1226 2194 1268 2232 Ἄ.
1295 2198 1512 2254 παρῆλθον.
1532 2219 1576 2223 -
1610 2198 1653 2234 V.
1680 2203 1736 2234 33

212 2241 268 2288 δὲ,
293 2242 413 2278 Faber
437 2255 488 2278 τε.
515 2263 558 2268 -
588 2243 628 2278 V.
656 2246 711 2278 35.
739 2243 878 2288 μηρῶν,
906 2243 1041 2279 Canter
1065 2242 1239 2290 μαλερόν.
1266 2266 1310 2271 --
1335 2245 1380 2281 V.
1407 2249 1463 2282 39.
1490 2241 1549 2281 ὅτι
1573 2243 1622 2291 μὴ
1656 2245 1736 2282 Ste-

213 2290 369 2334 phanus,
395 2290 483 2347 ⁰⁰⁶3
503 2285 561 2325 ὅτι
585 2304 657 2350 μοι
686 2311 729 2316 -
756 2290 799 2326 V.
826 2294 883 2325 42.
910 2287 1022 2326 ὅσσον
1049 2291 1277 2338 Stephanus,
1304 2293 1383 2328 cod.
1410 2303 1511 2329 οσον.
1537 2314 1582 2319 -
1609 2293 1653 2328 V.
1678 2296 1736 2329 43.

212 2337 410 2372 Mehlhom
435 2333 550 2378 αὐτὸς
575 2336 617 2374 δὲ
644 2333 753 2372 τόνδ’
777 2334 931 2373 Ἀπόλλω
958 2339 1174 2375 dubitanter
1196 2340 1400 2386 proposuit.
1422 2361 1465 2366 —
1493 2341 1535 2376 V.
1561 2344 1618 2376 45.
1644 2336 1730 2376 ποτ’

212 2382 351 2431 ἔλθῃς,
368 2384 449 2420 cod.
476 2397 586 2431 supra
611 2384 666 2426 εἰς
691 2383 816 2430 ἔλθης.

308 2459 446 2492 17.18.
495 2455 538 2490 In
556 2467 670 2491 unum
690 2456 862 2491 coniunxi
881 2457 953 2492 duo
969 2457 1149 2510 carmina,
1176 2468 1272 2502 quae
1290 2458 1402 2504 vulgo
1429 2457 1588 2494 dir-emta.
1606 2458 1734 2504 legun-

210 2504 271 2537 tur
305 2503 507 2538 secundum
539 2503 722 2548 codicem,
755 2503 793 2538 in
828 2515 901 2549 quo
920 2502 1023 2549 prius
1048 2506 1095 2550 (v.
1126 2510 1199 2540 1-
1215 2507 1274 2550 10)
1307 2505 1523 2541 inscribitur
1553 2503 1642 2541 ἄλλο
1667 2506 1734 2541 τοῦ

215 2546 335 2585 αὐτοῦ
363 2547 559 2595 ἐρωτικόν.
611 2551 650 2586 et
679 2550 816 2586 iterum
844 2551 1013 2596 proximo
1045 2564 1152 2588 versu
1183 2552 1252 2588 τοῦ
1284 2549 1403 2588 αὐτοῦ
1435 2549 1613 2598 ἐρωτικὸν
1638 2549 1737 2588 ωδά-

214 2611 310 2641 ριον,
337 2598 524 2643 posterius
552 2599 598 2643 (v.
628 2602 717 2633 10—
726 2600 783 2644 17)
806 2610 880 2634 non
905 2599 1022 2634 solum
1048 2599 1208 2635 asterico
1240 2600 1286 2635 ab
1317 2599 1384 2634 illo
1415 2601 1642 2645 segregatur,
1674 2601 1737 2636 sed

213 2644 329 2679 etiam
361 2645 400 2680 in
431 2645 605 2691 margine
637 2645 807 2681 additum
839 2644 926 2681 ἄλλο
961 2646 1015 2686 εἰς
1047 2645 1114 2682 τὸν
1146 2643 1274 2682 αὐτόν.
1323 2647 1395 2682 Sed
1419 2647 1480 2682 hic
1504 2647 1583 2704 ipse
1607 2647 1740 2683 titulus

213 2692 353 2727 indicio
379 2694 447 2737 est,
479 2693 517 2728 in
543 2693 744 2738 archetypo
771 2693 933 2728 carmine
959 2694 1156 2729 coniuncta
1180 2694 1304 2730 fuisse·
1335 2705 1422 2730 nam
1453 2693 1507 2734 εἰς
1530 2691 1595 2728 τὸν
1621 2691 1738 2730 αὐτὸν

212 2739 365 2784 respicit
389 2740 670 2785 inscriptionem
698 2751 727 2777 c.
756 2744 799 2776 16
826 2739 880 2781 εἰς
904 2738 1090 2785 νεώτερον
1119 2739 1334 2786 Βάθυλλον,
1366 2740 1470 2777 euius
1494 2752 1625 2777 nomen
1653 2753 1735 2777 cum

211 2786 324 2821 etiam
352 2786 390 2821 in
415 2787 486 2823 hoc
512 2787 679 2822 carmine
703 2799 738 2823 v.
767 2792 810 2823 10
836 2790 1060 2845 compareat,
1087 2789 1293 2824 subiectum
1319 2789 1376 2824 est
1394 2798 1543 2824 carmen
1562 2789 1737 2824 continuo

212 2834 366 2868 carmini
402 2838 455 2870 16.
487 2835 616 2879 itaque
651 2834 760 2870 licuit
789 2834 991 2871 inscribere
1023 2833 1111 2871 ἄλλο
1144 2835 1198 2876 εἰς
1227 2833 1294 2871 τὸν
1325 2832 1452 2880 αὐτόν,
1485 2836 1541 2870 sin
1573 2836 1734 2871 alienum

211 2890 359 2914 carmen
384 2882 516 2917 fuisset
541 2881 818 2927 interpositum,
844 2883 1040 2928 oportebat
1066 2882 1120 2924 εἰς
1145 2881 1342 2918 Βάθυλλον
1366 2882 1541 2930 inscribi,
1571 2883 1611 2919 id
1637 2884 1737 2929 quod
