1864 3126
609 99 917 139 FRAGMENTA
945 99 1212 139 ADESPOTA.
1592 98 1680 143 709

879 209 947 255 76.

239 295 505 351 Ναρκίσσου
533 290 844 351 τερενοότερον.

878 425 946 469 77.

237 507 382 553 Γέλαν
414 504 456 552 δ’
491 504 716 552 ἀθάνατοι
748 509 863 552 θεοί.

875 640 942 683 78.
1383 674 1385 677 .
1587 650 1676 683 1337

449 720 545 767 Ἐπὶ
576 719 619 767 δ’
656 726 752 780 ἴαχε

238 792 384 852 Ζηνὸς
414 791 642 851 ὑψερεφθς
674 792 813 851 δόμος
876 812 883 821 ·

238 866 438 925 ζαχρειές.

845 986 899 1042 79
920 985 972 1028 A.

234 1080 422 1138 Κάπρος
451 1075 572 1137 ἡνίχ’
609 1076 633 1123 ὁ
666 1077 883 1146 μαινόλης

172 1157 177 1160 ’
234 1150 389 1198 ὀδόντι
421 1147 762 1211 σκυλακοκτόνῳ

241 1222 470 1281 Κύπριδος
500 1220 644 1274 θάλος
676 1219 853 1266 ὤλεσεν.

232 1390 290 1427 Fr.
319 1394 374 1426 76.
426 1390 546 1425 Crem.
577 1388 645 1424 Αιι.
679 1387 745 1423 Ox.
771 1387 788 1422 I
813 1361 900 1430 41-3,
936 1391 996 1423 12:
1028 1384 1171 1423 Ἔνθεν
1204 1388 1470 1446 σημειοῦνται
1476 1385 1518 1424 τὸ
1547 1402 1674 1434 ναρκ.

81 1478 86 1483 ,
138 1451 226 1481 τερ.
258 1437 323 1473 καὶ
355 1436 528 1492 λέγουσιν
561 1449 618 1472 οτι
650 1432 727 1471 άπὸ
761 1436 826 1494 τῆς
858 1434 1010 1492 τέρενος
1042 1431 1180 1471 swero:
1210 1436 1369 1493 γίνεται
1381 1432 1401 1470 ὁ
1430 1433 1598 1482 τέρενος·
1633 1434 1676 1473 ἔκ

138 1483 275 1522 τούτου
301 1482 343 1521 τὸ
370 1482 617 1529 τερενώτερος
649 1511 656 1518 .
687 1513 693 1519 .
722 1511 730 1518 .
763 1481 783 1518 ὁ
817 1481 859 1519 δὲ
890 1479 1100 1529 Ἀντίμαχος
1137 1479 1214 1518 ἀπὸ
1253 1483 1319 1519 τοῦ
1354 1480 1373 1518 ὁ
1406 1484 1557 1528 τέρενος
1589 1482 1673 1521 εἷπε

112 1557 119 1564 -
138 1530 236 1570 κατὰ
263 1545 406 1578 συγκοπ

408 1545 454 1614 ⁷11⁹
480 1530 709 1577 τερέντερον.
754 1531 979 1576 Sapphicum
1004 1531 1164 1567 videtur.
1210 1530 1293 1566 Non
1320 1532 1421 1567 recte
1448 1530 1488 1568 Ο.
1518 1531 1670 1567 Schnei-

137 1581 204 1617 der
234 1579 381 1616 callim.
433 1579 449 1614 Ι
480 1591 515 1626 p.
550 1583 618 1615 ’183
651 1577 867 1615 Antimachi
901 1589 980 1614 esse
1012 1578 1133 1614 credit
1164 1579 1234 1614 hoc
1271 1579 1415 1624 ipsum,
1454 1580 1671 1626 ναρκίσσοιο

138 1641 177 1665 τε
180 1626 356 1674 ρέντερον
382 1627 557 1663 scribens.

233 1675 291 1711 Fr.
319 1679 375 1711 77.
425 1675 484 1710 Et.
520 1674 568 1710 Μ.
595 1677 683 1717 225,
709 1678 748 1710 8:
783 1671 922 1709 Γέλαν·
957 1672 1038 1710 οἷον
1069 1672 1230 1731 γέλαν
1235 1676 1310 1709 κτλ.
1361 1670 1458 1710 κατα
1486 1672 1670 1731 συστολὴν

137 1721 387 1781 λαμβάνεται,
414 1718 464 1763 ὦς
488 1719 511 1768 ἡ
538 1719 676 1768 μετοχὴ
703 1722 825 1766 δηλοῖ·
851 1721 1074 1767 γέλαντος
1098 1734 1186 1766 γαρ
1212 1718 1235 1767 ἡ
1261 1719 1394 1767 γενικὴ
1420 1719 1517 1758 κατὰ
1540 1734 1672 1759 συστο-

137 1769 206 1816 λὴν
231 1771 298 1807 τοῦ
325 1775 363 1806 ἂ.
390 1770 563 1815 Sapphus
588 1769 745 1805 videtur.

233 1817 292 1854 Fr.
320 1821 376 1854 78.
426 1817 627 1853 Herodian.
654 1817 775 1853 Crem.
803 1815 872 1852 An.
899 1813 1384 1873 Ox.111237‚23:’1⁶vs'0v
1410 1812 1470 1853 ὅτι
1495 1818 1562 1854 τοῦ
1593 1813 1680 1863 Ζῆν

140 1863 259 1924 Ζηνὸς
285 1862 481 1922 ἐφύλαξαν
507 1863 552 1901 οἴ
573 1863 765 1900 παλαιοὶ
783 1860 934 1904 Ἴωνες
958 1860 1027 1909 τὴν
1046 1865 1183 1908 κλίσιν,
1209 1862 1308 1900 οἷον·
1337 1861 1439 1901 ἐπεὶ
1465 1861 1503 1901 δ’
1532 1866 1610 1911 ισχε
1634 1868 1670 1902 Ζ.

139 1910 341 1959 ὁψηρεφὴς
358 1910 490 1958 δόμοις
509 1909 632 1958 ζάρῆς.
671 1911 878 1947 Emendavi
904 1910 1082 1958 ζαχρειές,
1109 1911 1199 1947 olim
1220 1909 1402 1958 ζάχρυσος
1429 1912 1583 1959 scripsi3
1609 1914 1675 1949 ad-

71 1978 80 1986 ·
139 1960 259 1997 verbii
283 1961 367 1997 loco
393 1961 461 2006 est,
487 1960 533 1997 cf.
559 1959 716 1995 Nicand.
742 1959 852 1995 Ther.
878 1963 959 1995 290.

232 2007 291 2044 Fr.
319 2009 421 2045 79A.
471 2007 678 2065 Hephaest3
698 2019 733 2053 p.
761 2010 823 2043 56:
858 2008 1043 2053 Δίμετρον
1075 2006 1118 2043 δὲ
1151 2003 1432 2053 ἀκατάληκτον,
1465 2004 1508 2043 τὸ
1533 2005 1668 2044 καλού-

138 2069 255 2114 μενον
282 2052 590 2113 Γλυκώνειον,
623 2051 769 2091 αυτοῦ
802 2055 882 2091 τοῦ
914 2055 996 2099 (τοῦ
1023 2066 1094 2091 om.
1122 2055 1247 2091 CPEA
1271 2054 1399 2100 Turn)
1435 2052 1676 2096 Γλύκωνος

139 2101 358 2148 εὑρόντος
382 2099 512 2138 αὐτό·
540 2100 695 2147 Κάπρος
714 2105 788 2138 κτλ.
815 2123 859 2128 -
887 2101 930 2140 V.
948 2106 965 2138 1
987 2102 1100 2139 etiam
1121 2102 1243 2138 Schol.
1265 2103 1384 2159 Heph.
1406 2114 1440 2147 p.
1460 2106 1537 2138 106.
1579 2103 1670 2140 Mar.

93 2163 96 2166 ·
138 2152 234 2188 Plot.
260 2163 296 2197 p
321 2154 402 2187 291.
449 2150 491 2186 V.
521 2154 538 2185 1
566 2150 605 2185 et
629 2155 650 2185 3
677 2149 786 2186 affert
817 2150 939 2187 Schol
966 2149 1079 2186 Arist.
1106 2151 1203 2187 Nub.
1231 2154 1299 2186 563
1326 2147 1375 2190 ὡς
1402 2149 1480 2195 ἔχει
1503 2147 1550 2185 τὰ
1581 2148 1674 2186 Γλύ

140 2211 269 2243 κωνος,
295 2198 457 2234 dilucide
483 2198 577 2233 haec
602 2196 761 2252 Glyconi
783 2197 968 2242 tribuens,
1001 2209 1097 2243 quae
1129 2210 1174 2234 ex
1199 2197 1478 2243 Hephaestione
1510 2197 1629 2234 descri

139 2247 197 2283 sit.
228 2266 270 2272 —-
302 2244 421 2281 Versu
446 2244 635 2299 Glyconeo
661 2245 821 2290 primus,
854 2246 896 2280 ut
920 2245 1085 2289 videtur,
1118 2257 1204 2280 usus
1239 2247 1297 2281 est
1329 2245 1485 2280 Alcman
1511 2245 1601 2287 (vid.
1598 2210 1674 2281 ni).

165 2298 197 2338 7,
224 2294 280 2339 3),
312 2291 566 2337 frequentavit
599 2291 697 2328 hunc
729 2303 921 2328 numerum
955 2292 1004 2329 Sa
1005 2273 1123 2339 pph'o;
1162 2303 1277 2338 quare
1309 2291 1438 2337 Glyco,
1470 2291 1502 2328 si
1533 2292 1675 2338 primus

140 2343 270 2378 auctor
294 2340 406 2375 huius
431 2350 557 2375 versus
583 2339 665 2384 fuit,
691 2339 791 2376 foret
809 2339 990 2376 Alcmene
1016 2342 1143 2376 aetate
1169 2340 1289 2375 maior
1312 2342 1379 2375 aut
1398 2341 1496 2375 certe
1516 2351 1672 2387 suppar.

139 2400 268 2425 verum
293 2388 438 2433 poetae,
471 2387 536 2432 qui
561 2388 649 2422 tunc
679 2389 779 2424 inter
809 2388 997 2434 principes
1030 2388 1167 2433 lyricae
1201 2387 1293 2423 artis
1325 2387 1538 2423 referendus
1565 2391 1674 2433 esset,

139 2434 358 2472 memoriam
382 2434 532 2480 penitus
558 2434 814 2471 oblitteratam
836 2446 925 2479 esse,
950 2447 1083 2481 parum
1103 2436 1160 2471 est
1179 2434 1397 2471 verisimile.
1423 2446 1543 2480 neque
1563 2436 1674 2472 credo

112 2483 119 2487 ”
141 2481 457 2539 Hephaestionem
485 2481 523 2517 id
548 2482 749 2518 memoriae
772 2463 1003 2539 prodidisse,
1036 2482 1101 2518 sed
1126 2482 1252 2539 potius
1277 2482 1342 2518 ille
1367 2482 1586 2538 scripserat:
1621 2480 1673 2519 οὐ

139 2545 160 2567 τ
174 2545 194 2567 ο
208 2531 231 2567 ὗ
262 2527 463 2571 Γλύκωνος
488 2525 664 2574 εὑρόντος
688 2526 796 2575 αύτο,
821 2529 1028 2576 πολλοὶγ
1036 2543 1091 2575 αρ
1117 2527 1200 2575 πρὸ
1228 2526 1370 2565 αὐτοῦ
1397 2527 1507 2586 ἕχρ’
1486 2542 1671 2574 ησαντο·

141 2593 162 2616 ο
171 2578 259 2615 ἴον·
286 2574 442 2621 Κάπρος
466 2580 554 2621 κτλ,
580 2577 644 2612 sed
669 2589 753 2613 cum
780 2578 873 2613 haec
902 2543 1203 2616 intercidissent
1237 2576 1380 2613 librarii
1406 2574 1461 2612 αὖ
1472 2591 1490 2613 τ
1499 2577 1550 2612 οὗ
1581 2577 1674 2615 Γλύ-

141 2639 261 2668 κωνος
293 2626 540 2661 correxerunt.
592 2623 761 2660 Diomed.
790 2625 841 2660 ΙΙΙ
871 2637 905 2671 p.
929 2628 997 2661 601
1024 2624 1254 2679 Glyconeum
1275 2625 1373 2660 inter
1398 2635 1444 2660 ea.
1472 2625 1595 2662 metra
1618 2639 1674 2664 re-

117 2676 229 2720 fert,
261 2684 357 2719 quae
387 2683 462 2708 non
494 2672 543 2708 ab
573 2671 849 2717 inventoribus,
882 2672 948 2708 sed
980 2671 1030 2708 ab
1061 2672 1108 2708 iis
1134 2672 1198 2717 qni
1231 2672 1562 2717 frequentaverunt
1599 2675 1674 2711 sint

142 2722 344 2759 nominata.
396 2719 541 2766 Glycon
564 2719 713 2756 videtur
737 2719 915 2765 ignobilia
940 2718 1075 2764 aliquis
1102 2719 1353 2755 Alexandrino
1379 2720 1529 2756 saeculo
1562 2723 1675 2767 poeta

140 2768 267 2826 fuisse,
293 2767 332 2804 in
358 2767 462 2803 cuius
487 2767 666 2803 honorem
691 2768 784 2803 artie
809 2766 988 2803 metricae
1012 2767 1183 2813 magistri
1202 2778 1330 2802 verene
1349 2767 1422 2803 hoc
1441 2778 1559 2822 genus
1581 2771 1673 2806 Γλυ-

143 2813 303 2852 καὶνειον
330 2815 624 2861 appellaverunt.
675 2813 767 2850 Tres
793 2815 919 2850 autem
945 2825 1090 2859 verene,
1123 2814 1260 2868 quibus
1285 2813 1515 2860 Hephaestio
1542 2816 1673 2862 utitur,

143 2864 258 2911 ipsius
286 2862 478 2908 Glyconis,
511 2872 631 2906 neque
663 2872 750 2898 vero
782 2861 1003 2907 antiquioris
1034 2842 1194 2898 ali’cmus
1225 2862 1361 2908 poetae
1386 2871 1468 2898 esee
1493 2862 1667 2902 arbitror:
