1864 3126
755 117 1032 157 SIMONIDES.
1573 117 1659 160 451

777 228 847 270 92.
881 227 1017 281 [151.]

215 303 272 355 Ὦ
302 307 410 363 ξεῖν’
444 306 676 366 ἀγγέλλειν
709 310 1102 365 Λακεδαιμονίοις,
1134 306 1203 353 ὅτι
1234 311 1339 367 τῇδε

284 384 490 438 κείμεθα,
521 389 614 432 τοῖς
644 383 806 425 κείνων
838 379 1003 437 ῥήμασι
1034 378 1310 437 πειθόμενοι.

129 511 268 596 ffiam'
294 510 393 547 enim
413 508 539 558 μύριοι
558 512 597 547 et
615 512 726 556 χίλιοι
750 511 1020 557 permutantur,
1045 510 1109 546 sed
1130 510 1249 546 multo
1271 510 1458 547 efficacius
1478 511 1663 556 myriades

198 559 371 595 barorum
398 570 480 595 oum
514 558 741 595 ohiliadibus
767 558 992 594 Graecorum
1024 560 1309 603 componuntur.
1374 558 1521 595 Patrius
1554 570 1662 595 casus

128 606 376 644 numeralium
401 606 542 652 passim
567 606 665 652 apud
690 608 823 651 poetas
849 605 1050 651 reperitur,
1083 605 1397 650 quemadmodum
1429 604 1663 650 τριακόντων

130 653 327 698 Hesiodus,
348 653 617 699 Callimachus,
644 653 711 690 alii
730 653 928 696 adhibent3
950 655 989 689 et
1008 653 1090 690 Chii
1111 654 1262 699 quidem
1282 653 1397 690 etiam
1417 654 1455 690 in
1475 653 1663 691 communi

129 700 232 739 vitae
257 700 525 738 consuetudine
550 682 831 737 inclinationem
855 680 1104 744 retinuerunt,
1131 701 1176 737 cf.
1199 700 1318 737 Cauer
1337 701 1470 737 delect.
1493 706 1572 745 133,
1599 702 1663 738 ubi

128 746 444 806 τεσσερακόντων,
472 746 730 808 ἐνενηκόντων
750 750 865 794 (quod
886 749 1059 785 Machoni
1078 760 1123 785 ex
1144 749 1361 784 coniectura.
1378 749 1467 785 olim
1487 730 1663 795 restitui),

128 794 392 843 πεντηκόνταιν
427 797 548 842 δυῶν,
586 795 709 833 ὃὲκων
748 797 850 832 δυῶν
889 796 1044 843 legitur,
1077 808 1190 832 unum
1229 792 1324 832 ἑπτά
1350 808 1424 833 11011
1449 797 1663 842 inflectitur,

129 856 357 891 qumquam
383 844 542 881 Alcaeus
566 842 724 889 πέμπων
751 844 856 881 dixit.
900 843 1024 880 Dandi
1043 855 1168 879 casum
1195 843 1470 903 infrequentem
1489 856 1569 881 esse
1588 855 1664 880 non

129 892 264 928 mirum
295 891 450 936 accidit,
490 891 555 928 sed
587 891 827 927 Philodemus
858 892 972 928 Anth.
1004 891 1044 927 P.
1076 891 1128 927 XI
1159 895 1203 927 41
1237 892 1333 928 dixit
1364 888 1458 927 ἑπτὰ
1490 891 1663 938 τριηκόν-

128 952 254 976 τεσσιν
282 920 504 997 ἐπέρζονται
527 937 623 975 loun}
651 952 771 983 αντες,
796 942 1042 986 poteramque
1061 939 1111 975 ad
1130 939 1289 975 eundem
1309 940 1460 975 modum
1479 939 1541 975 hic
1560 954 1602 985 τρ
1605 953 1663 975 ια-

128 985 301 1023 κόντεσσι
338 1000 524 1033 μαχονται
554 987 625 1023 seri
653 999 713 1023 ere
740 988 805 1023 sed
836 987 1058 1041 praeoptavi
1087 987 1392 1033 metaplasmum,
1425 986 1531 1023 velut
1556 988 1662 1023 Iones

128 1036 251 1071 δυοῖσι
275 1046 344 1081 pro
369 1035 472 1079 δυσί,
500 1036 539 1070 et
562 1039 692 1078 τριοισι
718 1046 788 1080 pro
814 1036 914 1079 τρισί
934 1033 1066 1070 dicunt
1092 1033 1270 1088 (Hippon.
1290 1033 1334 1069 fr.
1357 1036 1428 1079 51).
1459 1034 1575 1081 Vulgi
1601 1046 1663 1071 ore

127 1083 259 1119 tritum
284 1081 358 1118 fuit
381 1083 452 1118 hoo
471 1082 717 1128 epitaphium,
742 1082 871 1127 itaque
897 1086 972 1118 non
991 1082 1145 1126 mirum,
1171 1082 1203 1117 si
1222 1082 1283 1118 vel
1302 1082 1504 1119 insolentia
1523 1083 1665 1118 formae

128 1130 190 1166 vel
206 1141 320 1177 supra
332 1130 484 1166 modum
499 1129 754 1183 amplificandi
770 1129 935 1165 studium
949 1140 1165 1176 germanam
1185 1130 1410 1175 scripturam
1420 1130 1666 1187 oblitteravit,

129 1178 216 1218 inde
243 1177 455 1224 corruptela
481 1177 595 1213 etiam
621 1175 659 1213 in
683 1177 800 1213 libros
821 1177 979 1223 scriptos
1004 1178 1215 1223 propagata
1239 1178 1314 1213 est.
1341 1177 1406 1213 sed
1432 1175 1667 1224 τριηκόντοις

132 1225 234 1272 pilae
259 1225 413 1261 titulum
439 1225 650 1261 exhibuisse
677 1225 879 1267 contendo3
904 1236 992 1262 nam
1013 1225 1311 1270 Amphictyonas
1336 1225 1506 1262 homines
1532 1237 1665 1271 graves

131 1275 171 1309 et
202 1274 354 1319 poetam
385 1272 570 1308 modestia
600 1275 749 1318 praeter
774 1274 918 1309 ceteros
952 1273 1138 1327 insignem
1176 1283 1251 1308 non
1289 1273 1397 1309 decet
1434 1284 1517 1309 reos
1543 1274 1666 1309 facere

128 1285 230 1404 tant}
253 1322 404 1366 tamque
430 1320 657 1368 impudentis
682 1320 885 1365 mendacii,
923 1321 1023 1366 quod
1054 1320 1116 1356 vix
1151 1321 1316 1367 glorioso
1342 1320 1455 1356 militi
1489 1321 1529 1356 in
1554 1332 1666 1356 scena

129 1379 199 1404 con
228 1367 409 1404 onaveris.

226 1439 354 1486 Epigr.
382 1444 438 1476 92.
491 1439 627 1475 Herod.
653 1439 722 1475 V11
747 1443 833 1475 228:
870 1439 1000 1475 Ταῦτα
1021 1438 1102 1497 ,μὲν
1134 1436 1181 1485 δὴ
1213 1443 1309 1475 τοῖσι
1341 1440 1433 1475 πᾶσι
1467 1437 1666 1486 ἐπιγέγρα-

129 1498 236 1523 πται·
262 1492 359 1524 τοῖσι
385 1487 427 1523 δὲ
454 1484 712 1534 Σπαρτιήτῃσι
739 1486 834 1532 ἰδιῃη
855 1481 895 1522 Ὦ
921 1483 1031 1530 ξεῖν’
1061 1490 1136 1523 κτλ.
1181 1486 1384 1523 Simonidis
1403 1498 1484 1524 esse
1504 1490 1667 1524 testatur

131 1534 259 1571 Cicero
285 1535 391 1570 Tusc.
419 1534 435 1570 I
461 1538 506 1570 42
533 1537 572 1570 et
597 1523 747 1571 Anthol.
774 1534 852 1570 Pal.
879 1534 949 1570 VII
974 1539 1042 1570 249
1075 1536 1181 1579 (corr.
1209 1535 1454 1580 Σιμωνίδου).
1499 1531 1669 1571 Afferunt

131 1585 328 1630 praeterea
353 1582 510 1628 Lycurg.
538 1582 707 1618 Leocrat.
737 1585 814 1618 109.
841 1582 992 1618 Diodor.
1020 1582 1070 1617 XI
1096 1586 1151 1618 33.
1180 1581 1315 1618 Strabo
1341 1581 1393 1617 IX
1413 1586 1492 1618 429.
1533 1583 1667 1619 Suidas

131 1642 167 1666 v.
197 1630 343 1666 Λεωνίδ
343 1643 397 1676 wc
424 1630 552 1666 Arsen.
583 1633 661 1665 118.
683 1629 791 1665 —V.
822 1634 852 1665 1.
879 1623 909 1665 ὦ
935 1626 1030 1688 ξεῖν’
1057 1626 1253 1689 ἀγγέλλειν
1278 1629 1415 1665 Her.od
1438 1630 1542 1666 codd.
1565 1630 1665 1666 Suid.

133 1677 246 1722 (ABV
255 1643 431 1734 ἄγγελε),
457 1691 485 1712 ω
512 1675 596 1720 ξένε
623 1674 801 1734 ἄγγειλον
818 1676 940 1722 Diod.
967 1673 996 1712 ὦ
1021 1674 1117 1721 ξεῖν’
1145 1673 1321 1722 ἄγγειλον
1341 1677 1429 1722 Lyo.
1451 1678 1562 1714 Anth.
1584 1680 1666 1714 Ars.

124 1726 221 1771 ¹(om.
242 1718 297 1769 ὦ),
323 1725 460 1761 Herod.
482 1727 575 1761 vett.
590 1724 685 1769 edd„
712 1719 740 1760 ὦ
761 1721 842 1768 ξέν’
869 1706 1102 1770 α’παγγειλον
1122 1724 1268 1770 Strabo,
1283 1737 1352 1782 ap.
1374 1724 1506 1761 Iriarte
1526 1729 1583 1770 91,
1602 1725 1667 1761 ubi

132 1773 268 1810 Alcaeo
292 1772 481 1815 tribuitur,
507 1753 696 1818 ἄγγειλον,
722 1772 785 1808 sed
813 1776 882 1808 293
908 1772 988 1818 (ubi
1013 1783 1040 1808 s.
1067 1785 1103 1819 p
1132 1773 1244 1818 nom.)
1260 1754 1478 1818 ἀγγέλλειν.
1500 1794 1543 1799 -—
1563 1773 1667 1820 τῇδε,

132 1819 393 1856 Schneidewin
417 1820 520 1869 τᾷδε.
549 1840 592 1846 -
601 1819 662 1902 d.V
690 1824 722 1856 2.
750 1817 888 1866 ῤ’ήμασι
912 1818 1152 1866 πειθόμενοι,
1178 1820 1264 1866 Lye.
1292 1820 1427 1856 Strabo
1452 1820 1562 1856 Diod.
1583 1787 1667 1857 :Ara

64 1912 67 1916 .
119 1864 364 1913 ,πειθόμενοι
388 1868 561 1914 νομιμοις
585 1866 623 1903 id
625 1878 697 1913 que
725 1865 855 1903 Cicero
879 1867 1048 1914 repperit
1071 1867 1358 1914 interpretatus-

394 1937 463 1975 Dic
487 1939 623 1984 hospes
649 1938 824 1993 Spartae,
850 1950 918 1975 nos
942 1941 981 1975 te
1007 1939 1068 1975 hic
1093 1939 1233 1975 vidisse
1258 1938 1433 1979 iacentis

464 1986 562 2022 Dum
587 1986 727 2022 sanetis
752 1987 899 2032 patriae
924 1986 1072 2033 legibus
1098 1986 1348 2032 obsequimur.

130 2071 172 2106 et
194 2070 283 2106 ante
308 2067 525 2106 Ciceronem
549 2070 748 2106 Phaennus
774 2069 1004 2107 Simonidem
1038 2070 1208 2127 imitatus
1234 2069 1346 2105 Anth.
1373 2071 1412 2105 P.
1439 2070 1509 2105 VII
1533 2074 1602 2107 437
1630 2071 1668 2106 in

131 2116 319 2153 Leonidae
353 2117 496 2175 elogio.
537 2113 619 2153 ἀλλ’
655 2114 718 2153 ἐπὶ
750 2115 1031 2175 Θερμοπύλαισι
1068 2114 1111 2153 τὸ
1144 2115 1333 2162 Περσικὸν
1365 2116 1481 2158 ἔθνος
1511 2114 1668 2164 ἀμύνων

132 2161 177 2199 ἒδ
177 2161 323 2210 paim
360 2163 533 2210 πατέρων
564 2161 749 2210 ἁζόμενος
782 2163 934 2212 νόμιμα.
998 2165 1097 2201 Huic
1132 2164 1250 2211 igitur
1290 2164 1515 2210 scripturae,
1554 2177 1668 2211 quam

131 2211 340 2257 complures
364 2213 566 2257 testantur,
591 2211 712 2248 videri
736 2213 855 2258 possit
879 2212 1142 2258 posthabenda
1167 2223 1246 2248 esse
1271 2212 1403 2256 lecti0‚
1437 2224 1549 2267 quam
1575 2225 1670 2248 unus

131 2223 341 2294 Herodotus
365 2260 509 2303 tuetur3
534 2258 706 2305 inprimis
731 2271 846 2305 grave
871 2260 1067 2297 Strabonis
1091 2259 1370 2303 testimonium,
1397 2260 1461 2304 qui
1486 2259 1604 2305 pilam
1628 2261 1667 2295 et

132 2305 285 2342 titulum
310 2305 425 2342 etiam
449 2308 540 2342 tunc
563 2306 754 2351 integrum
785 2309 974 2344 servatum
1006 2318 1087 2344 esse
1118 2306 1249 2343 refert.
1285 2307 1351 2343 sed
1385 2307 1556 2351 quamvis
1587 2307 1667 2353 ipse

132 2353 318 2398 quaedam
356 2353 474 2389 oculis
507 2353 761 2399 usurpaverit,
794 2356 945 2400 poterat
975 2357 1122 2402 postea,
1155 2365 1239 2390 cum
1278 2354 1418 2390 Romae
1457 2354 1558 2390 orbis
1596 2358 1668 2390 ter-

133 2411 258 2436 rarum
303 2399 416 2437 situm
460 2400 709 2444 describeret,
746 2400 976 2439 tralaticiam
1024 2402 1199 2456 carminis
1246 2401 1498 2437 recensionem
1551 2402 1668 2447 sequi.

133 2445 291 2503 Νόμιμα
332 2459 420 2484 sane
446 2447 574 2494 Thucy
576 2447 612 2483 d.
637 2448 654 2483 Ι
682 2452 749 2484 132
775 2449 821 2484 de
847 2449 1033 2486 Pausania
1069 2450 1108 2485 in
1146 2449 1204 2484 ius
1229 2450 1363 2484 vocato
1390 2449 1504 2484 verba
1527 2448 1667 2486 faciens

133 2494 301 2541 scripsit,
334 2496 376 2531 εἴ
402 2509 436 2530 τι
462 2508 536 2531 που
550 2460 825 2542 ἐξεδεὸιῄτητο
851 2497 926 2532 τῶν
952 2493 1208 2533 καθεστωτων
1234 2497 1420 2541 νομίμων,
1446 2498 1669 2542 poteratque

134 2542 247 2579 etiam
273 2542 367 2578 Ceus
400 2545 512 2588 poeta
543 2542 590 2578 de
616 2542 810 2587 Spartanis
842 2555 887 2579 eo
917 2544 1101 2580 vocabulo
1134 2543 1208 2587 uti,
1247 2554 1475 2588 quamquam
1510 2543 1669 2579 fortasse

134 2591 308 2626 neutrum
334 2590 558 2626 vocabulum
585 2601 608 2625 a
633 2555 824 2626 Simonide
850 2591 1071 2637 profectum.
1122 2590 1231 2626 Falso
1258 2588 1397 2635 ῥήμασι
1423 2589 1670 2636 interpretan-

133 2638 195 2673 tur
220 2634 384 2691 ῥήτραις,
411 2639 470 2674 cui
491 2637 674 2674 vocabulo
694 2635 859 2683 δόγμασι
876 2639 1000 2682 potius
1019 2639 1134 2684 poeta
1153 2637 1421 2680 substituisset,
1446 2637 1510 2673 sed
1536 2636 1670 2683 ῥῆτραι

135 2684 286 2721 omnino
325 2685 470 2722 alienae
509 2696 532 2720 a
563 2684 752 2720 Leonidae
790 2685 928 2742 elogio.
987 2684 1137 2721 Conieci
1179 2683 1326 2742 τήνων
1371 2682 1582 2729 νεύμασι,
1622 2685 1671 2722 cf.

136 2731 311 2778 Aeschyl.
326 2732 456 2779 Suppl.
471 2736 540 2768 373
560 2730 760 2775 κρατύνεις
778 2729 1039 2777 μονοψήφοισι
1063 2728 1246 2778 νεύμασιν
1272 2730 1399 2768 σέθεν.
1440 2732 1575 2768 Nescio
1595 2743 1670 2778 quo

138 2789 259 2815 errore
275 2779 431 2816 Vischer
452 2779 631 2826 (Erinner.
658 2790 724 2815 aus
751 2778 1066 2824 Griechen1.e45)
1093 2779 1346 2832 Hermannum
1371 2778 1544 2825 castigat,
1570 2780 1670 2826 quod

137 2825 209 2862 hoc
234 2826 468 2873 epitaphium
494 2827 685 2863 Simonide
711 2825 907 2873 indignum
932 2826 1138 2871 censuerit,
1163 2825 1228 2871 qui
1254 2827 1292 2862 in
1324 2837 1455 2862 comm.
1477 2827 1523 2862 de
1548 2827 1671 2864 officio

138 2871 290 2919 interpr.
311 2873 381 2910 XII
405 2874 567 2921 ingenue
593 2874 782 2920 professus
808 2876 876 2920 est,
902 2874 1047 2911 nullum
1074 2874 1112 2909 in
1138 2873 1197 2909 his
1222 2873 1388 2910 versibus
1407 2885 1484 2911 esse
1503 2875 1670 2919 verbum,

1314 2932 1387 2968 29*
