1864 3126
750 141 1046 180 'rmo'maus
1577 139 1665 185 623

661 252 723 290 ΕΞ
750 251 954 286 ΑΔΗΛῼΝ
978 250 1139 285 nmen.

868 349 934 391 11.

225 439 895 468 υύύυ-υιυω-Δυ-ῦ

226 504 676 527 1...-υυ--.ιυ-

226 564 679 586 ,ιυ-Δυυ-υ-...

195 633 464 706 ιΙϋῙιιικάριος
494 628 637 691 ἦσθα,
675 632 883 690 Τιμόθεε,
914 626 1054 690 κιῖρυξ
1086 629 1152 676 ὅτ’
1188 628 1332 675 εἶπεν·

227 708 330 764 νικᾷ
368 704 588 763 Τιμόθεος
618 703 845 761 Μιλήσιος

226 775 307 822 τὸν
339 776 564 834 Κάμωνος
594 774 675 820 τὸν
707 773 1035 832 ἰωνοκάμπταν.

868 908 935 950 12.

226 1001 537 1027 ,ι--υυ-ῦ·

226 1065 537 1086 Δυ-υυ-..

132 1197 211 1236 λοῖς
253 1190 363 1241 ἐπῄει
413 1190 459 1228 τά
510 1192 579 1229 τοῦ
625 1190 860 1238 Τιμοθέου
904 1190 1046 1238 λέγειν·
1083 1188 1188 1237 ’Ἄρης
1237 1189 1422 1236 τύραννος
1468 1189 1670 1238 (τύραννον

134 1240 366 1289 Sgc'ruqv)·
393 1237 531 1287 χρυσὸν
558 1238 599 1276 δὲ
621 1237 754 1281 Ἑλλὰς
779 1236 825 1276 οὗ
845 1238 1006 1277 δέδοικε.
1034 1239 1262 1286 Transposui
1282 1238 1336 1276 δέ.
1364 1239 1534 1286 Respicit
1553 1240 1669 1276 etiam

131 1292 197 1326 vit.
223 1289 386 1325 Demetr.
414 1300 444 1326 c.
471 1292 528 1325 42.
567 1288 674 1324 Adde
705 1287 865 1332 Hesych.
898 1299 932 1324 v.
950 1284 1057 1333 ’Ἄρης
1086 1285 1280 1332 τύραννος.
1314 1289 1510 1334 παροιμία.
1562 1287 1663 1323 Suid.

133 1349 159 1373 s.
186 1338 221 1373 h.
248 1349 282 1373 v.
314 1338 354 1372 et
387 1336 573 1371 Macarius
608 1335 648 1370 in
683 1338 759 1371 not.
785 1335 834 1371 ad
859 1335 988 1371 Arsen.
1014 1347 1050 1381 p.
1079 1338 1134 1371 79.
1185 1334 1366 1371 Auctiora
1401 1335 1553 1371 exhibet
1590 1336 1670 1371 cod.

132 1384 272 1420 Milleri
290 1384 394 1420 Mise.
416 1387 502 1420 363:
521 1380 558 1419 ”A
582 1396 626 1429 ης
645 1381 847 1428 τύραννος·
873 1383 984 1429 τοῦτο
1004 1379 1046 1418 τὸ
1072 1380 1282 1428 κομμάτιον
1309 1379 1351 1418 ἐκ
1378 1383 1452 1418 τῶν
1476 1381 1671 1429 Τιμοθέου

133 1432 304 1478 Περσῶν,
331 1426 352 1467 ὃ
379 1428 444 1467 διὰ
464 1428 532 1476 τὴν
579 1430 622 1466 πὶ
647 1428 716 1476 τὴν
742 1427 959 1476 σωτηριώδη
986 1427 1192 1476 εὐημερίαν
1214 1426 1413 1477 Ἀθήνῃσιν
1440 1428 1669 1467 ἐπιπολάσα-

133 1492 203 1515 σαν
241 1478 296 1520 εἰς
332 1479 540 1525 παροιμίαν
573 1478 768 1524 περιέστη·
807 1477 992 1524 μέμνηται
1027 1475 1164 1522 ταύτης
1199 1476 1425 1522 Μένανδρος
1464 1476 1506 1514 ἐν
1546 1478 1671 1514 Θαΐδι.

134 1538 230 1572 quae
256 1525 431 1572 expedire
456 1537 613 1572 nequeo.
651 1525 811 1562 Videtur
837 1525 1056 1561 Timotheus
1080 1536 1234 1560 nomum
1260 1526 1358 1561 hunc
1378 1526 1548 1562 docuisse
1574 1525 1673 1562 circa

133 1574 228 1610 illud
246 1576 410 1620 tempus,
433 1585 506 1619 quo
533 1572 675 1610 bellum
701 1572 933 1610 Corinthium
962 1572 1111 1617 exarsit,
1138 1573 1174 1609 h.
1194 1584 1225 1609 e.
1247 1573 1304 1608 01.
1326 1576 1382 1618 96,
1402 1577 1435 1616 2,
1463 1584 1547 1608 cum
1574 1574 1671 1619 Age·

133 1622 249 1658 silaus
274 1622 313 1657 in
340 1620 428 1657 Asia
447 1621 642 1657 Persarum
661 1620 862 1667 imperium
881 1620 982 1656 bello
1002 1621 1186 1666 quateret,
1207 1621 1246 1656 et
1265 1620 1502 1657 Tithrausten
1523 1621 1674 1667 satrapa

135 1680 202 1716 per
232 1668 484 1705 Timocratem
510 1668 698 1705 Rhodium
730 1668 770 1704 in
795 1667 974 1704 Graeciae
1005 1667 1224 1704 civitatibus
1249 1667 1349 1704 viros
1380 1669 1583 1715 populares
1607 1679 1671 1714 pe-

137 1716 247 1753 cunia
270 1716 453 1760 tentaret,
479 1727 552 1762 quo
578 1715 787 1762 promptius
812 1715 1196 1752 Lacedaemoniorum
1224 1715 1520 1752 dominationem
1545 1716 1672 1762 depel-

133 1765 273 1801 lerent:
292 1763 339 1801 cf.
360 1766 558 1800 comment.
580 1764 625 1800 de
645 1775 738 1800 com.
756 1763 832 1799 Att.
852 1775 890 1810 p.
910 1766 980 1799 389
995 1774 1072 1808 seq.
1110 1763 1193 1798 Huc
1213 1763 1360 1809 spectat
1380 1764 1513 1809 opinor
1531 1763 1671 1799 Milleri

134 1812 363 1848 anecdoton:
401 1811 688 1858 grammaticus,
718 1812 763 1846 ut
799 1822 895 1857 quae
933 1812 1140 1856 sequuntur
1165 1810 1355 1847 Timothei
1386 1811 1501 1847 verba
1533 1809 1672 1857 χρυσὸν

128 1856 261 1900 Ἑλλὰς
281 1855 319 1894 δ’
342 1856 387 1895 οὐ
408 1857 583 1894 δέδοικεν
602 1859 832 1905 explanaret,
852 1859 984 1894 harum
1003 1858 1248 1905 largitionum
1267 1858 1410 1894 fecerat
1428 1859 1669 1903 mentionem,

134 1906 269 1952 quibus
289 1907 521 1942 Athenarum
546 1906 740 1952 opulentia
757 1905 905 1952 insigne
923 1906 1197 1942 incrementum
1216 1905 1357 1952 cepisse
1377 1906 1457 1942 visa
1477 1906 1536 1943 sit.
1577 1906 1673 1942 Sane

134 1954 346 2000 Xenophon
369 1954 487 2000 negat
504 1954 752 1990 Athenienses
771 1953 976 2000 quidquam
994 1954 1176 2000 pecuniae
1197 1965 1220 1989 a
1239 1953 1451 1990 Timocrate
1472 1954 1673 2000 accepisse,

136 2002 201 2038 sed
226 2001 428 2038 Pausanias
458 2000 672 2048 Epicratem
698 2004 737 2038 et
761 2000 968 2047 Cephalum
993 2002 1188 2048 corruptos
1213 2012 1294 2037 esse
1319 2003 1450 2037 auctor
1475 2005 1543 2038 est.
1583 2001 1669 2037 Plu-

134 2049 255 2085 tarchi
280 2050 407 2086 autem
430 2048 688 2085 testimonium
713 2060 797 2085 cnm
824 2050 894 2085 hac
919 2050 1151 2092 coniectura,
1178 2061 1289 2094 quam
1315 2049 1388 2085 feci
1414 2049 1461 2084 de
1486 2051 1672 2095 tempore,

135 2107 211 2142 quo
235 2096 425 2133 Timothei
450 2097 586 2134 Persae
611 2096 714 2133 docti
739 2098 843 2139 sunt,
874 2096 985 2132 facile
1010 2099 1137 2143 potest
1162 2095 1372 2133 conciliari:
1405 2108 1492 2133 nam
1519 2107 1672 2133 consen-

73 2193 76 2197 ?
135 2147 289 2180 taneum
314 2146 381 2189 est,
406 2143 633 2181 versiculum
658 2145 769 2188 hunc,
784 2145 847 2190 qui
867 2143 1095 2180 Graecorum
1120 2144 1266 2180 animos
1286 2143 1452 2190 graviter
1475 2145 1672 2190 percussit,

138 2191 311 2228 celeriter
334 2191 528 2228 hominum
555 2191 787 2228 sermonibus
812 2194 1064 2238 propagatum
1089 2203 1179 2233 esse.
1205 2192 1261 2227 ita
1284 2194 1328 2228 ut
1351 2191 1391 2227 in
1416 2192 1546 2227 Asiam
1574 2193 1673 2237 Age-

138 2239 232 2275 silao
264 2239 427 2275 nondum
461 2241 638 2276 revocato
669 2239 890 2286 pervenerit.
941 2239 1074 2276 Nauck
1105 2239 1265 2285 requirit
1294 2237 1441 2284 Χρυσός
1472 2237 1672 2284 τύραννος·

130 2283 216 2332 Ἀρη
243 2282 281 2321 δ’
305 2283 437 2328 Ἑλλὰς
462 2283 508 2323 οὗ
533 2285 709 2324 δέδοικεν
736 2289 866 2323 contra
890 2288 1052 2323 mentem
1077 2290 1223 2333 poetae.

233 2381 291 2417 Fr.
321 2385 375 2418 11.
426 2381 522 2417 Plut.
548 2381 595 2417 de
621 2393 660 2418 se
685 2382 809 2428 ipsum
835 2381 934 2419 laud.
962 2394 991 2419 c.
1022 2386 1057 2418 1:
1091 2379 1185 2418 άλλά
1212 2381 1276 2417 καὶ
1302 2379 1389 2423 τοὺς
1414 2378 1670 2427 στεφανουμέ-

139 2442 227 2470 νους
253 2425 295 2465 ἐν
326 2433 404 2469 τοῖς
436 2425 579 2474 άγῶσιν
611 2428 733 2475 ἕτεροι
763 2430 948 2471 νικῶντας
978 2426 1300 2474 ἀναγορεύουσιν,
1331 2427 1401 2474 τήν
1434 2425 1576 2474 άηδίαν
1608 2429 1674 2474 τῆς

138 2477 450 2522 περιαυτολογίας
474 2473 745 2522 ἀφαιροῦντες·
778 2471 802 2524 ᾗ
835 2477 900 2512 καὶ
932 2475 999 2512 τὸν
1028 2475 1222 2523 Τιμόθεον
1255 2474 1317 2513 ἐπὶ
1343 2478 1386 2524 τῇ
1414 2474 1510 2511 κατὰ
1539 2474 1673 2521 Φρύνι-

139 2525 204 2565 δος
227 2525 313 2570 νίκῃ
339 2521 554 2569 γράφοντα·
581 2522 824 2570 Μακάριος
857 2527 932 2560 κτλ.
958 2523 1113 2565 εἰκότως
1139 2525 1453 2571 δυσχεραίνομεν,
1480 2521 1529 2564 ὡς
1554 2521 1673 2569 άμού-

140 2583 212 2612 σως
236 2572 301 2607 καὶ
335 2568 564 2618 παρανόμως
593 2567 901 2616 άνακηρύττοντα
932 2569 1001 2617 τὴν
1034 2569 1173 2608 ἑαυτοῦ
1205 2573 1324 2617 νίκην.
1353 2592 1396 2597 -
1423 2571 1467 2606 V.
1497 2575 1526 2606 1.
1554 2571 1674 2614 κᾶρυξ

140 2614 198 2654 ὅτ’
227 2618 371 2665 scripsi,
397 2619 593 2676 legebatur
617 2614 679 2654 ὅτε
706 2619 835 2664 κῆρυξ,
855 2619 1028 2665 Hartung
1052 2618 1202 2665 scripsit
1224 2617 1424 2664 Τιμόθεος,
1450 2614 1513 2654 ὅτε
1541 2618 1673 2663 κᾶρυξ.

141 2685 184 2692 —-
213 2666 256 2702 V.
283 2671 316 2702 2.
354 2669 546 2712 Τιμοθεος
578 2666 728 2711 scripsi,
762 2666 957 2712 legebatur
990 2664 1182 2723 Τιμόθεος
1207 2664 1239 2702 ὁ.
1274 2687 1318 2692 -
1350 2667 1394 2702 V.
1422 2670 1455 2702 3.
1488 2663 1674 2709 Κάμωνος

141 2713 283 2760 scripsi,
310 2713 508 2759 legebatur
527 2711 742 2761 Κάρβωνος,
770 2714 941 2750 Schmidt
958 2715 1168 2759 Σκαμωνος
1188 2714 1247 2749 vel
1270 2711 1476 2759 Κάμβωνος
1502 2714 1674 2758 coniecit,

141 2761 455 2806 quemadmodum
489 2761 554 2806 qui
595 2762 682 2805 περὶ
712 2757 935 2807 εὑρημάτων
967 2760 1119 2806 scripsit
1151 2758 1318 2806 Σκάμων
1351 2761 1411 2796 vel
1445 2758 1587 2806 Κάμων
1620 2760 1674 2796 di-

143 2809 249 2845 citur.
301 2807 354 2844 Cf.
382 2809 515 2844 Pollux
541 2807 591 2843 lV
618 2813 680 2844 66:
714 2807 788 2843 Καὶ
823 2809 964 2852 Φρῦνιν
997 2806 1038 2843 δὲ
1073 2805 1141 2843 τὸν
1173 2806 1358 2854 Κάμωνος
1390 2806 1463 2853 (CF
1488 2805 1673 2856 κάβωνος)

142 2855 268 2901 μέλεσι
293 2854 575 2902 πολυκαμπέσι,
601 2861 678 2896 τοῖς
702 2853 776 2890 ὑπὸ
803 2858 876 2891 τῶν
902 2856 1094 2902 κωμῳδῶν
1119 2853 1467 2902 δυσκολοκάμπτοις
1490 2858 1676 2901 κληθείσι,

144 2903 353 2949 κεχρῆσθαι
381 2902 563 2949 λέγουσιν.
615 2902 713 2939 Male
740 2901 872 2938 suidas
901 2915 932 2939 v.
960 2903 1100 2948 Φρῦνις
1124 2900 1347 2944 Κάνωπος
1371 2902 1487 2939 filium
1515 2902 1616 2939 dicit.
