1864 3126
39 1606 42 1610 ’
111 1599 408 1646 compellavisse.
447 1600 780 1638 Animadversione

781 173 983 210 SAPPHO.
1587 173 1645 216 99

184 279 258 324 καὶ
289 278 350 337 μή
381 296 423 324 τι
452 282 613 337 Ὲείπην
645 278 811 337 γλῶσσ’
847 280 981 326 ἐκύκα
1011 280 1170 336 κάκου,

185 352 324 404 αἱδως
353 351 406 395 κε’
433 349 476 396 σ’
512 349 567 396 οὐ
597 354 778 410 κίχανεν
811 350 989 408 ὅππατ’,
1035 379 1041 386 ·

242 419 341 468 ἀλλ’
377 425 521 479 ἔλεγες
551 422 651 481 περὶ
682 429 743 468 τῶ
775 426 967 477 δικαίως.

114 648 287 707 —-V.'2.
313 646 363 707 μή
389 662 424 685 τι
447 649 608 706 Ἑείπην,
619 649 834 694 Blomfield,
859 651 1081 706 μητιτειπῆιζ
1108 651 1178 695 Ac,
1206 648 1292 706 unr’
1321 650 1442 687 εἰπεῖν
1468 652 1571 696 QYb.
1600 674 1644 679 —

112 694 976 781 ’4⁰5⁹05:²2²&ae203220203‘2’3‘125053
1003 694 1585 783 isstz‘zfffaegndffzssffh
1605 706 1644 783 ἐξ·

111 757 159 827 εὖ
183 788 258 827 κᾶν
276 758 460 838 χρηκοοᾶ.
481 757 597 838 Lipsi,
609 773 676 828 κέν
696 757 776 829 voigi.
803 759 933 828 Ῑέαεὶςθ
958 791 1003 829 κέ
1029 790 1066 828 σ’
1095 759 1164 829 mk
1190 774 1239 830 δι”ν
1266 775 1388 839 εἶχἐν,Ι
1406 777 1577 831 Melhorn
1602 794 1647 831 κέ

112 835 150 875 α’
177 835 224 875 οὗ
249 843 434 885 κατεῖχεν,
460 838 650 877 Hermann
675 839 719 876 κε’
744 853 830 882 τευς
855 837 925 876 οὐκ
951 838 1066 886 εἶχεν,
1086 841 1230 877 Ahrens
1256 844 1460 887 praeeunte
1480 842 1646 899 Vqlgero

111 898 154 922 κε
180 886 253 922 νῦν
278 882 314 923 σ’
343 883 413 923 οὐκ
438 881 543 946 ᾗκεν,
569 887 738 933 Scaliger
762 901 830 924 κεν
856 884 945 934 οὐχί
973 886 1009 924 σ’
1044 887 1162 935 εἶχεν,
1195 890 1299 925 Neue
1333 888 1376 924 δέ
1408 902 1475 925 κεν
1507 902 1527 925 c
1577 888 1646 926 οὐκ

112 931 225 981 εἶχεν.
252 955 295 961 -
323 932 449 970 ὄπκατ
504 934 717 980 Blomfield,
755 935 842 971 libri
872 932 1026 982 ὄμματ’.
1062 957 1105 963 -—-
1139 936 1184 972 V.
1211 941 1243 974 4.
1269 936 1338 982 τῶ,
1371 935 1455 978 sz
1487 931 1534 981 ὦ,
1566 938 1646 973 cod.
1708 931 1712 936 ’

111 981 241 1019 Dresd.
261 976 290 1031 ᾧ
311 982 458 1029 ὃικαιῷ.
496 982 668 1019 Fortasse
689 995 773 1019 cum
793 983 995 1030 Spengelio
1020 983 1087 1021 fcta
1113 984 1350 1020 scribendum
1369 985 1522 1030 propter
1541 997 1646 1030 prae-

112 1029 338 1075 positionem
362 1040 635 1076 praegressum:
662 1031 855 1078 digamma
873 1033 1001 1068 tuetur
1018 1029 1107 1068 ,Ρότι
1128 1032 1166 1067 in
1186 1031 1298 1068 titulo
1319 1032 1507 1076 Locrensi,
1527 1043 1646 1078 neque

112 1076 323 1124 refragatur
347 1074 457 1122 κῶτι,
489 1078 589 1123 quod
615 1078 708 1114 alibi
733 1078 882 1125 legitur,
908 1090 1134 1125 quamquam
1161 1079 1275 1115 etiam
1300 1076 1399 1124 περ’
1427 1075 1449 1114 ὅ
1456 1093 1511 1115 τω
1537 1080 1647 1116 scribi

139 1125 250 1162 otest.
276 1145 319 1151 -—
340 1125 498 1166 δικαίως
521 1124 663 1172 scripsi,
689 1126 863 1181 idemque
883 1126 977 1163 coni.
997 1127 1154 1172 Ahrens,
1174 1126 1288 1173 vulgo
1308 1128 1456 1171 δικαίω,
1483 1127 1646 1173 Spengel

138 1183 209 1208 auc
234 1172 502 1209 correctionem
526 1184 602 1210 non
626 1184 873 1210 necessariam
899 1174 1009 1219 dicit,
1042 1174 1107 1210 sed
1138 1175 1218 1220 ipse
1251 1174 1339 1210 olim
1367 1175 1482 1210 sensit
1513 1174 1645 1210 intole-

111 1219 269 1256 randum
289 1231 371 1256 esse
390 1220 478 1266 περὶ
496 1221 546 1256 τῶ
562 1222 714 1264 δικαίως
733 1233 822 1257 nam
843 1222 1002 1258 coniecit
1020 1222 1107 1267 περὶ
1124 1221 1185 1258 ,Ρω
1206 1223 1368 1266 δίκαιον,
1388 1221 1648 1258 Schneidewin

110 1263 194 1303 om?
222 1265 348 1314 ἔλεγες
371 1268 561 1314 προσίδων
587 1266 664 1314 δίχ’
691 1268 818 1310 αἴδως.
844 1290 891 1296 —
919 1269 1011 1305 Cum
1038 1269 1260 1306 Aristoteles
1285 1269 1357 1305 fide
1384 1270 1415 1305 si
1441 1269 1525 1315 quis
1550 1270 1647 1306 alius

139 1315 148 1323 ’
202 1326 247 1350 us
271 1315 493 1352 testificetur
516 1316 702 1362 poetriam
728 1317 821 1353 haec
845 1316 1079 1363 rescripsisse
1104 1316 1262 1361 Alcaeo,
1296 1319 1454 1363 apparet
1487 1318 1647 1354 necessi·

109 1364 154 1398 tu
182 1361 191 1369 ‘
220 1373 292 1408 em,
317 1373 413 1407 quae
437 1362 538 1400 inter
561 1364 656 1400 haec
681 1364 848 1400 carmina
866 1364 1076 1411 intercedit,
1102 1365 1341 1401 manifestam
1360 1364 1491 1401 fuisse:
1517 1364 1647 1411 itaque

110 1421 186 1446 non
210 1409 381 1447 dubitavi
402 1410 531 1447 Alcaei
551 1411 677 1448 versui
695 1423 807 1457 quem
827 1412 1050 1449 Aristoteles
1077 1411 1275 1458 adscripsit
1301 1412 1406 1448 Θέλω
1432 1426 1467 1447 τι
1491 1411 1647 1458 Ἑείπην,

111 1454 205 1494 ἀλλὰ
231 1470 275 1503 με
302 1456 440 1494 κωλύει
472 1459 589 1500 aldone
612 1459 855 1505 praemittere
872 1471 1027 1496 -versum
1054 1459 1219 1495 eiusdem
1244 1460 1407 1504 numeri,
1434 1471 1545 1506 quem
1571 1472 1646 1495 ser-

111 1505 216 1542 vavit
238 1504 466 1552 Hephaestio
488 1503 648 1542 ’Idmon’
682 1503 782 1552 ἄγνα
813 1504 1277 1554 μειλιχόμειὸἐΣάπφοι,
1310 1509 1425 1552 atque
1451 1509 1646 1543 consenta-

110 1563 222 1588 neum
254 1555 312 1589 est
335 1552 450 1589 etiam
476 1553 716 1599 Sapphonem
741 1554 782 1589 in
799 1565 1024 1636 (praegressa
1050 1555 1206 1600 stropha
1224 1555 1403 1591 Alcaeum
1424 1555 1646 1591 nominatim

826 1601 906 1647 igni
930 1602 1044 1638 etiam
1069 1602 1214 1638 numeri
1238 1602 1430 1648 utriusque
1455 1603 1648 1638 carminis:

111 1647 273 1684 Alcaeus
303 1648 353 1683 ad
385 1647 625 1694 Sapphonem
650 1648 815 1685 scribens
847 1650 1034 1696 Sapphico
1066 1650 1183 1686 utitur
1214 1661 1337 1693 versu,
1369 1650 1434 1686 sed
1465 1650 1647 1686 hendeca-

112 1694 286 1741 syllabon
310 1695 481 1732 anacrusi
507 1695 622 1740 auxit,
648 1699 691 1732 ut
714 1697 859 1733 numeri
885 1697 1080 1733 lenitatem
1105 1697 1258 1743 propria
1288 1697 1475 1743 gravitate
1507 1699 1648 1744 tempe-

111 1744 229 1787 raret,
253 1753 299 1779 ac
324 1743 471 1780 videtur
494 1744 566 1779 hoc
590 1746 770 1790 metrum,
802 1745 900 1790 quod
925 1745 1096 1790 novavit,
1130 1745 1169 1780 in
1194 1745 1266 1781 hoc
1291 1756 1364 1780 uno
1391 1743 1554 1781 cai-mine
1580 1746 1646 1782 ad-

111 1789 289 1827 hibuisse.
339 1789 491 1837 Sappho
528 1791 670 1828 Alcaeo
706 1791 919 1828 rescribens
951 1794 1101 1838 practer
1139 1791 1291 1828 solitum
1328 1792 1520 1829 Alcaicam
1552 1795 1647 1829 stro-

112 1837 245 1894 pham,
277 1837 382 1874 cuius
406 1837 553 1875 indoles
583 1850 607 1875 a
631 1850 721 1875 suae
745 1841 869 1885 poesis
894 1841 1029 1877 natura
1053 1840 1293 1885 abhorrebat,
1319 1840 1503 1876 adhibuit.
1541 1841 1645 1877 Haec

112 1885 230 1932 igitur
253 1885 454 1941 singularis
479 1897 550 1931 ars,
572 1898 687 1932 quam
705 1887 745 1922 in
763 1888 928 1923 numeris
948 1887 1273 1934 deprehendimus,
1294 1887 1491 1923 consilium
1512 1888 1647 1924 utrius-

112 1944 186 1979 que
219 1933 394 1970 carminis
431 1944 451 1969 e
499 1934 581 1980 egie
618 1934 786 1970 illustrat
817 1935 1104 1981 Aristotelisque
1142 1935 1399 1971 testimonium
1432 1935 1648 1981 planissime

113 1980 318 2017 confirmat.
354 2001 397 2007 —
423 1944 599 2017 vffgloker
632 1993 776 2018 memor
805 1982 1047 2027 fabellarum,
1078 1994 1174 2028 quae
1206 1982 1376 2019 feruntur
1407 1983 1453 2019 de
1486 1982 1646 2019 aliorum

112 2029 308 2074 poetarum
334 2029 374 2066 et
396 2027 571 2075 Sapphus
596 2030 835 2075 commercio,
863 2030 952 2066 olim
978 2030 1084 2075 iecit,
1110 2031 1269 2066 fortasse
1296 2030 1470 2076 Sapphus
1496 2042 1646 2067 carmen

113 2076 162 2112 ab
185 2075 452 2122 interpretibus
475 2076 627 2112 demum
650 2076 815 2122 antiquis
841 2089 925 2113 cum
945 2077 1075 2114 Alcaei
1100 2078 1264 2114 carmine
1283 2078 1531 2123 compositum
1558 2090 1648 2123 esse,

112 2123 226 2168 atque
244 2122 331 2159 inde
350 2122 489 2160 famam
508 2126 754 2171 pervagatam
774 2128 939 2162 exortam
959 2136 1053 2169 esse,
1072 2125 1147 2162 vid.
1168 2126 1227 2162 Kl.
1243 2125 1431 2161 Schriften
1452 2126 1467 2159 Ι
1491 2130 1557 2161 110
1570 2137 1646 2171 seq.

114 2170 294 2215 Quamvis
321 2172 449 2207 autem
481 2171 681 2218 largiatur,
712 2184 771 2208 me
804 2173 885 2209 iure
915 2173 1009 2209 duos
1042 2173 1127 2209 illos
1159 2171 1290 2208 Alcaei
1316 2183 1442 2208 versus
1468 2172 1506 2208 in
1532 2186 1647 2208 unum

118 2217 362 2262 coniunxisse,
393 2230 468 2254 non
498 2220 624 2255 tamen
657 2230 804 2256 omnem
838 2221 951 2256 fidem
981 2221 1145 2267 denegat
1178 2219 1368 2265 Stephano
1401 2221 1569 2255 narranti
1602 2221 1647 2256 de

116 2265 280 2301 carmine
306 2265 514 2302 dramatico
534 2266 725 2313 Sapphus,
751 2267 790 2303 in
811 2279 887 2314 quo
906 2267 1067 2304 Alcaeus
1093 2267 1171 2304 sive
1191 2267 1288 2302 alius
1314 2267 1397 2312 quis
1417 2279 1500 2302 cum
1519 2268 1647 2312 puella

113 2313 243 2348 amata
266 2323 455 2348 sermones
481 2315 649 2350 seruerit.
689 2314 875 2360 Equidem
900 2326 1090 2360 nunquam
1115 2314 1279 2350 animum
1306 2314 1480 2350 inducam
1505 2314 1647 2351 Aristo-

114 2359 228 2396 telem
259 2359 525 2406 gravissimum
557 2361 689 2397 harum
723 2373 846 2398 rerum
879 2363 1073 2407 arbitrum,
1100 2361 1364 2399 commenticia
1390 2361 1490 2397 fama
1515 2362 1647 2408 decep·

113 2408 195 2443 tum
226 2418 422 2454 perperam
456 2406 673 2444 Lesbiorum
704 2412 900 2455 poetarum
932 2411 1099 2446 carmina
1130 2409 1416 2455 interpretatum
1443 2421 1533 2453 esse,
1567 2409 1647 2445 Ste-

114 2455 280 2501 phanum
310 2458 450 2499 autem,
481 2454 627 2491 scilicet
658 2456 913 2501 magistellum
945 2457 1193 2502 Byzantinum
1225 2456 1365 2492 saeculi
1397 2457 1447 2491 XI
1479 2457 1539 2492 vel
1565 2457 1645 2500 XII,

116 2501 181 2548 qui
204 2502 403 2539 latrocinia
423 2503 631 2538 Βενετικῶν
650 2502 715 2538 καὶ
728 2500 921 2550 Ῥωμαίων
940 2506 1220 2549 commemorat,
1241 2515 1315 2539 non
1333 2503 1453 2540 solum
1474 2504 1647 2550 Sapphus

114 2549 232 2586 libros
249 2550 498 2596 usurpavisse,
523 2550 590 2586 sed
614 2550 728 2586 etiam
754 2552 927 2588 carminis
956 2552 1170 2588 institutum
1194 2551 1345 2597 penitus
1370 2550 1645 2597 introspexisse.

115 2597 165 2633 Et
188 2596 365 2633 Welcker
389 2598 540 2643 quidem
567 2597 689 2634 denuo
714 2597 789 2634 alio
813 2598 897 2635 loco
915 2598 1017 2644 (Alte
1037 2599 1264 2636 Denkmi'tler
1290 2598 1322 2633 11
1343 2600 1426 2643 280)
1452 2610 1647 2635 recensens

115 2644 208 2681 artis
237 2647 495 2690 monumenta,
560 2645 668 2681 uibus
699 2645 793 2682 haec
822 2646 1040 2684 Lesbiorum
1075 2647 1269 2701 poetarum
1302 2646 1532 2681 concertatio
1563 2646 1646 2682 illu-

116 2693 265 2738 stratur,
290 2691 330 2728 in
353 2693 511 2729 eandem
552 2703 612 2728 ere
645 2693 869 2730 sententiam
901 2694 1119 2740 disputavit.
1170 2693 1259 2728 Inde
1286 2693 1477 2728 Overbeck
1512 2694 1645 2730 Gesch.

117 2739 152 2775 d.
195 2750 250 2786 gr.
294 2738 440 2776 Plastik
471 2741 488 2776 Ι
528 2744 595 2777 136
626 2740 684 2775 ed.
724 2744 741 2775 1
781 2740 1010 2776 confidenter
1046 2740 1180 2783 edixit,
1218 2751 1322 2786 quac·
1350 2739 1396 2774 de
1439 2740 1571 2776 Alcaei
1609 2744 1649 2777 et

116 2785 289 2842 Sapphus
332 2787 557 2824 commercio
594 2787 776 2832 ferantur,
813 2790 955 2824 temere
986 2788 1162 2831 conficta,
1196 2798 1323 2822 versus
1361 2789 1487 2823 autem
1520 2787 1648 2825 subdi-

116 2833 226 2870 ticios
256 2845 352 2871 esse:
378 2836 492 2881 atque
526 2847 574 2870 nu
604 2847 644 2870 er
676 2834 782 2870 Blass
818 2834 858 2870 in
888 2834 1046 2870 eandem
1084 2834 1161 2870 fere
1198 2833 1421 2870 sententiam
1459 2846 1647 2872 commen-

117 2880 218 2917 tatus
242 2883 309 2918 est.
359 2881 413 2919 cf.
445 2893 541 2928 quae
599 2893 619 2917 e
651 2882 843 2928 Stephano
868 2881 1080 2919 Aristotelis
1112 2882 1317 2927 interprete
1350 2881 1504 2919 Brandis
1534 2894 1645 2929 expo-

118 2927 194 2963 suit
215 2927 366 2974 (Philol.
391 2928 443 2965 IV
468 2933 516 2965 80
529 2931 633 2975 seq.).

1315 2987 1362 3024 7*
