1864 3126
215 138 303 180 350

242 257 286 288 55
301 246 361 288 ’ὅτε
392 248 458 287 καὶ
488 245 671 301 πάρεστιν
703 246 800 301 αῦτη

289 311 443 354 Ἴτυλον
474 310 596 367 γόνον
626 316 770 367 γοῶσα.

327 381 421 418 Νῦν
462 375 668 419 θαλέθειν
707 376 768 433 (τὸ
812 377 901 433 ἔαρ)

619 440 748 484 πάντα
772 441 931 495 κελεύει,

300 506 364 560 ἐμὲ
391 507 434 548 δὲ
459 506 558 560 φλὸξ
583 506 729 563 μεγάλη
757 506 930 562 άρτιμα-

641 575 777 626 ραίνει.

328 635 469 690 Νόμος
500 638 639 687 ἔνθεος
669 635 714 678 τὰ
745 636 861 679 τέκνα

241 712 285 743 60
300 701 570 756 θεραπευέμεν
600 707 759 755 τοκῆας·

298 766 454 822 γενέτας
486 766 524 808 δ’
559 766 677 822 ἐμοὺς
707 764 862 822 ἀνάγκη

299 829 488 886 δακρύοις
519 831 700 874 ἄπαυστα
731 835 884 886 λείβειν.

332 897 481 940 Τέκνον
541 896 637 952 ἐμὸν
698 895 902 953 γλυκερόν,

617 961 742 1004 παύεο
768 960 930 1016 μούσης,

298 1026 356 1069 ’ὅτι
375 1026 466 1078 τοὺς
491 1027 586 1078 σοὺς
611 1027 765 1084 γενέτας
791 1026 932 1069 ὤλεσεν

641 1093 761 1148 ὕδωρ.

243 1167 287 1198 65
330 1156 456 1202 Ξένον
486 1156 647 1212 ἀθρόως
677 1162 824 1214 γεγῶτα

299 1221 452 1272 ξένισον
482 1222 594 1273 πόλις
626 1222 837 1277 μεδόντων,

299 1289 365 1328 ἴνα
394 1293 475 1337 τοῖς
506 1287 630 1338 ξένοις
660 1290 847 1343 προείπω,

299 1351 357 1394 ’ὅτι
387 1354 453 1394 καὶ
484 1352 620 1403 ξένους
652 1356 819 1404 ξενίζεις.

323 1415 366 1458 Ὁ
396 1417 531 1472 φέρων
562 1417 663 1475 λόγῳ
695 1418 741 1461 τὰ
771 1417 914 1470 πάντα,

243 1479 321 1524 7οὃ
353 1481 521 1537 χρόνους
551 1487 707 1538 βροτοῖς
738 1482 890 1538 ὁρίζων,

299 1546 535 1590 ἀνάπαυσον
566 1546 635 1598 οὓς
666 1547 832 1598 στενάζω

301 1612 392 1667 μετὰ
422 1612 658 1667 πνευμάτων
690 1616 865 1656 δικαίων.

330 1677 487 1733 Νιόβης
531 1677 738 1722 αἶνοτόκου
779 1674 855 1735 ἆρα
893 1678 935 1722 τὸ

646 1743 799 1795 πένθος

303 1807 469 1851 παθέων
481 1806 679 1863 ἡμετέρων
692 1807 936 1863 ἀντιφερίζει.

245 1885 288 1917 75
333 1873 451 1930 Παρὰ
480 1872 567 1915 θῖν’
602 1872 694 1923 ἁλὸς
725 1876 899 1928 βαδίζειν

302 1943 441 1993 πολιῆς
471 1943 593 1980 τανῦν
623 1940 781 1992 έρῶμαι,

303 2003 595 2059 ἀπαρηγόρητοι,
627 2008 756 2058 μῆτερ,

303 2069 498 2124 στενάχων
529 2070 570 2111 σὲ
600 2070 667 2111 καὶ
697 2073 828 2123 τοκῆα.

335 2133 575 2189 Πλοκάμους
605 2133 815 2190 ἡμετέρους
852 2133 934 2189 δέχ-

647 2214 760 2252 νυσο,
791 2204 920 2255 μῆτερ,

246 2277 290 2309 80
304 2269 370 2309 ἵνα
399 2264 561 2316 τούτους
585 2265 747 2323 κατέχῃς
771 2263 937 2319 ἄβυσσο-

647 2329 806 2381 πόλους.

331 2395 446 2439 Ῥόδα
477 2396 547 2450 μὲν
579 2396 698 2450 δέμας
729 2394 926 2450 Κυθήρης

786 137 976 174 ΡΟΕΤΑΕ
1002 137 1181 176 MELICI.

1081 246 1203 303 πόρεν
1235 245 1288 299 ὦς
1319 247 1434 304 λόγος
1465 251 1649 303 βροτοῖσι,

1081 312 1122 354 τὸ
1156 311 1192 354 δ’
1227 312 1322 367 ἐμὸν
1354 314 1473 368 δέμας
1503 318 1656 356 τοκεῦσι

1081 379 1196 431 κρίνα
1227 377 1412 432 δακρύων
1442 380 1598 432 κομίζει.

1023 451 1069 483 85
1113 441 1176 484 Σὺ
1205 442 1251 485 τὰ
1283 442 1411 485 πάντα
1437 441 1716 497 συμφερόντως

1081 508 1262 560 τελέθεις,
1293 507 1392 558 ἅναξ
1424 504 1626 551 ἁπάντων·

1084 569 1146 615 διὸ
1178 571 1255 614 κᾶν
1285 562 1437 623 πόνους
1469 571 1650 627 ὖπέτλην,

1082 638 1195 691 μέλος
1226 636 1452 692 εὐχάριστον
1482 637 1579 696 ᾅδω.

1110 703 1277 752 Γενέτας
1302 704 1345 745 ἐν
1375 706 1532 758 ῥοθίοις
1561 702 1688 745 θάναι

1424 766 1622 822 κελεύσας,

1023 842 1068 874 90
1082 835 1334 888 Παραδείσου
1354 834 1504 886 ναέτας,
1523 833 1716 885 Δέσποτα,

1425 901 1566 949 δεῖξον.
1653 908 1743 940 1087

1116 964 1273 1006 Τοκέων
1303 962 1639 1020 άπωρφανίσθην,

1082 1029 1236 1070 κασέων
1266 1028 1468 1084 γύμνωσιν
1499 1031 1629 1084 ἔσχον·

1084 1091 1183 1134 ὅθεν
1215 1093 1372 1144 εἰκότως
1403 1111 1460 1149 με,
1491 1098 1637 1147 Σῶτερ,

1082 1154 1160 1199 ὑπὸ
1193 1164 1279 1208 σαῖς
1309 1160 1465 1214 πτέρυξι
1495 1157 1670 1212 θάλψον.

1024 1231 1068 1262 95
1108 1221 1199 1277 Ἐμὲ
1229 1223 1298 1266 τὸν
1323 1223 1572 1278 μουσοπόλον
1597 1221 1713 1265 κλαύ-

1429 1304 1530 1342 σατε,
1560 1292 1699 1342 κοῦροι

1082 1357 1258 1407 πινυτοί,
1307 1357 1489 1408 Σικελίης
1532 1354 1718 1407 πατρίδος

1426 1422 1530 1475 ἔρνη.

1102 1481 1291 1527 ’Ύστατον
1320 1484 1417 1541 γόον
1447 1484 1624 1535 τινάσσωΔ

1084 1550 1198 1603 ἔαρος
1229 1550 1322 1592 νέου
1352 1549 1448 1592 καθ’
1484 1549 1605 1605 ὥρην,

1085 1613 1205 1657 λάλον
1236 1614 1407 1671 ὄργανον
1438 1614 1475 1657 δ’
1509 1613 1672 1670 ὑπάρχει

1007 1689 1074 1721 100
1087 1678 1227 1735 γοερὸν
1257 1679 1379 1734 στόμα
1411 1679 1603 1731 στενάζον.

1118 1745 1294 1798 Φαέθον,
1329 1749 1432 1788 Θεοῦ
1461 1744 1504 1788 τὸ
1536 1747 1670 1800 ἔργον,

1050 1836 1053 1839 -
1086 1810 1231 1865 στυγέω
1262 1810 1419 1864 βλέπειν
1442 1809 1484 1853 τὸ
1511 1810 1599 1864 φῶς
1630 1822 1716 1861 σου,

1086 1875 1140 1915 ἔτι
1170 1874 1351 1929 μηδόλως
1381 1878 1550 1930 νομίζων

1085 1938 1208 1994 γλυκὺ
1238 1945 1291 1997 τῷ
1321 1943 1395 1996 βίῳ
1428 1943 1614 1993 φαείνειν.

1006 2013 1071 2045 105
1111 2002 1341 2059 Ἀγαρηνῶν
1365 2004 1551 2059 νομάδων
1573 2004 1717 2046 ἄσπετα

1429 2075 1549 2124 φῦλα,

1086 2137 1253 2189 πατρίδα
1266 2133 1522 2177 πλουτοδότιν
1535 2133 1720 2177 σπεύσατ’

1429 2198 1594 2242 ὀλέσσαι.

1117 2263 1294 2319 Χλοερὰς
1325 2265 1476 2320 βρέχων
1506 2262 1678 2319 ἀρούρας

1087 2335 1263 2384 νεφελῶν
1293 2329 1407 2380 τόκος
1437 2328 1631 2384 κατάρδει,

1086 2395 1151 2450 ἐμὲ
1183 2395 1226 2436 δὲ
1257 2395 1407 2449 βρέχων
1437 2392 1646 2444 ἀπαύστως

226 2553 346 2601 ῥἐῦμα
372 2550 564 2590 τοσόνδε
591 2552 669 2593 πῶς
693 2550 834 2598 νοήσω;
863 2574 902 2579 -
932 2553 975 2588 V.
1004 2557 1058 2590 55.
1085 2548 1159 2598 ὅτε,
1186 2552 1266 2589 cod.
1293 2548 1360 2587 ὅτι.
1389 2572 1432 2577 -
1459 2550 1503 2586 V.
1528 2554 1584 2586 57.
1610 2547 1651 2585 τὸ
1678 2547 1745 2596 ἔαρ

225 2602 423 2647 Matranga
447 2601 602 2637 addidit.
625 2621 669 2626 --
695 2601 738 2636 V.
754 2605 809 2636 63.
836 2599 969 2645 παύεο,
997 2600 1075 2636 cod.
1097 2597 1229 2636 παύεε.
1251 2621 1294 2625 -
1321 2599 1364 2636 V.
1386 2602 1440 2635 65.
1467 2595 1621 2644 ἀθρόως
1646 2597 1746 2632 haud

226 2650 337 2685 dubie
363 2651 586 2694 corruptum.
621 2669 663 2673 —
696 2647 739 2682 V.
767 2652 820 2683 67.
848 2649 1033 2694 προείπω,
1066 2648 1146 2683 cod.
1172 2647 1372 2692 προσείπω.
1406 2666 1449 2671 —
1482 2645 1525 2680 V.
1553 2648 1607 2679 72.
1634 2657 1745 2680 πνευ-

186 2712 189 2715 ’
225 2695 364 2742 μάτων,
390 2697 546 2732 fortasse
571 2692 780 2741 νευμάτων.
814 2716 858 2721 -
893 2696 932 2731 V.
962 2700 1016 2732 73.
1043 2689 1130 2740 ἆρα,
1157 2695 1237 2730 cod.
1263 2692 1350 2739 ἄρα.
1385 2714 1427 2719 -
1459 2691 1503 2727 V.
1530 2695 1585 2727 81.
1613 2689 1745 2737 Κυθή-

226 2758 308 2789 ρης,
341 2744 421 2779 cod.
454 2744 656 2789 Κυθείρης.
684 2763 728 2769 -
760 2743 804 2779 V.
831 2746 886 2779 86.
919 2741 1099 2786 τελέθεις,
1130 2741 1275 2778 videtur
1300 2739 1472 2780 τελέεις
1498 2738 1745 2796 scfibendum.

228 2813 270 2816 -
298 2791 340 2826 V.
368 2795 423 2828 88.
450 2787 670 2836 εὐχάριστον
697 2790 883 2834 ΡίοοοΙοε,
915 2791 995 2826 eod.
1021 2786 1236 2835 ἀχάριστον.
1270 2809 1314 2814 -
1346 2787 1391 2824 V.
1417 2791 1473 2823 89.
1498 2788 1619 2840 θαναι
1645 2786 1748 2821 nolui

226 2840 386 2882 mutare,
412 2838 581 2874 Piccolos
607 2840 758 2873 θανεῖν.
786 2858 829 2863 -
857 2837 899 2873 V.
925 2842 982 2873 97.
1008 2833 1166 2872 ὕστατον
1192 2835 1283 2881 γόον
1307 2833 1466 2870 τινάσσω
1493 2834 1635 2879 scnpsi,
1661 2833 1743 2869 cod.

227 2882 388 2930 ὑστάτην
414 2883 505 2931 γόον
531 2882 725 2921 τινάσσων.
755 2906 795 2910 -
825 2885 867 2921 V.
890 2889 956 2920 100
982 2885 1027 2920 de
1047 2884 1138 2920 vitio
1164 2883 1365 2929 suspectus.
1392 2902 1434 2908 -
1463 2880 1506 2916 V.
1529 2885 1608 2917 106.
1633 2883 1747 2916 πλου-
