1864 3126
190 143 278 184 514
510 154 512 159 ·
756 142 948 179 ΡΟΕΤΑΕ
972 143 1150 181 MELICI.

192 255 239 293 A.
292 250 351 293 Οὐ
376 249 527 301 Ῥόδιος
556 252 670 307 γένος
699 248 769 305 ἦν;
801 255 845 295 Β.
877 255 974 304 Ναί,
1004 253 1097 307 πρὶν
1128 259 1270 309 φυγεῖν
1300 271 1343 309 γε
1373 256 1554 310 πατρίδα,
1844 218 1864 307 ἐ

287 319 396 373 δεινᾷ
427 333 470 372 γε
501 317 595 370 χειρὶ
625 315 736 359 πόλλ’
772 318 884 371 ἔρξας
915 319 1007 373 ἔργα
1037 318 1102 359 καὶ
1134 321 1252 372 βίαια.
1844 309 1864 339 ”

693 464 720 499 3
911 436 1005 477 188.
1622 447 1713 480 1188
1832 411 1864 492 ἐ

277 517 439 571 Ἴσθμια
471 519 542 570 δίς,
574 517 708 573 Νεμέᾳ
740 519 812 569 δίς,
839 515 1029 574 Ὀλυμπίᾳ
1059 518 1353 573 ἐστεφανώθην,
1555 510 1559 514 ’
1847 504 1864 523 '³

347 580 394 624 οὗ
425 581 560 623 πλάτεϊ
586 587 709 624 νικῶν
739 581 927 636 σώματος,
959 581 1055 624 ἄλλα
1085 584 1209 640 τέχνᾳ.
1860 623 1864 638 ,

284 644 560 701 Ἀριστόδαμος
594 645 792 701 Θράσιδος
816 646 962 698 Ἀλεῖος
991 646 1107 704 πάλᾳ.
1592 673 1596 677 ·
1840 643 1864 691 1

1660 712 1662 715 ¹
1857 718 1864 739 ἲ

470 852 724 904 Ἐρασμονίδη
748 859 932 904 Χαρίλαε,
958 856 1081 905 χρῆμά
1107 872 1165 894 τοι
1188 861 1347 904 γελοῖον.

192 927 266 963 nisi
292 928 389 972 quod
415 928 524 963 huius
550 928 831 973 epigrammatis
856 940 983 965 versus
1014 929 1201 974 semipede
1232 929 1332 965 aucti
1363 931 1466 965 sunt:
1499 927 1716 966 Archilochi

193 986 322 1011 versus
347 977 491 1010 veteres
518 975 567 1010 ad
591 977 810 1011 tetrametra
833 977 1041 1012 retulerunt
1066 977 1153 1022 (vid.
1179 976 1319 1012 Archil.
1346 977 1391 1013 fr.
1418 980 1462 1012 79
1482 977 1591 1022 seq.),
1623 987 1715 1022 quo-

194 1021 296 1058 niam
321 1023 520 1067 utrumque
555 1023 662 1058 colon
693 1023 851 1059 dimetro
877 1025 1048 1060 constare
1073 1023 1195 1060 visum
1228 1025 1302 1068 est3
1336 1023 1465 1069 itaque
1495 1023 1536 1059 hi
1570 1034 1718 1069 quoque

191 1081 332 1114 versus,
359 1070 422 1115 qui
448 1069 766 1115 brachycatalecti
783 1071 967 1107 trochaici
987 1071 1136 1107 dimetri
1153 1071 1236 1107 loco
1264 1071 1523 1107 catalecticum
1541 1070 1720 1107 exhibent

194 1117 418 1160 tetrametri‚
443 1116 547 1153 nullo
566 1128 654 1152 vero
673 1117 785 1152 modo
805 1119 1033 1164 pentametri
1051 1118 1209 1154 vocitari
1227 1119 1418 1164 poterant3
1444 1118 1536 1155 item
1555 1119 1717 1154 erratum

197 1165 256 1199 cst
281 1164 380 1209 apud
405 1163 627 1199 Diomedem
652 1177 687 1210 p.
716 1168 796 1209 515,
821 1165 885 1200 ubi
909 1165 974 1201 ille
999 1177 1127 1202 versus
1145 1166 1418 1201 Archilochium
1436 1166 1638 1202 trimetrum
1661 1165 1718 1200 di-

197 1211 302 1255 citur,
329 1222 398 1247 scr.
424 1215 680 1256 tetramevrum,
705 1211 777 1247 nisi
803 1214 971 1258 praestat
995 1211 1159 1248 Keilium
1178 1212 1295 1258 sequi,
1321 1213 1385 1257 qui
1404 1211 1573 1248 codicum
1593 1214 1718 1248 aucto-

194 1259 306 1294 ritate
339 1258 488 1294 delevit.
539 1257 619 1293 Iam
651 1259 752 1294 idem
785 1258 851 1295 ille
887 1271 1016 1296 versus
1048 1259 1307 1296 Archilochius
1338 1271 1361 1295 a
1393 1259 1529 1305 Plotio,
1565 1259 1717 1296 homine

196 1317 347 1352 prorsus
371 1305 558 1351 imperito,
585 1306 651 1341 sed
677 1306 742 1351 qui
760 1307 940 1343 nonnulla
964 1307 1140 1352 antiquae
1160 1306 1380 1352 disciplinae
1397 1307 1600 1352 praecepta
1618 1307 1719 1343 solus

197 1352 373 1398 servavit,
397 1365 433 1398 p.
461 1357 531 1388 300
558 1353 823 1390 Prosodiacum
846 1355 1198 1400 hyporchematieum
1223 1354 1447 1400 appellatur,
1473 1355 1603 1398 estque
1629 1365 1718 1390 sane

192 1399 255 1435 hic
279 1410 454 1436 numerus
480 1400 698 1436 saltantium
724 1401 921 1444 cantilenis
946 1402 1114 1447 inprimis
1140 1401 1371 1438 commodus:
1392 1403 1509 1445 atque
1533 1401 1717 1437 similibus

194 1447 323 1483 metris
348 1447 429 1493 ipse
457 1447 664 1483 Simonides
689 1448 728 1483 in
753 1445 1027 1495 ὑπορχημάτων
1052 1448 1147 1484 libro
1171 1461 1260 1484 usus
1280 1449 1348 1494 est,
1373 1447 1459 1484 vide
1479 1458 1590 1494 supra
1606 1447 1651 1485 fr.
1671 1451 1716 1484 29

193 1496 233 1531 et
257 1499 322 1539 313
348 1496 386 1530 et
409 1494 567 1530 fortasse
593 1494 669 1530 iam
694 1494 870 1532 Thaletas
896 1496 1048 1542 eiusque
1069 1498 1284 1541 sectatores,
1310 1506 1403 1540 quos
1421 1495 1644 1532 Plutarchus
1671 1495 1717 1531 de

193 1553 287 1578 mus.
314 1553 343 1576 c.
373 1546 416 1577 10
442 1542 535 1578 dicit
560 1542 824 1578 Archilochum
849 1543 1017 1579 imitatos
1038 1554 1129 1588 esse,
1154 1542 1436 1579 Archilochium
1453 1543 1553 1578 hunc
1570 1553 1718 1579 versum

194 1589 418 1625 asciverunt.
467 1589 587 1635 Igitur
610 1601 724 1634 quum
749 1601 868 1635 versu,
894 1590 1016 1636 qualis
1040 1591 1102 1626 hic
1127 1590 1275 1637 legitur,
1309 1589 1516 1625 Simonides
1539 1589 1579 1625 in
1603 1587 1718 1634 ὑπορ-

193 1634 369 1683 χημάτων
401 1637 511 1672 libro‘
528 1637 675 1682 saepius
707 1637 878 1674 videatur
913 1650 1018 1682 usus,
1055 1639 1214 1674 metrum
1245 1637 1318 1674 hoc
1357 1636 1610 1673 Simonideum
1643 1636 1720 1672 dici

193 1685 352 1730 poterat,
379 1695 463 1719 cum
488 1683 638 1720 brevius
664 1684 943 1721 Archilochium
975 1685 1024 1721 sit
1053 1686 1276 1721 vocitatum:
1312 1685 1425 1730 atque
1455 1684 1543 1719 inde
1567 1684 1718 1720 videtur

193 1732 437 1776 repetendum
472 1743 570 1777 esse,
604 1732 702 1776 quod
732 1733 802 1768 hoc
834 1733 1066 1778 epigramma
1090 1731 1273 1768 Simonidi
1297 1731 1479 1768 tributum
1504 1732 1570 1767 est.
1619 1730 1717 1767 Nam

193 1778 226 1813 si
249 1779 322 1814 fuit
346 1778 575 1824 adscriptum
600 1781 852 1824 Σιμωνίδειον
877 1777 1123 1826 τετράμετρον
1154 1777 1474 1825 ὑπορχηματικόν,
1503 1779 1565 1814 vel
1589 1790 1613 1814 a
1636 1789 1715 1815 me-

194 1825 288 1861 trico
314 1826 386 1861 hoc
418 1826 651 1872 epigramma
675 1828 854 1871 tanquam
881 1827 1093 1872 exemplum
1119 1825 1324 1862 Simonidei
1354 1837 1483 1862 versus
1514 1826 1588 1862 fuit
1612 1825 1719 1865 adhi-

192 1872 325 1918 bitum,
351 1874 511 1908 maxime
536 1873 575 1908 in
593 1872 751 1918 proclivi
777 1876 859 1910 erat
877 1886 988 1911 error.
1028 1874 1200 1910 Ceterum
1219 1886 1253 1910 v.
1274 1878 1307 1919 2,
1333 1873 1397 1920 qm‘
1415 1873 1588 1909 anacrusi
1606 1874 1718 1918 caret,

194 1931 268 1955 non
294 1922 352 1955 cst
377 1919 627 1966 corrigendus,
653 1920 739 1956 vide
765 1932 859 1965 quae
885 1921 930 1957 de
955 1922 1027 1957 hac
1051 1921 1243 1967 popularis
1269 1919 1442 1957 carminis
1465 1919 1620 1962 licentia
1638 1919 1716 1956 dixi

194 1967 242 2002 ad
275 1977 387 2021 carm.
419 1978 505 2049 ppp.
537 1967 582 2002 fr.
614 1971 671 2003 41.
717 1968 864 2004 Tertius
899 1968 1057 2014 denique
1089 1979 1217 2004 versus
1249 1970 1306 2004 est
1335 1968 1571 2013 asynartetus
1604 1966 1716 2004 Cani-

194 2015 373 2059 macth,
398 2026 444 2050 ve
460 2015 519 2050 ut:

468 2076 637 2126 Δήμητρι
660 2081 703 2128 τῇ
731 2082 880 2128 Πυλαίῃ
905 2081 949 2128 τῇ
975 2081 1110 2118 τοῦτον
1120 2077 1207 2117 ὀὑκ
1232 2079 1449 2126 Πελασγῶν.

194 2150 494 2190 Abiudicandum
519 2153 644 2187 autem
668 2151 738 2187 hoc
764 2153 995 2198 epigramma
1021 2150 1214 2197 Simonidi,
1238 2151 1415 2196 quoniam
1439 2149 1596 2187 Dorieus
1614 2149 1717 2187 Rho-

200 2201 283 2237 dius
298 2200 366 2235 sub
379 2200 528 2235 initium
548 2198 638 2235 belli
656 2198 966 2245 Peloponnesiaci
983 2199 1102 2235 tribus
1121 2199 1296 2244 deinceps
1316 2198 1600 2244 olympiadibus
1613 2197 1716 2241 vicit,

195 2248 269 2284 vid.
295 2248 452 2283 Pausan.
479 2247 531 2282 VI
557 2250 589 2290 7,
618 2251 634 2281 1
662 2246 726 2291 qui
751 2246 884 2283 deinde
911 2251 944 2292 9,
969 2250 992 2281 4
1018 2246 1139 2282 addit:
1171 2243 1447 2291 ἀνηγορεύοντο
1473 2243 1515 2281 δὲ
1543 2238 1653 2286 οὗτός
1676 2257 1716 2281 τε

195 2296 261 2331 καὶ
287 2292 307 2330 ὁ
335 2295 558 2337 Πεισίροδος
584 2291 750 2338 Θούριοι,
777 2293 1006 2340 διωχθέντες
1036 2290 1111 2329 ’ὑπὸ
1138 2293 1211 2329 τῶν
1242 2291 1561 2328 ἀντιστασιαστῶν
1586 2289 1630 2329 ἐκ
1651 2293 1719 2338 τῆς
1775 2319 1778 2323 .

191 2340 324 2378 Ῥόδου
351 2341 416 2377 καὶ
442 2338 481 2382 ἐς
499 2337 659 2376 Ἰταλίαν
684 2339 788 2387 παρὰ
815 2342 999 2387 Θουρίους
1023 2338 1268 2381 ἀπελθόντες.
1313 2341 1359 2376 cf.
1379 2339 1548 2386 Xenoph.
1574 2338 1717 2376 Hellen.

194 2391 212 2425 I
238 2393 271 2434 5,
299 2393 353 2424 19.
391 2388 563 2434 Hartung
588 2388 762 2424 Simmiae
785 2388 952 2424 vindicat
977 2388 1218 2434 epigramma.
1250 2408 1295 2413 -—
1326 2387 1371 2424 V.
1397 2391 1429 2424 2.
1454 2399 1517 2433 γε,
1541 2386 1571 2422 Ρ
1595 2399 1645 2422 τε.
1672 2406 1717 2412 -

196 2438 241 2474 V.
269 2441 300 2472 3.
327 2449 369 2482 γε
397 2435 538 2481 scripsi,
562 2436 592 2471 P
616 2448 668 2471 τε.
695 2456 739 2462 -
768 2436 795 2471 Ρ
820 2432 926 2472 πολλ’
955 2434 1079 2482 ἔρξας,
1104 2435 1236 2472 Iacobs
1262 2431 1379 2471 πολλὰ
1405 2431 1527 2481 ᾆέξας.

289 2506 416 2554 Epigr.
445 2510 523 2542 188.
573 2507 763 2552 Hephaest
789 2510 874 2542 113:
899 2504 1071 2552 Μετρικά
1097 2505 1140 2542 δὲ
1167 2503 1311 2542 ἄτακτα
1337 2534 1345 2542 .
1368 2535 1375 2543 .
1398 2532 1405 2540 .
1431 2501 1605 2540 τοιοῦτόν
1639 2501 1718 2541 ἔστι

196 2554 261 2591 καὶ
287 2552 330 2590 τὸ
356 2555 625 2600 Σιμωνίδειον·
644 2550 819 2599 Ἴσθμια
844 2557 920 2589 κτλ.
957 2554 1152 2600 Repetitur
1182 2553 1231 2588 ib.
1260 2557 1338 2589 119.
1364 2573 1408 2580 -
1433 2551 1478 2588 V.
1505 2555 1536 2587 1.
1552 2548 1717 2599 Ἴσθμια,

198 2602 347 2637 Brunck
373 2601 466 2637 coni.
494 2599 641 2645 Πύθια,
673 2600 848 2644 quoniam
873 2601 955 2637 Elei
987 2602 1034 2637 ab
1065 2599 1230 2636 Isthmiis
1257 2599 1518 2636 certaminibus
1542 2599 1717 2635 arceban-

195 2651 268 2694 tur,
295 2649 367 2685 vid.
394 2649 552 2684 Pausan.
572 2648 606 2683 V
625 2652 658 2690 2,
678 2652 699 2683 2
714 2659 815 2693 seqq.
835 2648 887 2683 VI
908 2652 963 2693 16,
983 2652 1015 2692 2,
1042 2649 1080 2683 et
1104 2648 1280 2694 quoniam
1303 2647 1410 2682 Paus.
1437 2645 1487 2682 VI
1506 2649 1540 2689 3,
1558 2649 1582 2680 4
1605 2645 1717 2682 dicit:

199 2693 398 2732 ἀνάκειται
430 2694 472 2731 δὲ
505 2695 569 2730 καὶ
602 2692 641 2738 ἐξ
667 2691 782 2740 αὐτῆς
803 2692 953 2736 Ἤλιδος
976 2692 1183 2740 παλαιστὴς
1225 2691 1310 2741 ’νὴρ
1337 2690 1596 2739 Ἀριστόδημος
1616 2690 1716 2738 Θρά-

197 2745 315 2784 σιδος·
347 2740 526 2788 γεγόνασι
556 2741 598 2778 δὲ
631 2739 732 2790 αὐτῷ
764 2742 830 2778 καὶ
863 2745 1000 2778 Πυθοῖ
1025 2740 1095 2778 δύο
1126 2746 1229 2777 νῖκαι
1279 2739 1303 2787 ἡ
1329 2739 1371 2776 δὲ
1403 2737 1514 2776 εἰκών
1547 2736 1624 2775 ἐστι
1647 2741 1715 2776 τοῦ

194 2786 454 2836 Ἀριστοδήμου
474 2789 586 2837 τέχνῃ
604 2786 799 2825 Δαιδάλου
818 2790 884 2825 τοῦ
899 2791 1124 2833 Σικυωνίου,
1143 2788 1318 2835 μαθητοῦ
1336 2787 1402 2823 καὶ
1418 2783 1559 2831 πατρὸς
1570 2788 1718 2834 Πατρο·
1774 2799 1780 2805 ’
1808 2790 1812 2797 ’

201 2836 345 2878 κλέους.
366 2858 410 2863 -—
437 2835 584 2884 Νεμέᾳ,
602 2836 807 2883 posteriore
826 2838 849 2873 l.
863 2837 909 2872 Fl
927 2834 1056 2883 νεμέα,
1074 2836 1197 2883 priore
1215 2837 1239 2871 l.
1254 2833 1370 2880 CE(S)
1394 2833 1551 2869 Turneb.
1571 2833 1718 2880 Νέμεα,

207 2903 249 2911 ,-
273 2880 467 2937 Ὀλυμπίᾳ,
498 2885 521 2919 l.
553 2885 675 2931 priore
702 2882 861 2931 CE<SF1)
889 2881 1080 2933 Ὀλύμπια.
1113 2904 1156 2910 -
1189 2877 1478 2930 ἐστεφανώθην,
1509 2882 1595 2929 post
1623 2881 1649 2919 l.
1674 2880 1717 2925 Ε.
