1864 3126
781 131 934 168 SIMON
939 132 951 168 1
958 131 1056 170 DES.
1594 132 1682 176 427

149 246 340 285 nnmenta
371 244 580 285 referenda
605 257 693 285 esse
720 245 976 285 consentiunt
1000 245 1136 296 periti.
1184 246 1407 286 Simonides
1434 246 1540 285 enim
1571 259 1683 297 prae·

147 311 211 351 tet
246 311 402 350 ceteros
434 310 507 350 hoc
544 310 675 360 poesis
713 322 842 361 genus
874 310 1098 365 illustravit
1139 311 1269 362 iisque
1313 311 1382 362 qui
1425 313 1516 361 post
1557 311 1684 360 secuti

145 376 241 416 sunt
271 376 568 415 consummatae
599 375 702 415 artis
735 376 961 426 exemplum
987 375 1038 414 ad
1064 376 1302 416 imitandum
1327 377 1547 428 proposuit.
1592 376 1682 416 Huc

145 440 310 491 accedit,
341 440 447 491 quod
477 440 699 481 Simonides
731 453 846 481 suam
878 454 1040 491 operam
1072 442 1299 482 illustribus
1326 442 1578 493 potissimum
1611 443 1679 481 ho-

146 505 320 546 minibus
364 506 692 557 temporibusque
735 506 904 557 dicavit,
941 506 1077 557 itaque
1116 508 1337 557 poematia,
1380 520 1481 558 quae
1527 507 1687 558 quidem

145 572 316 623 publicis
346 573 613 611 monumentis
644 572 838 622 inscripta
876 572 1056 625 suerunt,
1093 586 1227 612 rerum
1265 573 1382 612 bellis
1414 572 1577 612 Medicis
1616 586 1684 623 ge-

147 640 299 678 starum
331 637 571 689 gravissima
602 637 861 688 suppeditant
899 638 1141 679 testimonia.
1203 638 1280 677 Sed
1317 651 1395 689 quo
1433 639 1520 678 iure
1559 638 1684 677 Simo-

144 704 229 744 nidi
271 704 539 746 attribuamus
583 704 892 755 epigrammata,
937 716 1038 755 quae
1077 704 1162 743 eius
1198 704 1358 743 nomine
1382 705 1605 752 -feruntur,
1643 704 1685 742 in

146 769 380 820 quaestione
422 771 623 818 versatur,
661 781 781 820 quam
818 769 1131 809 controversiam
1168 782 1259 809 cum
1296 769 1456 820 penitus
1493 769 1681 808 dirimere

146 847 224 874 non
261 834 398 885 liceat,
430 848 503 885 pro
543 834 694 874 viribus
732 836 868 874 tamen
904 835 947 874 in
983 835 1268 875 commentario
1306 835 1490 885 expedire
1528 833 1677 873 studui.

149 900 208 939 De
233 899 401 951 singulis
428 900 728 951 epigrammatis
754 913 844 940 cum
870 914 942 940 suo
967 901 1052 940 loco
1079 895 1227 940 dictum
1261 901 1326 949 sit,
1351 901 1544 939 nonnulla
1567 913 1681 950 prae-

147 965 362 1005 munienda
398 967 492 1005 sunt
522 965 763 1016 quaestioni,
801 978 904 1015 quae
944 966 1063 1015 plena
1094 966 1156 1005 est
1186 965 1290 1005 inter
1321 965 1459 1004 doctos
1483 965 1680 1004 indoctos-

150 1043 226 1082 que
257 1031 527 1071 dissensionis.

901 1152 936 1195 1.

268 1251 345 1298 Qui
387 1263 514 1301 nuper
557 1250 734 1289 studiose
766 1252 807 1289 et
842 1250 1001 1289 naviter
1038 1251 1086 1289 de
1124 1251 1202 1289 fide
1243 1253 1284 1290 et
1320 1251 1560 1290 auctoritate
1598 1251 1682 1301 epi-

148 1319 417 1368 grammatum
449 1317 766 1366 disputaverunt,
798 1327 899 1365 quae
932 1314 1145 1354 Simonidis
1170 1329 1315 1356 nomen
1340 1329 1435 1366 prae
1462 1330 1505 1355 se
1530 1317 1680 1366 ferunt,

147 1383 189 1422 id
218 1385 356 1433 agunt,
388 1384 434 1421 ut
465 1381 588 1420 etiam
617 1394 719 1431 quae
750 1383 907 1432 veteres
946 1380 1161 1430 scriptores
1195 1381 1405 1420 'testificati
1443 1382 1556 1430 sunt,
1594 1383 1680 1420 tan-

149 1451 234 1487 tum
272 1461 355 1487 non
385 1447 518 1486 omnia
548 1448 589 1485 in
621 1446 884 1496 suspicionem
920 1447 1074 1485 vocent.
1135 1445 1237 1484 Hinc
1269 1446 1396 1497 igitur
1433 1447 1680 1486 ordiendum.

267 1513 393 1552 Bellis
425 1512 588 1552 Medicis
620 1511 808 1551 confectis
841 1510 1095 1552 et.civitates
1127 1514 1169 1553 et
1200 1512 1380 1551 homines
1411 1512 1580 1562 privati,
1612 1513 1681 1562 qui

147 1579 313 1630 gloriosi
340 1578 489 1617 laboris
520 1590 604 1617 non
629 1579 792 1616 fuerunt
814 1575 1044 1627 participes,
1069 1576 1280 1616 ambitiose
1306 1577 1548 1627 expetebant
1573 1590 1677 1617 com-

147 1644 374 1683 munionem
399 1644 542 1692 laudis,
568 1656 647 1693 qua
677 1642 820 1681 merito
852 1642 1102 1692 fruebantur,
1133 1642 1202 1692 qui
1232 1643 1392 1682 fortiter
1417 1642 1584 1682 hostiles
1609 1643 1680 1681 im-

147 1712 265 1760 petus
296 1709 650 1759 propulsaverant3
676 1708 767 1747 inde
798 1720 931 1747 rerum
964 1710 1170 1758 gestarum
1202 1708 1397 1748 memoria
1420 1708 1523 1748 fictis
1549 1709 1680 1748 titulis

147 1774 301 1814 vitiata,
364 1773 579 1823 Quousque
622 1773 787 1812 ambitio
830 1773 1094 1813 immoderata
1139 1786 1354 1824 progressa
1398 1774 1470 1823 sit,
1507 1774 1682 1814 ostendit

150 1840 396 1888 Herodotus,
437 1851 605 1878 narrans
645 1839 703 1877 IX
735 1839 789 1878 85
830 1840 924 1889 post
963 1851 1138 1890 pugnam
1178 1839 1458 1879 Plataeensem
1501 1828 1696 1879 tumulos*

149 1905 288 1945 inanes
331 1904 371 1942 in
415 1904 646 1943 memoriam
691 1916 844 1951 eorum,
882 1903 952 1953 qui
993 1903 1054 1942 illi
1093 1916 1250 1955 pugnae
1287 1917 1367 1942 non
1396 1905 1679 1955 interfuerant,

149 1971 414 2021 exaggeratos
447 1981 551 2008 esse:
582 1970 660 2008 τῶν
691 1966 735 2008 δὲ
765 1964 895 2007 ἄλλων
924 1964 1010 2008 ὅσοι
1041 1967 1106 2007 καὶ
1137 1968 1348 2019 φαίνονται
1379 1967 1422 2008 ἕν
1454 1970 1676 2022 Πλαταιῇσι

148 2031 277 2083 ἐόντες
305 2030 439 2085 τάφοι,
468 2029 631 2081 τούτους
663 2031 718 2084 δέ,
751 2028 803 2081 ὦς
834 2028 909 2086 ἐγὼ
939 2030 1212 2086 πυνθάνομαι,
1238 2032 1600 2086 ἐπαισχυνομένους
1630 2037 1678 2088 τῇ

148 2096 313 2139 ἀπεστοῖ
336 2100 405 2150 τῆς
436 2094 575 2150 μάχης,
607 2094 794 2145 ἑκάστους
824 2093 982 2150 χώματα
1006 2101 1129 2152 χῶσαι
1153 2095 1264 2139 κεινὰ
1289 2101 1367 2139 τῶν
1392 2097 1681 2151 ἐπιγινομένων

149 2163 278 2204 εἵνεκα
317 2159 557 2215 ἀνθρώπων.
618 2162 701 2203 ἐπεὶ
749 2162 815 2203 καὶ
852 2162 1097 2216 Αἰγινητέων
1140 2163 1217 2204 ἐστὶ
1257 2159 1400 2205 αὐτόθι
1447 2160 1682 2215 καλεόμενος

148 2225 287 2280 τάφος,
316 2225 385 2269 τὸν
416 2224 491 2282 έγώ
522 2224 656 2269 ἀκούω
688 2227 754 2268 καὶ
785 2227 880 2268 δέκα
911 2227 1008 2269 ἔτεσι
1038 2225 1200 2281 ’ὕστερον
1232 2226 1324 2282 μετὰ
1353 2232 1487 2278 ταῦτα,
1519 2226 1681 2280 δεηθέν-

150 2309 229 2334 των
258 2296 336 2334 τῶν
366 2292 628 2347 Αἰγινητέων,
664 2295 787 2346 χῶσαι
818 2289 1003 2345 Κλεάδην
1032 2289 1101 2333 τὸν
1132 2290 1377 2344 Αὐτοδίκου,
1417 2290 1545 2345 ἄνδρα
1576 2295 1681 2332 Πλα-

151 2357 279 2410 ταιέα,
316 2355 525 2410 πρόξεινον
563 2354 676 2398 ἐόντα
713 2354 854 2398 αὐτῶν.
916 2358 1001 2398 Hoc
1032 2358 1227 2398 Herodoti
1271 2358 1545 2398 testimonium
1590 2359 1680 2397 Plu-

154 2425 315 2464 tarchus
347 2424 395 2462 (le
427 2422 606 2462 maledic.
639 2423 784 2462 Herod.
816 2436 846 2462 c.
873 2425 928 2462 42
962 2422 1106 2462 acriter
1138 2435 1233 2463 sane
1259 2426 1300 2463 et
1330 2424 1459 2462 facete
1491 2422 1681 2471 perstrin-

152 2490 234 2540 git,
277 2489 389 2529 velut
431 2488 642 2527 Simonidis
686 2501 746 2537 ep.
788 2489 872 2527 140
915 2488 1093 2527 inserens
1137 2489 1311 2538 quaerit:
1362 2484 1414 2539 μὴ
1459 2485 1525 2526 καὶ
1567 2489 1680 2527 τοῦτο

152 2550 332 2602 Κλεάδας
360 2550 388 2606 ἥ
418 2569 474 2601 τις
499 2550 629 2602 ἄλλος,
654 2545 686 2592 ὦ
711 2547 910 2604 Ἡρόδοτε,
935 2549 1163 2593 κολακεύων
1187 2549 1256 2601 τὰς
1281 2549 1412 2601 πόλεις
1437 2549 1680 2604 ἕπέγραψεν;

151 2621 193 2658 et
222 2632 360 2659 rursus
399 2632 429 2658 c.
463 2620 518 2658 43
557 2631 636 2657 non
675 2619 760 2656 sine
797 2617 1105 2668 exaggeratione
1143 2618 1403 2657 historiarum
1446 2616 1680 2667 scriptorem

150 2685 371 2724 insectatur
415 2679 543 2737 (κεινὰ
588 2679 631 2722 δὲ
673 2678 921 2734 πολυάνδρια
963 2678 1162 2733 τιμώμενα
1199 2679 1394 2732 ἑκάστοις,
1432 2680 1599 2732 ψευδῶν
1637 2679 1681 2722 δὲ

152 2744 390 2802 γραμμάτων
436 2746 566 2800 μεστοὶ
607 2747 787 2799 τρίποδες
829 2745 957 2787 ἑστᾶσι
998 2745 1066 2786 καὶ
1108 2745 1236 2799 βωμοὶ
1277 2742 1385 2799 παρὰ
1413 2749 1495 2794 τοῖς
1535 2742 1682 2801 θεοῖς),

153 2827 292 2854 verum
324 2827 464 2865 reapse
490 2813 591 2853 nihil
622 2813 802 2864 protulit,
840 2825 918 2865 quo
955 2811 1151 2852 Herodoti
1187 2812 1306 2853 fidem
1342 2813 1384 2852 in
1416 2812 1490 2852 hac
1521 2812 1679 2866 quidem

154 2880 346 2920 memoria
369 2880 556 2921 elevaret.
