1864 3126
820 118 1020 156 SAPPHO.
1629 115 1687 158 95

818 228 885 270 18.
919 228 1025 280 {12}

221 308 402 367 Ἀρτίως
432 307 478 367 μ’
513 306 540 353 ἀ
574 308 923 366 χρυσοπέδιλλος
956 307 1099 361 Αὕως.

817 452 883 495 19.
918 453 1025 506 [83]
1619 461 1688 493 885

226 572 236 581 .
268 572 277 582 .
309 569 318 579 .
350 572 359 580 .
392 533 549 587 Πόδας
580 535 634 580 δέ

154 688 390 725 referendum
415 699 497 725 esse
523 688 573 725 ad
598 688 821 725 vocabulum
841 686 1067 734 σταλαγμόν,
1094 689 1194 734 quod
1213 688 1469 734 praecesserit,
1495 699 1581 723 usus
1600 687 1688 734 Ety-

155 737 244 774 mol.
275 735 376 783 vulg.
408 735 641 772 testimonio:
673 747 770 782 quae
805 736 1020 772 coniectura
1054 748 1150 772 nunc
1182 737 1293 782 plane
1324 736 1472 771 firmata
1496 738 1569 781 est,
1601 747 1688 772 nam

153 784 222 821 ills.
257 784 374 821 verba
410 782 591 838 Sapphici
628 795 757 820 versus
794 795 967 820 numeros
1001 785 1205 821 ostentant.
1269 783 1342 819 Sed
1374 794 1441 829 pro
1473 781 1688 840 στάλαγμον

155 831 282 868 nescio
307 842 354 867 an
379 832 517 868 rectius
544 828 755 878 στάλυγμον
780 831 975 877 scribatur,
1002 831 1047 867 cf.
1075 833 1270 868 Anacreon
1295 830 1338 866 fr.
1360 834 1406 866 44
1431 826 1689 876 ἄνασταλυζω,

154 878 315 926 Hesych.
341 875 541 922 ἀστυλάζει
565 878 604 924 (ἰ.
630 890 661 915 e.
687 875 900 925 ἄσταλύζει)
930 881 1133 924 λυπεῖ(ται)
1166 876 1258 925 μετὰ
1286 879 1487 924 κλαυθμοῦ
1513 880 1553 914 et
1576 876 1689 914 ἀστα-

154 930 294 973 λυχείν,
319 927 477 962 κλαίειν.
509 947 553 952 —-
585 926 756 963 Alterum
786 927 828 963 fr.
860 927 966 963 extat
994 927 1032 963 in
1065 927 1122 963 Et.
1148 927 1197 963 M.
1224 930 1307 970 335,
1332 931 1395 963 38:
1431 923 1487 961 Τὰ
1522 923 1593 971 γὰρ
1619 924 1689 962 δύο

156 986 200 1011 σσ
239 973 293 1016 εἰς
330 972 577 1021 ζτρέπουσιν
610 973 770 1015 Αἰολεῖς·
808 972 850 1010 τὸ
889 972 960 1020 γὰρ
992 972 1206 1020 ἐπιπλήσσω
1240 971 1441 1017 ἐπιπλάζω.
1499 972 1689 1018 Σαπφώ·

160 1019 251 1059 Τόν
283 1019 321 1057 δ’
356 1018 649 1066 ἐπιπλάζοντ’
689 1021 828 1068 (Miller
858 1021 962 1058 Misc.
996 1026 1064 1058 110
1097 1019 1381 1066 ἐπιπολάζοντ’)
1414 1018 1579 1067 ἄνεμοι
1610 1020 1690 1066 φέ-

155 1082 294 1115 ροιεν.
343 1069 499 1105 Auctius
526 1069 723 1106 Herodian.
756 1069 843 1116 περὶ
869 1083 951 1116 μον.
977 1068 1050 1113 λέξ.
1077 1074 1140 1116 23,
1168 1074 1229 1106 12:
1262 1067 1304 1105 τὸ
1331 1068 1380 1105 δὲ
1412 1065 1508 1104 αὐτὸ
1536 1066 1598 1105 ἐπὶ
1623 1070 1690 1105 τοῦ

156 1115 295 1161 πλάζω.
349 1114 438 1152 Τὸν
470 1114 519 1152 δὲ
554 1113 975 1162 ἕπιπλάζοντεςᾶν
1009 1115 1110 1164 ἐμοὶ
1141 1131 1182 1163 φ.
1215 1117 1293 1153 καὶ
1318 1117 1580 1163 μελεδῶναι
1606 1113 1691 1151 ἀντὶ

156 1164 224 1201 τοῦ
249 1161 549 1210 ἐπιπλήσσοντες.
595 1164 760 1200 Verbum
791 1162 918 1208 πλάζω
951 1164 1038 1201 hinc
1068 1165 1177 1201 affert
1201 1164 1402 1201 Herodian.
1434 1163 1522 1208 περὶ
1547 1161 1688 1210 διχρόν.

156 1216 237 1250 360.
265 1211 409 1248 Seidler
434 1211 585 1266 scripsit
608 1209 675 1248 τὸν
700 1209 737 1248 δ’
759 1209 1004 1256 ἐπιπλάζοντ’
1033 1209 1170 1259 ἄνεμοι
1189 1225 1274 1259 φερ.
1294 1213 1360 1248 καὶ
1379 1210 1587 1258 μελέδωνα,
1611 1211 1635 1248 i.
1657 1223 1687 1247 e.

156 1260 353 1296 custodemz
384 1261 425 1296 at
456 1260 652 1306 epitheton
676 1259 771 1296 illud
796 1260 919 1296 ventis
944 1260 1070 1306 potius
1090 1261 1276 1307 convenit,
1300 1260 1429 1305 itaque
1455 1259 1586 1305 scripsi
1612 1256 1690 1295 ἑπι-

157 1304 362 1351 πλοὶζοντες
385 1303 497 1354 οἴμοι
523 1335 530 1342 .
553 1336 560 1343 .
583 1336 591 1343 .
617 1306 682 1343 καὶ
707 1304 1005 1354 μελεδώναις,
1037 1308 1085 1345 cf.
1114 1308 1271 1353 Hesych.
1303 1304 1478 1354 Ἅμώνας.
1511 1303 1579 1348 τὰς
1603 1304 1691 1343 ἅνε-

157 1353 285 1402 μῶνας
309 1353 472 1402 Αἰολεῖς,
497 1355 597 1391 unde
623 1355 739 1391 etiam
765 1355 958 1392 descendit
983 1353 1228 1402 μεταμώνιος.
1278 1355 1321 1391 In
1345 1366 1438 1391 voce
1463 1352 1604 1400 ἄνεμος
1629 1366 1691 1391 ex-

156 1402 248 1439 trita.
273 1403 331 1439 est
355 1404 399 1446 E,
434 1402 750 1448 quemadmodum
781 1399 905 1448 ἄφνος
938 1414 1007 1449 pro
1038 1400 1184 1447 ἄφενος
1209 1403 1364 1446 dicitur,
1394 1402 1481 1438 inde
1507 1403 1696 1438 ΑΜΜΟΣ

158 1451 295 1495 ortum,
320 1461 548 1495 quamquam
574 1450 710 1486 Aeole‘s
736 1450 831 1486 alias
858 1451 980 1487 solent
1003 1451 1042 1486 in
1066 1451 1338 1487 assimilatione
1363 1449 1502 1486 r'adicis
1526 1450 1692 1485 litteram

158 1508 396 1542 conservare,
432 1497 530 1533 unde
563 1495 686 1543 ὄππα,
723 1494 895 1543 γρόππα,
932 1495 1079 1534 ἄλιππα
1116 1498 1307 1543 dixerunt,
1340 1509 1424 1534 cum
1458 1496 1693 1533 Doriensium

161 1556 282 1581 sermo
308 1544 471 1591 origines
497 1545 696 1581 verborum
722 1545 921 1581 obscurare
953 1556 1029 1581 non
1053 1545 1300 1589 dubitaverim
1333 1545 1494 1588 denique
1520 1544 1695 1601 neglecta.

157 1591 413 1639 geminatione
445 1592 488 1628 fit
518 1589 630 1639 ἆμος,
664 1593 979 1638 quemadmodum
1016 1593 1152 1630 Aeoles
1182 1591 1296 1639 γόνα,
1335 1590 1485 1638 κάλιον,
1522 1594 1695 1633 καλιστος

159 1640 343 1677 dixerunt.
394 1640 436 1676 In
459 1639 673 1684 vocabulis,
705 1652 802 1686 quae
827 1641 876 1676 ab
900 1637 1042 1686 ἄνεμος
1072 1641 1322 1685 descendunt,
1352 1640 1459 1676 velut
1488 1635 1624 1686 ἇμῶνα
1655 1643 1696 1675 et

159 1685 415 1734 μεταμώνιος,
439 1687 511 1723 hoc
537 1687 801 1734 compendium
820 1688 916 1724 nulli
935 1688 1162 1725 dubitationi
1190 1687 1402 1733 obnoxium,
1428 1687 1475 1723 de
1494 1686 1695 1734 principali

158 1735 276 1772 verbo
307 1735 466 1772 fortasse
496 1734 632 1780 aliquis
665 1735 862 1781 scrupulus
894 1736 1059 1772 haereat.
1111 1737 1240 1782 Itaque
1266 1735 1382 1772 aliam
1413 1735 1600 1771 medelam
1625 1734 1694 1771 cir-

159 1782 361 1829 cumspexi.
399 1782 440 1818 Si
451 1780 652 1819 Aeolenses
676 1784 811 1830 poetae
836 1795 911 1820 non
935 1795 1086 1830 prorsus
1111 1784 1262 1820 dualem
1281 1794 1477 1819 numerum
1502 1783 1694 1828 aspernati

160 1831 259 1875 sunt,
277 1829 399 1876 possis
425 1827 671 1874 ἐπιπλάζοντε
698 1828 834 1877 ἄνεμοι
853 1831 1026 1877 scribere,
1052 1832 1118 1868 sed
1143 1833 1288 1878 pugnat
1306 1831 1376 1867 hoc
1395 1831 1554 1867 adversa
1571 1829 1695 1866 fronte

158 1889 244 1914 cum
271 1879 439 1915 veterum
458 1878 789 1925 grammaticorum
809 1878 1047 1915 auctoritate.
1089 1891 1318 1925 quamquam
1344 1878 1478 1915 Boeoti
1496 1888 1572 1913 non
1590 1878 1695 1923 igno-

162 1926 258 1961 rant.
309 1926 386 1962 Iam
413 1925 470 1962 Et.
497 1926 546 1962 M,
579 1925 772 1972 Sapphoni
802 1927 936 1963 tribuit
968 1926 1124 1963 verbum
1158 1926 1426 1973 compositum,
1458 1925 1695 1961 Herodianus

161 1974 286 2009 autem
311 1971 456 2017 πλάζω,
481 1984 556 2009 non
581 1973 703 2010 solum
727 1974 767 2009 in
792 1973 922 2010 libello
947 1987 986 2010 π.
1013 1986 1094 2021 μον.
1120 1977 1164 2019 λ.,
1190 1973 1255 2011 sed
1281 1974 1395 2010 etiam
1420 1986 1458 2009 π.
1485 1975 1580 2019 διχρ.
1607 1977 1694 2008 36οε

160 2018 207 2056 τὰ
233 2018 299 2056 διὰ
324 2021 392 2056 τοῦ
418 2022 494 2064 αζω
520 2018 725 2070 δισύλλαβα
751 2020 939 2057 συστέλλει
963 2019 1006 2057 τὸ
1032 2026 1069 2068 ἅ,
1101 2019 1394 2068 ὑπεσταλμένων
1419 2021 1494 2056 τῶν
1521 2019 1694 2064 Αἰολέων,

160 2065 226 2104 διὰ
251 2065 293 2103 τὸ
319 2065 446 2111 πτάζω
466 2067 531 2104 καὶ
549 2066 676 2111 πλάζω
697 2065 922 2115 ἐπιπλήσσω.
960 2081 1055 2116 quae
1075 2070 1191 2106 Lehrs
1211 2068 1456 2115 interpolavit
1473 2069 1539 2103 καὶ
1557 2066 1695 2112 πλάζω,

162 2111 276 2151 ὅθεν
303 2112 536 2159 ἐπιπλάζω
562 2112 666 2151 ἀντὶ
687 2116 770 2152 τοῦ
797 2114 1021 2163 ἐπιπλήσσω,
1048 2129 1161 2163 quem
1179 2118 1329 2154 secutus
1349 2118 1406 2153 est
1423 2115 1539 2151 Lentz
1556 2115 1693 2151 Herod.

161 2161 195 2197 Π
223 2167 284 2207 143
310 2163 408 2199 unde
432 2163 552 2210 possis
577 2163 760 2210 suspicari
785 2164 877 2200 olim
902 2164 1085 2211 scriptum
1111 2165 1247 2202 fuisse:

545 2232 622 2270 Τὸν
647 2233 690 2271 δὲ
716 2232 967 2279 κλάζοντες
991 2233 1128 2282 ἄνεμοι
1153 2234 1321 2282 φέροιεν.

164 2304 262 2340 unde
286 2304 443 2350 proclivi
470 2287 592 2342 errore
617 2302 886 2350 ἐπιπλάζοντες
917 2308 1048 2343 ortum.
1094 2307 1233 2343 Verum
1258 2306 1406 2351 syllaba
1436 2315 1572 2351 anceps
1592 2316 1695 2351 pror·

165 2363 228 2388 sus
254 2351 433 2388 abhorret
458 2353 506 2388 ab
530 2355 611 2389 arte
636 2352 857 2390 Lesbiorum
882 2356 1090 2400 poetarum,
1116 2366 1237 2399 neque
1262 2353 1495 2389 Doriensium
1521 2352 1697 2399 prosodia.

163 2400 360 2445 γυναίκες,
384 2396 531 2441 utorium
554 2399 784 2437 abutendum
809 2401 858 2437 ad
883 2402 979 2438 hanc
1005 2402 1194 2438 licentium
1227 2400 1510 2437 defendendam.
1562 2400 1695 2445 Itaque

165 2447 280 2483 etiam
305 2459 404 2484 nunc
428 2444 519 2494 ἅμοι
543 2450 662 2484 tueor.

258 2542 319 2578 Fr.
347 2546 402 2579 18.
451 2543 622 2599 Ammpn.
644 2546 707 2578 23:
727 2538 947 2589 “Αμαρτάνει
966 2541 1141 2590 Σαπφὼ
1161 2541 1341 2589 λέγουσα·
1365 2540 1535 2596 Ἀρτίως
1560 2539 1695 2597 μὲν-ἆ

165 2588 495 2672 χὲυσοπέᾴιλος
520 2603 576 2625 αυ
602 2586 658 2631 ὡς
677 2587 762 2626 ἀντὶ
781 2591 958 2637 χρονικοῦ
980 2588 1240 2637 ἐπιρρήματος.
1261 2588 1301 2637 μ’
1323 2587 1348 2626 ἁ
1370 2590 1515 2626 Seldler
1534 2593 1695 2636 scripsit,

165 2650 190 2672 α
218 2650 268 2678 ως
292 2636 471 2684 Scaliger,
496 2637 639 2674 Ahreus
664 2638 860 2683 praeterea
883 2638 1179 2685 χρυτοπέὸιλλος.

261 2731 319 2768 Fr.
348 2736 403 2769 19.
454 2732 577 2769 Schol.
604 2731 794 2779 Aristoph.
828 2732 913 2769 Pac.
948 2736 1055 2769 1174:
1089 2730 1326 2777 Διαφέρουσι
1358 2728 1429 2777 γὰρ
1462 2729 1506 2767 αῖ
1533 2732 1697 2768 Αυὸικαὶ

168 2779 309 2827 βαφαί,
340 2779 406 2816 καὶ
421 2776 584 2827 Ὄμηρος
611 2810 618 2816 .
646 2808 653 2815 .
681 2779 745 2815 καὶ
770 2777 939 2825 Σαπφώ·
971 2777 1072 2815 πόδα
1098 2777 1139 2814 δὲ
1173 2782 1246 2814 κτλ.
1297 2778 1351 2815 Cf.
1380 2778 1512 2815 Pollux
1538 2778 1606 2815 vn
1632 2783 1694 2815 93:

170 2823 226 2862 Τὰ
252 2825 383 2873 μέντοι
410 2830 488 2874 Τυρ
537 2826 625 2864 νικά
653 2828 711 2872 εἴη
742 2823 792 2863 ἂν
823 2824 844 2863 ὁ
876 2828 1065 2872 Σακφοῦς
1096 2824 1286 2873 μάσθλης,
1318 2827 1495 2867 Ποικίλος
1525 2823 1697 2872 μάσθλης

167 2870 249 2910 εἷπε
288 2876 377 2922 (om.
413 2874 494 2912 Bek
523 2878 547 2921 .)
584 2872 729 2911 Λύδιον
766 2871 883 2911 καλὸν
922 2876 967 2920 (Δ
1004 2872 1138 2919 κακὸν)
1177 2872 1299 2919 ἔργον.
1337 2895 1379 2900 -—
1423 2874 1466 2909 V.
1506 2879 1536 2910 1.
1575 2872 1698 2915 πόδας
