1864 3126
218 121 303 165 190
704 95 706 99 ’
776 121 965 159 POETAE
991 122 1167 159 MELICI.

213 237 362 286 μετρεῖν
394 233 580 286 βραϊδίως
610 229 783 285 ἀστέρας.
821 234 879 272 ita
910 234 1012 272 enim
1045 235 1100 273 ibi
1133 235 1290 286 scripsi,
1324 248 1414 274 cum
1446 236 1487 274 in
1517 236 1649 276 codice
1680 237 1734 276 sit

212 295 351 351 εὑρεῖν,
395 312 511 348 quam
551 299 867 338 emendationem
905 299 1001 338 satis
1040 301 1290 339 commendat
1332 301 1462 345 Nicet.
1492 301 1645 351 Eugen.
1674 301 1733 340 IV

212 367 316 403 411:
348 365 474 403 Δοκεῖ
499 361 541 402 δέ
572 363 641 414 μοί
667 379 742 414 τις,
779 359 830 402 ἂν
861 361 1040 416 παρέλθῃ
1071 363 1136 403 καὶ
1168 358 1278 418 φύγῃ
1307 361 1463 416 ’Έρωτα
1499 361 1567 404 τὸν
1595 362 1732 418 τύραν-

212 443 284 468 νον
309 426 591 479 ἐπτερωμένον,
617 426 683 467 καὶ
706 423 797 475 τοὺς
823 423 887 478 ἐφ’
920 424 1054 479 ὕψους
1079 425 1321 481 ἕκμετρήσειν
1347 425 1525 482 ἀστέρας,
1557 433 1603 470 ut
1626 443 1733 470 asso-

212 495 268 532 let
301 493 501 532 Theocriti
530 493 704 544 vestigia
731 494 879 545 legens.

931 609 1027 652 143.

329 694 392 732 Et.
424 694 476 733 M.
510 696 607 743 344,
641 696 683 734 6:
715 693 867 733 ἔννεον·
906 692 984 732 ἔστι
1014 693 1120 746 ῥῆμα
1150 692 1243 734 νέω·
1283 690 1303 734 ὅ
1334 691 1592 746 παρατατικὸς
1622 694 1734 736 ἔνεον

210 756 276 797 καὶ
307 760 537 814 πλεονασμῷ
567 761 636 798 τοῦ
667 757 692 796 ‘T‘
723 757 870 798 ἔννεον.
902 759 972 796 ubi
998 758 1173 809 Sylburg
1197 759 1312 810 ναίω,
1336 760 1371 798 D
1397 762 1486 810 νεῶ,
1517 763 1654 800 contra
1677 761 1732 800 V:

209 819 251 862 τὸ
278 822 382 875 ρ”ἥμα
407 821 501 861 νέω·
523 819 740 870 Ἀλκαῖος
771 819 916 873 αὐτῆς
941 820 1040 862 ἐπεὶ
1064 824 1271 876 χείρεσσι
1295 823 1418 867 νέον.
1467 827 1598 866 Miller
1623 826 1732 865 Misc.

214 890 295 926 114
341 883 486 939 αὐτὰρ
529 886 646 939 ε’πῆν
691 888 866 940 χείρεσι
910 884 1030 927 νέον.
1094 889 1172 928 Sed
1209 890 1347 929 Alcaei
1382 904 1524 930 nomen
1566 892 1616 930 ab
1659 892 1733 930 hoc

209 954 294 992 loco
327 953 500 991 alienum
533 953 701 1003 videtur,
733 954 842 1003 prior
873 953 1009 1002 glossa
1040 952 1176 994 ἔννεον
1208 955 1259 993 ad
1289 955 1336 993 Il.
1362 971 1393 1005 φ
1428 958 1478 994 11
1513 957 1732 1006 referenda,

207 1019 332 1058 verba
362 1020 509 1067 autem,
540 1031 641 1068 quae
673 1019 819 1058 Alcaeo
851 1019 1094 1068 tribuuntur,
1127 1022 1220 1058 sunt
1251 1020 1381 1069 petita
1413 1033 1460 1059 ex
1485 1020 1557 1061 Od.
1583 1035 1600 1060 ε
1626 1023 1732 1061 344:

210 1078 396 1122 Κάλλιπ’·
429 1079 525 1134 ἆτὰρ
555 1083 719 1135 χείρεσσι
749 1082 852 1122 νέων
883 1082 1059 1134 ἐπιμαίεο
1091 1079 1234 1123 νόστου
1269 1080 1334 1136 (ef.
1368 1077 1531 1125 Cramer
1561 1086 1636 1125 An.
1662 1085 1733 1126 Ox.
1745 1091 1814 1123 963

209 1148 229 1186 Ι
261 1150 344 1187 292
378 1150 419 1186 et
452 1144 566 1201 298).
597 1147 734 1188 Alcaei
764 1149 889 1199 igitur
920 1149 1143 1198 exemplum
1174 1146 1391 1197 intercidit,
1423 1149 1500 1188 nisi
1530 1150 1634 1189 forte
1665 1165 1733 1201 po-

209 1213 290 1251 tius
321 1212 524 1252 Alemanis
554 1227 697 1253 nomen
729 1214 1066 1264 substituendum,
1107 1228 1199 1254 nam
1229 1216 1401 1255 fortasse
1432 1215 1599 1254 Alcman
1628 1217 1733 1256 hunc

208 1278 373 1316 Homeri
404 1291 565 1317 versum
597 1280 793 1328 expressit
817 1279 859 1316 in
883 1291 929 1318 co
955 1281 1138 1328 carmine,
1167 1280 1277 1327 cuius
1302 1280 1493 1329 reliquiae
1519 1283 1735 1330 supersunt

208 1343 255 1381 fr.
289 1344 342 1381 28
376 1356 456 1392 seq.
520 1342 625 1382 Olim
666 1343 891 1383 existimavi
930 1344 1065 1383 Alcaei
1101 1358 1245 1384 nomen
1287 1346 1486 1394 pertinere
1530 1345 1581 1383 ad
1622 1358 1732 1395 prae-

211 1407 414 1444 cedentem
447 1407 623 1457 glossam
637 1408 916 1459 Etymologici
936 1409 988 1448 M.
1014 1407 1122 1460 ἕννη,
1141 1410 1198 1448 ita
1217 1412 1262 1448 ut
1281 1410 1427 1448 Alcaeo
1453 1410 1732 1449 vindicandum

209 1471 263 1509 sit
292 1471 342 1511 fr.
367 1471 462 1521 Lyr.
492 1472 589 1511 Inc.:
621 1475 757 1520 Μᾶλις
783 1469 854 1524 μὲν
878 1471 987 1524 ἕννη,
1012 1470 1151 1513 λεπτὸν
1175 1470 1293 1526 ἕχοισ’
1322 1469 1383 1513 ἐπ’
1412 1469 1586 1525 ἆτροὶκτω
1611 1473 1731 1513 λίνον.

839 1589 934 1630 144.
967 1589 1103 1641 [120]

325 1672 516 1712 Priscian.
549 1673 626 1711 VII
660 1676 704 1713 7:
743 1673 807 1724 „in
830 1674 1071 1716 ‚foemininis
1113 1669 1208 1728 (om.
1241 1675 1324 1713 cod.
1355 1675 1558 1714 Halberst.
1591 1677 1730 1725 estque

209 1738 345 1786 aperte
382 1737 545 1786 falsum,
585 1741 704 1788 atque
742 1733 876 1778 omisit
913 1739 1036 1778 etiam
1067 1734 1210 1791 Hertz)
1249 1739 1370 1778 etiam
1407 1740 1577 1778 Alcaeus
1610 1736 1728 1792 Νήρη

210 1815 281 1851 pro
313 1798 455 1853 Νήρης
486 1803 631 1853 posuit,
665 1806 706 1841 et
738 1804 1017 1854 Theopompus
1050 1800 1166 1855 Χᾶρη
1198 1817 1269 1854 pro
1301 1800 1478 1855 Χάρης.“
1509 1801 1627 1856 Νήρη
1658 1817 1729 1854 pro

207 1862 348 1918 Νήρης
374 1867 495 1905 Hertz
523 1868 694 1917 scripsit,
719 1867 760 1906 in
785 1868 898 1907 libris
926 1870 987 1907 est
1006 1869 1173 1918 NEPH,
1192 1869 1357 1918 NEPE,
1376 1881 1480 1917 nepe,
1500 1870 1629 1918 nephe.

926 1982 1021 2024 145.

327 2067 538 2106 Herodian.
570 2065 656 2119 περὶ
688 2082 772 2118 μον.
804 2064 876 2114 λέξ.
910 2069 978 2117 24,
1011 2070 1054 2106 6:
1097 2067 1149 2106 Οἷ
1184 2064 1258 2120 γὰρ
1289 2066 1377 2119 περὶ
1403 2064 1584 2107 Ἀλκαῖον
1620 2065 1728 2107 ὅϊὸα

206 2129 360 2184 λέγουσι
390 2128 663 2184 τρισυλλάβως.
726 2131 785 2171 Cf.
818 2132 1028 2171 Herodian.
1061 2145 1124 2182 ap.
1157 2132 1293 2182 Steph.
1326 2133 1418 2182 Byz.
1449 2147 1486 2172 v.
1512 2133 1641 2184 Καρία
1678 2134 1727 2172 de

205 2197 344 2235 formis
375 2193 526 2248 Κάειρα
558 2197 640 2236 sive
671 2193 802 2246 Κάϊρα
834 2199 875 2235 et
905 2198 1036 2248 Καῐρα
1067 2197 1292 2247 disputans:
1330 2195 1407 2236 ἔστι
1438 2192 1512 2249 γὰρ
1543 2193 1604 2236 ’ὅτε
1635 2194 1727 2249 μετὰ

205 2257 277 2311 τὴν
317 2261 506 2313 διαίρεσιν
543 2260 693 2309 ἕκτασις
722 2261 906 2314 γίγνεται,
939 2257 1118 2313 ὀΐομαι,
1158 2258 1291 2314 ι’)’ϊγον
1322 2258 1399 2315 (ita
1429 2263 1512 2312 RV,
1543 2263 1579 2300 A
1609 2258 1726 2315 ὅϊον),

207 2323 281 2365 ὅϊδ
289 2342 314 2364 α
350 2322 445 2378 παρ’
492 2326 702 2365 Αἰολεῦσιν
745 2322 832 2365 ἀντὶ
873 2328 942 2366 τοῦ
982 2321 1083 2366 οἶδα.
1149 2328 1291 2377 Itaque
1329 2340 1418 2366 cum
1461 2322 1592 2378 ὀΐομαι
1634 2340 1727 2376 pro-

206 2391 366 2429 ductam
385 2392 562 2430 vocalem
588 2402 603 2428 ῖ
626 2392 713 2430 e'sse
737 2391 985 2440 testificetur,
1012 2392 1183 2431 fortasse
1209 2392 1354 2442 aliquis
1380 2391 1580 2431 existimet
1604 2391 1726 2429 etiam

206 2456 360 2506 reliqua
399 2456 578 2505 exempla
621 2456 799 2495 ciusdem
835 2456 944 2494 modi
975 2469 1079 2506 esse,
1118 2457 1188 2495 sed
1223 2458 1298 2495 hoc
1335 2457 1540 2495 incertum.
1591 2451 1726 2507 ’Όϊγον

206 2521 387 2559 Meineke
418 2520 707 2569 interpretatur
738 2515 849 2572 οἶγον
887 2516 930 2573 (a
960 2522 1082 2561 verbo
1115 2516 1246 2573 οἴγω),
1283 2521 1360 2559 nisi
1397 2521 1499 2559 forte
1536 2519 1589 2558 sit
1619 2515 1725 2558 ὅϊτον

204 2586 229 2625 i.
257 2599 290 2624 e.
321 2581 427 2624 οἶτον
458 2585 730 2625 scribendum:
762 2587 858 2624 mihi
889 2589 1075 2626 neutrum
1100 2587 1242 2635 placet,
1275 2586 1344 2624 sed
1374 2597 1445 2634 pro
1476 2580 1566 2623 ὅϊδα
1596 2584 1724 2633 possis

206 2647 316 2699 ὤϊδα,
347 2651 452 2700 apud
484 2650 737 2690 Theocritum
769 2652 909 2701 scripsi
939 2647 1012 2691 οὐκ
1043 2644 1216 2701 ὄΐδησθα
1245 2651 1414 2699 utraque
1445 2648 1568 2688 brevi.

836 2771 931 2813 146.
965 2770 1099 2823 [115]

325 2855 453 2895 Schol.
485 2856 609 2895 Arist.
641 2856 714 2895 Av.
751 2857 880 2895 1648:
919 2851 1175 2907 Διαβάλλεται
1207 2884 1215 2892 .
1244 2884 1252 2892 .
1279 2885 1286 2892 .
1325 2852 1387 2892 ἐπὶ
1423 2855 1492 2892 τοῦ
1528 2852 1723 2900 ἐξαπατᾶν
