1864 3126
0 0 37 124 ἔ
55 88 100 113 ..r-

0 120 18 169 ξ’
50 122 86 175 ,ζ’
805 130 1021 169 Ancum.
1457 165 1463 172 .
1618 128 1677 172 65

793 241 861 284 93.
896 241 1033 295 [105]
1606 249 1677 282 seo

204 325 295 371 Καὶ
327 325 557 384 Κέρκυρος
587 321 769 382 ἁγεῖται.

792 444 862 487 94.
894 443 1032 497 [106.]

192 526 327 574 'Dum
358 526 416 587 δὴ
448 525 564 586 yma&
597 532 706 585 εἴην.

794 647 863 691 95.
898 647 1035 701 [126]

209 730 304 777 Τὰν
337 733 513 778 Μῶσαν
544 734 791 783 καταῦσεῖς.

793 851 862 894 96.
898 849 1035 904 [109]

212 937 314 980 Τῶν
347 935 396 979 ἐν
427 936 651 994 Θεσσαλίᾳ
680 936 851 978 κλείτει.

243 1090 301 1126 Fr.
329 1093 386 1126 93.
432 1089 489 1144 Et..
515 1089 572 1125 M.
592 1092 673 1132 506,
699 1091 762 1124 20:
788 1085 972 1145 Κέρκυρ.
1023 1082 1203 1132 .Ἀλκμάν
1229 1097 1339 1131 φησι·
1374 1085 1449 1121 Καὶ
1470 1087 1514 1121 K.
1536 1082 1684 1131 ἡγεῖται

146 1134 224 1175 ἀπὸ
252 1135 412 1178 εὐθείας
442 1136 509 1182 τῆς
533 1135 702 1182 Κέρκυρ,
736 1131 820 1171 ἀλλ’
853 1131 923 1176 οὐκ
957 1135 1113 1181 εἴρηται.
1159 1133 1214 1169 Cf.
1240 1133 1298 1170 Et.
1325 1132 1421 1169 Gud.
1447 1137 1528 1178 316,
1555 1136 1610 1168 39.
1640 1153 1682 1158 -

149 1185 291 1232 Scripsi
315 1182 485 1231 ἁγεῖται,
511 1183 771 1220 Schneidewin
796 1179 946 1228 ἁγῆται.

185 1305 189 1307 -
242 1280 302 1316 Fr.
329 1282 386 1317 94.
435 1279 496 1318 Et.
522 1279 571 1315 M.
598 1282 680 1325 620,
706 1281 768 1315 35:
783 1275 904 1314 Ὅκκα
924 1275 967 1314 δε
987 1274 1202 1335 τύντὶεῖην·
1231 1274 1334 1323 παρὰ
1351 1274 1533 1323 Ἀλκμᾶνι,
1558 1273 1600 1311 τὸ
1622 1272 1682 1311 ὅτε

149 1341 223 1365 οκα
247 1324 398 1374 adreci]
425 1323 630 1371 διάλεκτος,
657 1307 740 1363 εἶτα
765 1323 1043 1362 διπλασιάσασα
1069 1336 1184 1362 οκκα·
1211 1325 1316 1382 Περὶ
1326 1324 1477 1362 παθῶν.
1503 1323 1555 1359 At
1569 1323 1684 1378 Apol-

150 1377 236 1412 Ιοιι.
251 1375 296 1412 de
320 1374 414 1411 Adv.
440 1374 479 1411 ἱιι
504 1373 786 1411 Bekk.An.11
811 1378 897 1410 606:
929 1369 990 1409 ὅτε
1024 1369 1098 1409 ὅκα
1129 1373 1195 1408 καὶ
1226 1370 1320 1420 μετὰ
1352 1372 1533 1419 περισσοῦ
1557 1371 1626 1407 τοῦ
1651 1384 1684 1407 κ.

149 1420 247 1460 ὅκκα
272 1420 320 1469 δὴ
345 1419 454 1469 γυνή.
481 1443 525 1449 —
553 1421 691 1468 Scripsi
716 1418 826 1468 γυνά.

243 1518 302 1554 Fr.
329 1520 386 1554 95.
436 1517 542 1553 Eus’t.
568 1516 610 1552 11.
640 1520 742 1561 1547,
769 1519 832 1552 50.
859 1515 972 1561 Λέγει
996 1514 1040 1551 δὲ
1066 1514 1131 1551 καὶ
1146 1511 1317 1562 Ἀλκμάν·
1343 1512 1413 1551 τὰν
1434 1515 1580 1562 μοῦσαν
1601 1526 1686 1550 κατ-

150 1562 280 1607 amicus
304 1561 391 1601 ἀντὶ
415 1564 482 1600 τοῦ
507 1561 720 1609 ἀφανίσειε.
747 1584 791 1590 -
817 1563 965 1599 Μῶσαν
990 1563 1179 1607 Welcker·
1206 1563 1410 1604 καταϋσεῖς
1435 1574 1505 1609 ego
1532 1563 1685 1599 correxi.

152 1613 249 1649 Sane
274 1611 495 1649 Eustathius
521 1611 599 1648 sive
630 1613 763 1647 auctor
788 1622 900 1656 quem
925 1610 1115 1668 sequitur
1118 1591 1234 1646 refert
1257 1610 1306 1646 ad
1332 1607 1441 1646 αὔειν
1467 1621 1589 1653 urere,
1615 1609 1686 1646 ita-

152 1672 225 1707 que
250 1659 359 1696 addit
383 1659 530 1695 Atticos
554 1659 718 1705 aspirare
743 1659 953 1714 καθαῦσαι,
979 1658 1067 1694 hinc
1091 1654 1295 1703 αφανίσεις
1325 1657 1594 1704 interpretatur
1622 1656 1685 1702 (cf.

150 1709 239 1745 Hes.
263 1707 482 1744 καθαῦσαι·
508 1703 712 1752 ἀφανίσαι)
739 1708 851 1752 atque
876 1706 958 1752 ipse
977 1707 1090 1742 antea
1114 1706 1187 1742 hoc
1206 1706 1355 1742 secutus
1374 1718 1468 1750 sum,
1494 1705 1688 1750 tuitusque

151 1757 210 1792 est
233 1754 394 1792 Lobeck.
422 1754 535 1801 soph.
563 1754 620 1790 Ai.
646 1766 683 1800 p.
717 1758 785 1790 357
818 1753 998 1811 exemplis
1029 1753 1207 1799 speciosis
1240 1764 1340 1798 sane,
1373 1754 1438 1789 sed
1464 1752 1687 1799 disparibus.

153 1802 475 1859 Quemadmodum
499 1802 695 1850 καταβοᾶν
721 1803 760 1838 et
784 1799 1036 1847 κατακράζειν
1062 1801 1254 1846 dicuntur,
1282 1801 1330 1837 ad
1357 1801 1516 1837 eundem
1536 1800 1690 1836 modum

151 1850 310 1887 Alcman
340 1847 522 1886 καταύειν
552 1849 760 1896 usurpavit,
786 1850 825 1886 et
852 1860 936 1885 cum
967 1848 1135 1884 futurum
1167 1847 1344 1916 diacrisin
1367 1849 1544 1893 retineat,
1571 1847 1691 1884 omnis

154 1897 384 1944 ambiguitas
408 1897 539 1944 procul
563 1897 734 1934 habetur.

248 1990 307 2030 Fr.
333 1995 390 2028 96.
441 1992 565 2029 Schol.
585 1992 695 2029 Hom.
715 1993 757 2028 11.
779 2005 806 2038 μ
825 1996 888 2029 66·
915 2005 1035 2033 ουτως
1059 1991 1124 2028 καὶ
1149 1989 1192 2027 τὸ
1217 1988 1374 2035 κλειτός,
1395 1989 1598 2035 οὐδέτερον
1616 1988 1690 2036 γὰρ

154 2035 1329 2137 3320352'2023231‘3513351.222““52.:5253.⁰.⁶“32²2⁰2
1349 2037 1690 2126 ssssssss‘i‘zfftso‘ssnffiss

154 2136 287 2172 clivum
317 2116 518 2181 significat,
546 2134 860 2182 quemadmodum
886 2136 1034 2171 κλείτεα
1059 2135 1215 2180 (κλίτεα)
1247 2100 1344 2171 dlixit
1373 2135 1547 2180 Apollon.
1577 2133 1690 2168 Rh.1

156 2187 225 2219 599
251 2183 368 2229 (idem
392 2183 618 2219 vocabulum
643 2184 854 2229 correptum
882 2182 1057 2218 adhibuit
1074 2182 1103 2217 L
1104 2183 1257 2229 y.cophr
1278 2186 1358 2218 601.
1381 2185 1475 2227 737),
1501 2181 1565 2217 sed
1590 2179 1691 2216 idem

157 2233 215 2266 est
232 2234 346 2276 atque
366 2228 482 2274 κλέος,
511 2230 704 2276 componit
722 2230 823 2266 enim
839 2229 1073 2266 Herodianus
1092 2229 1280 2266 adiectiva
1299 2232 1464 2285 oxytona
1482 2230 1522 2264 et
1538 2228 1691 2264 nomina

22 2306 28 2311 .
156 2277 248 2323 bary
252 2279 342 2313 tona
367 2276 533 2313 eiusdem
557 2277 696 2323 stirpis,
721 2278 826 2313 velut
850 2274 993 2323 μακρὸς
1018 2278 1057 2312 et
1074 2274 1117 2312 τὸ
1137 2275 1290 2323 μάκρος,
1310 2274 1455 2317 στεινὸς
1474 2277 1514 2311 et
1532 2271 1573 2311 τὸ
1595 2279 1690 2311 στεῖ-

91 2328 93 2331 “
156 2337 229 2366 νος.
207 2289 352 2360 ryadde
379 2324 495 2361 schol.
522 2325 563 2361 Il.
591 2326 632 2360 Ψ
654 2328 735 2360 419.
786 2324 945 2361 Alcman
967 2324 1125 2360 fortasse
1158 2324 1284 2370 κλήτει
1311 2324 1480 2370 scripsit,
1512 2323 1559 2359 cf.
1588 2322 1688 2358 Suid.

155 2372 308 2418 κλῆτος·
347 2368 453 2416 δόξα,
491 2373 622 2407 contra
659 2370 716 2408 Et.
750 2371 844 2408 Gud.
877 2375 967 2416 327,
1001 2375 1044 2407 55
1080 2372 1146 2407 κλ
1125 2385 1213 2417 ητος
1243 2372 1530 2429 interpretatur
1533 2371 1691 2428 πλῆθος.

159 2418 380 2477 Hesychius,
405 2430 535 2476 quem
541 2418 716 2455 adhibuit
739 2418 927 2463 Welcker,
953 2400 1132 2464 κλειτή·
1159 2420 1320 2465 κλίματι,
1345 2419 1481 2473 γωνίᾳ·
1508 2414 1531 2463 ἢ
1557 2414 1690 2463 ἀγαθὴ

158 2463 270 2510 δόξα
298 2462 321 2512 ἢ
347 2463 548 2513 ὀνομαστή.
587 2468 630 2502 ut
653 2466 750 2502 solet
773 2466 848 2502 tria.
873 2465 1022 2502 diversa
1046 2466 1232 2502 vocabula
1257 2455 1453 2502 coniunxit‘
1473 2466 1611 2501 κλείτει
1631 2464 1692 2499 vel

157 2515 274 2550 κλίτει
311 2513 355 2560 (L
382 2524 426 2550 co
405 2514 535 2607 ⁰{hr'
549 2511 643 2559 πρὸς
679 2514 796 2549 κλίτει
828 2511 1075 2597 γεωλόῖῳ),·
1075 2511 1117 2549 τὸ
1150 2514 1281 2560 κλῆτος
1313 2515 1405 2559 etv]
1431 2510 1557 2559 κλητή.
1607 2511 1692 2547 Νοιι

159 2564 259 2598 recte
296 2561 350 2598 Lo
401 2572 421 2598 c
483 2564 660 2607 Ρηματικ.
688 2563 756 2597 292
789 2560 920 2597 scribit
1028 2561 1078 2608 τῷ
1112 2561 1329 2620 Θεσσαλικῶ
1355 2562 1491 2597 κλείτει
1517 2561 1555 2595 et
1579 2559 1692 2594 inter-

158 2610 330 2655 pretatur
354 2606 509 2663 κλισμὸν
536 2604 781 2652 Θεσσαλικὸν,
806 2598 1066 2644 Schneidewin
1093 2607 1188 2644 coni.
1214 2622 1290 2651 παρ
1298 2597 1432 2653 Ἀλκμ
1435 2608 1498 2643 ἆνι
1518 2604 1560 2643 ἐν
1580 2606 1629 2654 τῷ
1650 2602 1692 2651 ε’,

158 2666 281 2702 neque
312 2655 448 2692 melius
479 2655 643 2691 Diudorf
676 2653 717 2691 ἐν
755 2656 822 2701 τῷ·
858 2652 1034 2691 &acaciam
1069 2657 1217 2692 κλείτει.
1267 2655 1423 2691 Alcman
1456 2643 1616 2690 sortasse
1647 2653 1693 2689 de

273 2715 357 2739 rum
375 2703 672 2740 Thessalicarum
691 2702 794 2738 fama
811 2702 927 2739 verba
945 2702 1038 2738 facit
1057 2703 1361 2748 quandoquidem
1381 2713 1512 2748 magos
1536 2712 1556 2737 e
1576 2701 1692 2737 Thes-

161 2749 255 2787 salia
294 2751 342 2787 ad
387 2751 488 2787 mala
528 2750 809 2787 averruncanda.
847 2749 1014 2786 Lacones
1055 2749 1234 2786 adhibere
1275 2749 1461 2795 solebant,
1493 2748 1567 2785 vid.
1602 2747 1692 2784 Mei-

161 2797 258 2834 neke
282 2798 592 2835 Poet.Com.1V
617 2801 699 2842 705,
725 2807 798 2853 quo
823 2794 972 2833 rettulit
1003 2796 1118 2833 etiam
1143 2797 1319 2843 Hesychii
1357 2797 1521 2854 glossam
1548 2797 1691 2833 Θεσσα-

0 2852 41 2991 Ξ
162 2844 289 2887 uine·
322 2842 550 2892 ἐναγιασμός
586 2858 642 2887 τις
677 2841 781 2890 παρὰ
819 2841 1014 2888 Λάκωσιν,
1046 2844 1251 2891 corrigens·
1288 2841 1565 2885 Θεσσαλιῶτας·
1606 2839 1691 2879 ἐνα-

129 2903 136 2910 ·
151 2888 292 2942 ’γωμός
316 2906 382 2934 τις.

234 2957 365 2985 Portu
383 2959 462 2985 Lu..
496 2958 555 2984 111.
1387 2953 1409 2986 6
