1864 3126
791 138 1025 178 CORINNA.
1582 135 1670 181 553

867 250 937 294 39.

256 338 451 379 Choerob.
482 337 503 377 I
536 337 589 377 75
630 331 777 391 (Bekk.
814 336 891 377 An.
922 336 984 376 111
1026 331 1178 392 1393):
1225 332 1279 377 Τὸ
1323 334 1456 388 μέντοι
1499 333 1671 377 Num

134 404 190 462 τῷ
207 398 310 459 λόγῳ
328 405 407 444 τῶν
426 404 638 456 μετοχικῶν
663 398 729 442 διὰ
754 398 824 442 τοῦ
851 415 896 441 ντ
920 401 1042 441 κλίνει
1067 396 1260 454 Κόριννα,
1294 396 1382 442 οἷον
1406 402 1454 442 N
1458 399 1476 442 ἑ
1484 401 1508 441 δ
1516 415 1672 452 οντος,

62 462 66 465 ’
94 472 97 475 ’
135 469 179 511 οἱ
204 465 248 510 ὃὸ
277 466 367 521 περὶ
390 468 574 520 Δίδυμον
598 465 666 508 καὶ
685 462 863 507 Ἀπίωνα
888 462 956 507 διὰ
978 468 1050 507 τοῦ
1076 482 1107 507 ω
1132 467 1309 508 κλίνουσι
1340 462 1558 521 ἀναλόγως,
1584 462 1672 508 οἷον

135 531 339 583 mamae.
381 533 472 574 vid.
491 533 637 573 Strabo
657 532 758 572 VIII
781 534 885 573 360:
915 527 1023 585 παρὰ
1055 529 1099 572 δὲ
1132 527 1270 586 Φηρὰς
1300 530 1448 572 Νέδων
1477 527 1670 585 ἐκβάλλει,

136 597 238 654 ῥέων
268 595 336 640 διὰ
365 601 437 652 τῆς
467 600 722 650 Λακωνικῆς,
754 596 882 651 ἕτερος
913 593 972 638 ὢν
995 599 1065 651 τῆς
1089 595 1238 647 Νέδας.
1269 596 1347 650 ἔχει
1378 590 1419 638 δ’
1453 593 1563 652 ἱερὸν
1593 595 1671 637 ἐπί-

138 674 267 718 σημον
295 666 365 718 τῆς
390 660 569 717 Ἀθηνᾶς
598 662 843 712 Νεδουσίας·
874 661 941 703 καὶ
972 662 1016 704 ἐν
1046 661 1251 717 Ποιηέσσῃ
1283 659 1323 703 δ’
1364 661 1467 703 ἐστὶν
1493 659 1672 715 Ἀθηνᾶς

136 728 363 779 Νεδονσίας
397 725 524 782 ἱερόν,
562 724 773 781 ἐπώνυμον
807 724 932 769 τόπου
967 723 1074 777 τινὸς
1111 726 1333 780 Νέδοντος,
1372 726 1412 777 ἐξ
1456 720 1506 769 οὗ
1550 739 1674 780 φασιν

136 791 283 835 ὀἰκίσαι
321 791 517 848 Τήλεκλον
554 790 785 847 Ποιήεσσαν
814 792 882 834 καὶ
907 788 1061 846 Ἐχειᾶς
1091 792 1158 833 καὶ
1192 789 1375 847 Τράγιον.
1430 793 1563 845 Igitur
1591 806 1674 834 non

140 860 263 909 rivus,
290 860 360 901 sed
384 861 495 900 loeus
520 860 666 911 aliquis
692 860 734 900 in
759 858 841 899 Coa.
864 860 997 899 insula
1021 859 1163 900 Nedon
1190 860 1421 900 vocabatur.
1472 859 1675 900 Disseruit

138 915 188 967 de
218 926 428 967 Strabonis
459 927 545 967 loco
576 926 828 967 Broondsted
858 925 1007 966 Reisen
1035 925 1079 966 in
1111 924 1334 966 Grieohenl.
1366 924 1387 964 I
1418 925 1474 965 88
1495 926 1535 967 ff.

870 1042 942 1085 40.

258 1129 448 1181 Hesycm
483 1124 706 1169 Τόνθων’
737 1142 844 1182 παρα
876 1106 1076 1183 Κορίννῃ,
1113 1126 1179 1169 ἐπὶ
1214 1128 1401 1170 νωτιαίου
1440 1124 1543 1183 (cod.
1576 1144 1675 1171 νοτι·

143 1191 256 1249 βίον)
286 1192 411 1248 κρέως
439 1189 482 1235 τὸ
514 1190 652 1247 ὄνομα.
718 1212 722 1215 ⁴

871 1299 943 1343 41.

260 1385 425 1427 Cramer
462 1386 539 1425 An.
577 1385 649 1427 Ox.
686 1386 707 1425 I
746 1387 819 1435 62,
858 1387 932 1432 20:
980 1381 1171 1438 Φρᾶσσω,
1214 1381 1287 1437 ἀφ’
1335 1377 1386 1426 οὗ
1428 1380 1455 1438 ἡ
1498 1370 1679 1437 Κόριννα

141 1452 357 1505 βοιωτικῶς
397 1447 584 1504 φράττω
624 1448 724 1504 λέγει
764 1446 851 1490 ἀντὶ
888 1453 960 1492 τοῦ
998 1447 1175 1504 φράσσω.
1236 1451 1298 1492 Cf.
1335 1452 1448 1492 Eunt.
1485 1452 1534 1492 Il.
1576 1454 1679 1503 824,

144 1519 213 1558 22.
259 1517 333 1558 Od.
367 1518 495 1569 1654,
528 1519 596 1558 24.
639 1518 781 1559 Favor.
817 1520 912 1558 121.
944 1519 1044 1558 444.
1088 1517 1365 1559 Sch01.·Hom.
1396 1518 1444 1559 Il.
1475 1532 1500 1558 κ
1531 1519 1629 1558 572.

874 1634 945 1678 42.
1008 1637 1014 1641 ”

261 1721 478 1772 Phrynioh.
511 1722 615 1761 309:
658 1693 829 1772 Ψίεθος,
869 1716 1017 1773 μιερός,
1047 1716 1178 1769 ὕειος·
1215 1715 1511 1773 ἁμαρτάνουσιν
1542 1720 1585 1762 ot
1612 1721 1679 1760 δια

143 1783 214 1827 τοῦ
245 1800 264 1826 ε
294 1783 480 1839 λέγοντες,
506 1781 700 1838 ἀδόκιμον
724 1780 817 1840 γάρ·
848 1784 915 1827 καὶ
938 1780 964 1838 ἡ
990 1781 1172 1838 Κόριννα
1195 1780 1277 1826 τὸν
1300 1780 1502 1826 ὖάλινον
1526 1785 1680 1825 παῖδα

143 1846 326 1903 θήσεις.
387 1851 561 1891 Coniicio
591 1847 674 1892 τοὺ
705 1845 762 1903 δ’,
792 1853 858 1893 vel
887 1847 1003 1893 τοὺν
1034 1845 1133 1905 (vid.
1163 1850 1295 1902 ApolL
1322 1850 1372 1891 de
1396 1863 1509 1902 pron.
1537 1852 1621 1891 329
1638 1846 1677 1904 c)
1747 1889 1751 1893 .

143 1916 170 1956 i.
201 1929 235 1956 e.
266 1917 320 1955 {zu
349 1928 464 1956 vero
502 1916 764 1967 flagitabis
799 1917 960 1957 filium
997 1917 1236 1968 pulcrum,
1274 1920 1321 1957 ut
1357 1915 1531 1957 Corinna
1566 1911 1679 1956 ὑάλι-

144 1983 219 2022 νον
248 1982 387 2022 eodem
417 1983 535 2023 modo
566 1983 724 2033 dixerit,
755 1996 833 2035 quo
862 1986 1007 2034 poetae
1032 1983 1168 2024 Latini
1205 1983 1427 2024 vitreum.
1491 1981 1680 2022 Ceterum

146 2047 246 2089 conf.
278 2047 470 2100 Hesyoh.:
506 2044 639 2101 θήσω·
678 2044 844 2101 αἰτήσω,
881 2048 1059 2090 Βοιωτοί.
1126 2048 1316 2101 Hartung
1351 2062 1421 2089 τον
1458 2043 1496 2088 δ’
1535 2043 1678 2088 {sauma

145 2109 389 2166 πεδαθήσεις
419 2114 468 2154 de
500 2115 661 2166 speculo
692 2114 993 2165 interpretatus.
1088 2128 1094 2132 ·
