1864 3126
198 187 286 229 530
765 183 955 222 POETAE
981 185 1159 222 MELIOI.

193 294 496 348 ἀνακόλουθον,
533 312 606 351 την
637 293 874 351 ὄρθοέπειαν
903 295 1087 350 ἔβλαψεν.
1148 295 1226 337 ἔδει
1257 313 1332 351 γαρ
1363 297 1484 337 εἰπεῖν
1514 295 1590 349 ἐγω
1619 298 1718 351 γελῶ

192 359 219 414 ἢ
252 362 400 411 ἐκεῖνος
430 364 533 418 γελᾷ.
594 363 782 415 Hartung
813 363 982 415 requirit
1012 357 1065 410 ὥς
1105 358 1155 414 δὴ
1171 359 1263 416 ,ἐγώ
1292 377 1331 403 τε
1361 364 1453 418 γελᾷ
1483 361 1550 402 καὶ
1576 365 1719 411 κεῖνος.

194 429 285 468 Nisi
314 429 503 468 mendum
534 429 683 480 subest,
715 431 835 480 poeta
859 429 940 467 leni
965 428 1146 468 irrisione
1172 441 1269 468 usus
1301 429 1419 467 dixit:
1450 428 1555 468 ridet
1585 441 1720 479 quem-

194 494 408 534 admodum
439 505 533 545 ego3
564 494 612 534 cf.
643 494 782 544 Eurip.
814 493 920 544 Cycl.
954 494 1038 533 673
1080 486 1197 541 Οὖτίς
1241 507 1286 545 με
1329 496 1477 545 τυφλοῖ
1507 491 1718 547 βλέφαρον.

197 554 282 598 Οὖκ
313 554 377 611 ἄρ’
419 552 456 597 εἴ
489 554 647 609 τυφλός.
702 553 772 606 Ὡς
810 554 861 610 δή
901 554 963 598 σύ.
1023 557 1100 597 Sed
1137 558 1201 597 hic
1238 559 1523 609 grammaticus
1561 559 1720 610 saepius

197 625 386 674 deceptus
413 624 476 662 est
499 623 656 663 vitiosis
681 623 930 674 lectionibus,
957 622 1068 662 velut
1092 622 1303 672 adscripsit
1327 635 1487 663 versum
1515 615 1645 675 ἦλθεν
1674 619 1719 662 δὲ

193 687 280 728 λαοὶ
310 687 443 741 μυρίοι
472 684 572 740 πρὸς
600 684 720 743 ᾐόνα,
757 689 828 727 ubi
858 689 943 728 sive
972 679 1145 738 ἦλθον,
1176 687 1259 727 sive
1289 690 1381 744 λαςῖ
1413 687 1564 743 μυρίῳ
1601 688 1720 729 corri—

195 753 383 804 gendum,
416 753 749 803 quemadmodum
779 748 914 808 στόλῳ,
946 753 1074 806 ναυσί,
1105 754 1186 793 alia
1215 754 1412 794 dicuntur.

912 892 1012 936 225.

313 991 512 1031 Ammian.
537 991 658 1031 Marc.
682 990 778 1029 XIV
805 992 845 1041 6,
867 993 890 1029 7
900 1006 910 1031 ς
937 991 1015 1040 „Ut
1041 991 1145 1030 enim
1172 990 1394 1030 Simonides
1419 991 1567 1041 lyricus
1592 991 1718 1044 docet,

1841 288 1864 313 χι

1855 325 1864 354 ,ἲ

1857 397 1864 462 Ξ

1845 469 1864 547 j

193 1057 311 1097 beate
343 1058 522 1107 perfecta
551 1057 708 1096 ratione
737 1057 910 1107 victuro,
948 1058 1041 1096 ante
1077 1056 1158 1096 alia
1194 1057 1368 1106 patriam
1404 1069 1492 1096 esse
1532 1057 1718 1098 convenit
1768 1080 1772 1084 ·
1835 1053 1841 1085 ’-

195 1117 452 1173 gloriosam.“

820 1236 1086 1290 226.[112J

311 1337 418 1379 Plut,
448 1336 519 1376 vit.
549 1334 662 1374 Arat.
695 1347 727 1373 c.
757 1335 832 1374 45:
863 1331 954 1372 Kal·
975 1329 1049 1386 γᾶρ
1080 1333 1115 1374 εἰ
1145 1330 1278 1374 δεινὸν
1309 1331 1457 1388 ἄνδρας
1487 1330 1718 1387 ὁμοφύλους

192 1400 259 1441 καὶ
289 1404 489 1455 συγγενεῖς
519 1396 620 1441 οὕτω
653 1399 992 1452 μεταχειρίσασθαι
1023 1394 1084 1460 δι’.
1112 1394 1254 1452 ὀργήν,
1285 1395 1368 1439 ἄλλ’
1403 1398 1452 1439 ἔν
1482 1395 1716 1452 ἀνάγκαις

191 1463 340 1520 γλυκὺ
378 1466 563 1520 γίνεται
605 1463 688 1505 καὶ
729 1460 784 1505 οὗ
829 1459 1034 1516 σκληρὸν
1075 1459 1172 1502 κατὰ
1203 1464 1452 1516 Σιμωνίδην,
1491 1460 1717 1516 &snspen-

191 1534 327 1586 γοῦντι
356 1532 408 1587 τῷ
432 1532 553 1587 θυμῷ
576 1528 644 1570 καὶ
669 1529 943 1583 φλεγμαίνοντι
966 1528 1184 1581 θεραπείαν
1207 1528 1274 1569 καὶ
1298 1525 1578 1582 ἀναπλήρωσιν
1601 1541 1718 1582 προσ·

192 1592 405 1649 φερόντων.
466 1597 589 1636 Recte
629 1596 769 1646 opinor
804 1595 968 1644 Madvig
1010 1591 1078 1633 καὶ
1119 1589 1167 1633 τὸ
1205 1591 1393 1647 σκληρὸν,
1431 1594 1501 1634 sed
1537 1595 1717 1645 praestat

192 1659 258 1700 καὶ
289 1657 495 1714 σκληρὸν
526 1656 602 1714 (ita
633 1661 737 1700 enim
769 1660 991 1700 Simonides
1029 1654 1225 1711 scripsit),
1264 1661 1371 1711 quod
1405 1659 1594 1699 librarius
1626 1672 1717 1699 cum

191 1738 272 1765 non
301 1725 562 1776 intelligeret,
593 1720 643 1765 οὗ
673 1724 831 1765 adiecit.

908 1852 1008 1895 227.

314 1951 520 1992 Claudian.
550 1950 687 2002 Epist·
707 1949 766 1989 IV
798 1951 842 1990 9:

405 2047 508 2086 Fors
537 2048 646 2086 iuvat
675 2047 866 2093 audentes,
899 2043 968 2083 Cei
1000 2045 1198 2085 sententia
1226 2046 1345 2086 vatis.

475 2112 562 2151 Hac
593 2112 692 2150 duce
721 2124 802 2151 non
832 2111 1022 2160 dubitem,
1051 2113 1094 2150 te
1123 2112 1314 2150 reticente
1345 2111 1464 2162 loqui.

194 2206 304 2245 Dixit
333 2206 505 2245 fortasse
538 2204 758 2244 Simonides
789 2206 831 2244 in
860 2205 930 2245 illo
962 2204 1146 2256 carmine,
1177 2217 1199 2244 e
1231 2218 1308 2255 quo
1341 2206 1403 2246 est
1432 2206 1481 2244 fr.
1515 2206 1582 2245 65.
1643 2205 1716 2245 Ce-

191 2274 325 2310 terum
361 2270 429 2310 alii
468 2269 563 2310 libri
605 2269 692 2309 Chii
726 2271 792 2310 vel
820 2272 947 2320 prisci
982 2270 1169 2309 exhibere
1200 2269 1394 2311 dicuntur.
1456 2270 1534 2310 Sed
1563 2270 1716 2321 dubito,
1789 2276 1804 2329 'J‘

193 2348 244 2373 an
302 2334 514 2374 Simonidis
568 2337 639 2374 aut
695 2336 852 2375 omnino
904 2334 1046 2376 Graeci
1098 2337 1241 2386 poetae
1289 2348 1448 2375 versum
1497 2335 1716 2386 respexerit

193 2400 453 2439 Claudianus:
483 2412 576 2439 nam
605 2400 765 2440 videtur
795 2400 1020 2451 intelligere
1050 2413 1211 2441 versum
1239 2401 1371 2440 nescio
1409 2401 1519 2440 cuius
1558 2398 1715 2475 p‘e,
1792 2413 1798 2429 ³

192 2478 310 2514 quem
340 2465 505 2504 adhibet
535 2464 684 2505 Seneca
714 2465 842 2516 Epist.
875 2467 948 2505 94:

404 2561 609 2600 Audentes
640 2561 802 2601 fortuna
831 2560 960 2601 iuvat:
991 2560 1108 2611 piger
1136 2561 1222 2612 ipse
1254 2561 1331 2602 sibi
1361 2562 1507 2606 obstat.

193 2654 249 2694 sic
280 2654 386 2695 enim
415 2655 515 2696 haec
545 2658 587 2695 in
615 2669 740 2696 unum
771 2659 864 2696 sunt
894 2656 1178 2707 coniungenda.
1235 2655 1340 2696 Olim
1370 2657 1592 2707 suspicatus
1623 2669 1712 2695 sum
1767 2699 1770 2701 ,

192 2721 418 2759 Ennianum
447 2721 551 2762 hunc
582 2734 668 2761 esse
698 2734 871 2772 versum,
896 2723 942 2760 ut
972 2720 1077 2771 apud
1102 2719 1365 2760 Claudianum
1394 2719 1606 2770 legendum
1638 2721 1709 2760 sit:
1774 2734 1782 2771 χ

195 2785 356 2824 Calabri
385 2788 571 2826 sententia
593 2789 710 2827 vatis:
743 2787 812 2826 sed
836 2786 927 2825 huic
952 2787 1199 2826 coniecturae
1225 2785 1461 2826 adversatur
1487 2785 1710 2824 Macrobius
1752 2795 1769 2841 ’ξ

193 2849 252 2887 VI
285 2853 321 2898 1,
352 2851 421 2900 qui
450 2864 540 2891 cum
570 2850 794 2902 Virgiliano
825 2851 1075 2891 hemistichio
1106 2851 1207 2891 Aen.
1231 2851 1267 2889 X
1293 2851 1396 2890 284:
1428 2850 1604 2890 audentis
1632 2851 1712 2899 for·
1747 2857 1770 2891 ’.ῑ

194 2917 290 2953 twna
319 2917 428 2954 iuvat
458 2918 662 2967 comparat
691 2916 932 2957 Ennianum:
969 2917 1152 2956 Fortibus
1188 2918 1244 2956 est
1277 2916 1436 2965 fortuma
1472 2916 1569 2955 viris
1606 2916 1710 2956 data.
1757 2907 1775 2974 '32
