<?xml version="1.0" encoding="UTF-8"?>
<!DOCTYPE html PUBLIC "-//W3C//DTD XHTML 1.0 Transitional//EN"
    "http://www.w3.org/TR/xhtml1/DTD/xhtml1-transitional.dtd">
<html xmlns="http://www.w3.org/1999/xhtml" xml:lang="en" lang="en">
 <head>
  <title>
</title>
<meta http-equiv="Content-Type" content="text/html;charset=utf-8" />
  <meta name='ocr-system' content='tesseract 3.04.00' />
  <meta name='ocr-capabilities' content='ocr_page ocr_carea ocr_par ocr_line ocrx_word'/>
</head>
<body>
  <div class='ocr_page' id='page_1' title='image "./poetaelyricigrae03berguoft_0037.png"; bbox 0 0 1864 3126; ppageno 0'>
   <div class='ocr_carea' id='block_1_1' title="bbox 816 136 1688 179">
    <p class='ocr_par' dir='ltr' id='par_1_1' title="bbox 816 136 1688 179">
     <span class='ocr_line' id='line_1_1' title="bbox 816 136 1688 179; baseline 0.006 -5"><span class='ocrx_word' id='word_1_1' title='bbox 816 136 1030 174; x_wconf 76' lang='lat' dir='ltr'>ALCMAN.</span> <span class='ocrx_word' id='word_1_2' title='bbox 1632 136 1688 179; x_wconf 80' lang='grc'><strong>27</strong></span> 
     </span>
    </p>
   </div>
   <div class='ocr_carea' id='block_1_2' title="bbox 151 247 1693 634">
    <p class='ocr_par' dir='ltr' id='par_1_2' title="bbox 151 247 1693 634">
     <span class='ocr_line' id='line_1_2' title="bbox 151 247 1692 306; baseline -0.002 -13"><span class='ocrx_word' id='word_1_3' title='bbox 151 252 257 304; x_wconf 81' lang='lat' dir='ltr'><strong>phae</strong></span> <span class='ocrx_word' id='word_1_4' title='bbox 294 251 354 292; x_wconf 84' lang='lat' dir='ltr'><strong>VI</strong></span> <span class='ocrx_word' id='word_1_5' title='bbox 390 265 580 293; x_wconf 88' lang='lat' dir='ltr'><strong>versuum</strong></span> <span class='ocrx_word' id='word_1_6' title='bbox 611 247 658 295; x_wconf 61' lang='lat' dir='ltr'><strong>l—</strong></span> <span class='ocrx_word' id='word_1_7' title='bbox 692 252 776 293; x_wconf 88' lang='lat' dir='ltr'><strong>sive</strong></span> <span class='ocrx_word' id='word_1_8' title='bbox 814 251 932 305; x_wconf 80' lang='grc' dir='ltr'><strong><em>διπλῇ</em></strong></span> <span class='ocrx_word' id='word_1_9' title='bbox 970 249 1043 299; x_wconf 75' lang='grc' dir='ltr'><strong>ἔξω</strong></span> <span class='ocrx_word' id='word_1_10' title='bbox 1082 251 1291 306; x_wconf 77' lang='grc' dir='ltr'><strong><em>νενευκυίᾳ</em></strong></span> <span class='ocrx_word' id='word_1_11' title='bbox 1328 253 1444 290; x_wconf 88' lang='lat' dir='ltr'><strong>erant</strong></span> <span class='ocrx_word' id='word_1_12' title='bbox 1479 250 1692 302; x_wconf 75' lang='lat' dir='ltr'><strong>notandae,</strong></span> 
     </span>
     <span class='ocr_line' id='line_1_3' title="bbox 152 315 1693 370; baseline -0.003 -12"><span class='ocrx_word' id='word_1_13' title='bbox 152 318 488 370; x_wconf 81' lang='lat' dir='ltr'><strong>quemadmodum</strong></span> <span class='ocrx_word' id='word_1_14' title='bbox 527 318 678 358; x_wconf 85' lang='lat' dir='ltr'><strong>factum</strong></span> <span class='ocrx_word' id='word_1_15' title='bbox 718 331 805 358; x_wconf 90' lang='lat' dir='ltr'><strong>esse</strong></span> <span class='ocrx_word' id='word_1_16' title='bbox 843 318 885 357; x_wconf 91' lang='lat' dir='ltr'><strong>in</strong></span> <span class='ocrx_word' id='word_1_17' title='bbox 922 317 1000 356; x_wconf 91' lang='lat' dir='ltr'><strong>alio</strong></span> <span class='ocrx_word' id='word_1_18' title='bbox 1032 316 1237 357; x_wconf 85' lang='lat' dir='ltr'><strong>Alcmanis</strong></span> <span class='ocrx_word' id='word_1_19' title='bbox 1275 317 1449 357; x_wconf 86' lang='lat' dir='ltr'><strong>carmine</strong></span> <span class='ocrx_word' id='word_1_20' title='bbox 1488 317 1574 366; x_wconf 87' lang='lat' dir='ltr'><strong>ipse</strong></span> <span class='ocrx_word' id='word_1_21' title='bbox 1614 315 1693 355; x_wconf 88' lang='lat' dir='ltr'><strong>He-</strong></span> 
     </span>
     <span class='ocr_line' id='line_1_4' title="bbox 151 379 1688 437; baseline -0.003 -12"><span class='ocrx_word' id='word_1_22' title='bbox 151 383 335 436; x_wconf 83' lang='lat' dir='ltr'><strong>phaestio</strong></span> <span class='ocrx_word' id='word_1_23' title='bbox 372 379 616 437; x_wconf 78' lang='lat' dir='ltr'><strong>testatur*)‚</strong></span> <span class='ocrx_word' id='word_1_24' title='bbox 655 383 732 422; x_wconf 90' lang='lat' dir='ltr'><strong>nisi</strong></span> <span class='ocrx_word' id='word_1_25' title='bbox 771 383 875 434; x_wconf 87' lang='lat' dir='ltr'><strong>quod</strong></span> <span class='ocrx_word' id='word_1_26' title='bbox 913 382 970 421; x_wconf 90' lang='lat' dir='ltr'><strong>ibi</strong></span> <span class='ocrx_word' id='word_1_27' title='bbox 1008 383 1198 433; x_wconf 74' lang='lat' dir='ltr'><strong>strophae</strong></span> <span class='ocrx_word' id='word_1_28' title='bbox 1232 396 1350 434; x_wconf 87' lang='lat' dir='ltr'><strong>pares</strong></span> <span class='ocrx_word' id='word_1_29' title='bbox 1381 381 1688 433; x_wconf 79' lang='lat' dir='ltr'><strong>praecedebant,</strong></span> 
     </span>
     <span class='ocr_line' id='line_1_5' title="bbox 151 447 1692 501; baseline -0.003 -10"><span class='ocrx_word' id='word_1_30' title='bbox 151 449 334 501; x_wconf 72' lang='lat' dir='ltr'><strong>dispares</strong></span> <span class='ocrx_word' id='word_1_31' title='bbox 360 450 722 501; x_wconf 72' lang='lat' dir='ltr'><strong>subsequebantur.</strong></span> <span class='ocrx_word' id='word_1_32' title='bbox 769 449 958 487; x_wconf 80' lang='lat' dir='ltr'><strong>Fortasse</strong></span> <span class='ocrx_word' id='word_1_33' title='bbox 983 447 1026 486; x_wconf 91' lang='lat' dir='ltr'><strong>in</strong></span> <span class='ocrx_word' id='word_1_34' title='bbox 1056 448 1273 498; x_wconf 85' lang='lat' dir='ltr'><strong>archetypo</strong></span> <span class='ocrx_word' id='word_1_35' title='bbox 1307 448 1496 499; x_wconf 80' lang='lat' dir='ltr'><strong>strophae</strong></span> <span class='ocrx_word' id='word_1_36' title='bbox 1522 447 1578 487; x_wconf 93' lang='lat' dir='ltr'><strong>VI</strong></span> <span class='ocrx_word' id='word_1_37' title='bbox 1604 460 1692 487; x_wconf 89' lang='lat' dir='ltr'><strong>ver·</strong></span> 
     </span>
     <span class='ocr_line' id='line_1_6' title="bbox 153 509 1689 566; baseline -0.001 -12"><span class='ocrx_word' id='word_1_38' title='bbox 153 525 271 555; x_wconf 86' lang='lat' dir='ltr'><strong>suum</strong></span> <span class='ocrx_word' id='word_1_39' title='bbox 310 515 570 566; x_wconf 77' lang='lat' dir='ltr'><strong>paragrapho</strong></span> <span class='ocrx_word' id='word_1_40' title='bbox 610 515 652 553; x_wconf 89' lang='lat' dir='ltr'><strong>et</strong></span> <span class='ocrx_word' id='word_1_41' title='bbox 694 513 804 564; x_wconf 89' lang='lat' dir='ltr'><strong>dipla</strong></span> <span class='ocrx_word' id='word_1_42' title='bbox 848 515 963 552; x_wconf 89' lang='lat' dir='ltr'><strong>erant</strong></span> <span class='ocrx_word' id='word_1_43' title='bbox 1005 514 1168 553; x_wconf 88' lang='lat' dir='ltr'><strong>notatae</strong></span> <span class='ocrx_word' id='word_1_44' title='bbox 1210 534 1252 541; x_wconf 91' lang='grc'><strong>-</strong></span> <span class='ocrx_word' id='word_1_45' title='bbox 1277 509 1342 563; x_wconf 55' lang='lat' dir='ltr'><strong>L,</strong></span> <span class='ocrx_word' id='word_1_46' title='bbox 1387 514 1456 553; x_wconf 87' lang='lat' dir='ltr'><strong>sed</strong></span> <span class='ocrx_word' id='word_1_47' title='bbox 1500 514 1689 553; x_wconf 88' lang='lat' dir='ltr'><strong>librarius</strong></span> 
     </span>
     <span class='ocr_line' id='line_1_7' title="bbox 156 576 580 634; baseline 0 -14"><span class='ocrx_word' id='word_1_48' title='bbox 156 580 367 632; x_wconf 76' lang='lat' dir='ltr'><strong>compendi</strong></span> <span class='ocrx_word' id='word_1_49' title='bbox 396 581 504 621; x_wconf 90' lang='lat' dir='ltr'><strong>fecit.</strong></span> <span class='ocrx_word' id='word_1_50' title='bbox 513 576 580 634; x_wconf 82' lang='lat'><strong>**)</strong></span> 
     </span>
    </p>
   </div>
   <div class='ocr_carea' id='block_1_3' title="bbox 133 657 1693 1105">
    <p class='ocr_par' dir='ltr' id='par_1_3' title="bbox 133 657 1693 1105">
     <span class='ocr_line' id='line_1_8' title="bbox 278 657 1692 710; baseline 0 -12"><span class='ocrx_word' id='word_1_51' title='bbox 278 658 356 698; x_wconf 86' lang='lat' dir='ltr'><strong>Sed</strong></span> <span class='ocrx_word' id='word_1_52' title='bbox 388 659 565 710; x_wconf 88' lang='lat' dir='ltr'><strong>strophis</strong></span> <span class='ocrx_word' id='word_1_53' title='bbox 592 657 688 698; x_wconf 90' lang='lat' dir='ltr'><strong>XIV</strong></span> <span class='ocrx_word' id='word_1_54' title='bbox 713 671 903 698; x_wconf 88' lang='lat' dir='ltr'><strong>versuum</strong></span> <span class='ocrx_word' id='word_1_55' title='bbox 937 671 1052 697; x_wconf 87' lang='lat' dir='ltr'><strong>usum</strong></span> <span class='ocrx_word' id='word_1_56' title='bbox 1080 670 1166 697; x_wconf 86' lang='lat' dir='ltr'><strong>esse</strong></span> <span class='ocrx_word' id='word_1_57' title='bbox 1194 659 1427 698; x_wconf 87' lang='lat' dir='ltr'><strong>Alcmanem</strong></span> <span class='ocrx_word' id='word_1_58' title='bbox 1453 661 1692 710; x_wconf 82' lang='lat' dir='ltr'><strong>argumento</strong></span> 
     </span>
     <span class='ocr_line' id='line_1_9' title="bbox 153 723 1692 776; baseline -0.001 -12"><span class='ocrx_word' id='word_1_59' title='bbox 153 726 228 775; x_wconf 86' lang='lat' dir='ltr'><strong>est,</strong></span> <span class='ocrx_word' id='word_1_60' title='bbox 259 724 366 776; x_wconf 87' lang='lat' dir='ltr'><strong>quod</strong></span> <span class='ocrx_word' id='word_1_61' title='bbox 396 725 587 775; x_wconf 86' lang='lat' dir='ltr'><strong>antiquae</strong></span> <span class='ocrx_word' id='word_1_62' title='bbox 619 724 719 763; x_wconf 89' lang='lat' dir='ltr'><strong>artis</strong></span> <span class='ocrx_word' id='word_1_63' title='bbox 751 723 1001 775; x_wconf 81' lang='lat' dir='ltr'><strong>simplicitati</strong></span> <span class='ocrx_word' id='word_1_64' title='bbox 1033 724 1315 763; x_wconf 88' lang='lat' dir='ltr'><strong>convenienter</strong></span> <span class='ocrx_word' id='word_1_65' title='bbox 1346 724 1514 771; x_wconf 85' lang='lat' dir='ltr'><strong>curavit,</strong></span> <span class='ocrx_word' id='word_1_66' title='bbox 1547 727 1592 763; x_wconf 90' lang='lat' dir='ltr'><strong>ut</strong></span> <span class='ocrx_word' id='word_1_67' title='bbox 1621 736 1692 763; x_wconf 93' lang='lat' dir='ltr'><strong>no-</strong></span> 
     </span>
     <span class='ocr_line' id='line_1_10' title="bbox 151 789 1692 841; baseline -0.001 -11"><span class='ocrx_word' id='word_1_68' title='bbox 151 790 316 831; x_wconf 87' lang='lat' dir='ltr'><strong>vissimo</strong></span> <span class='ocrx_word' id='word_1_69' title='bbox 346 802 467 830; x_wconf 89' lang='lat' dir='ltr'><strong>versu</strong></span> <span class='ocrx_word' id='word_1_70' title='bbox 506 790 706 829; x_wconf 87' lang='lat' dir='ltr'><strong>sententia</strong></span> <span class='ocrx_word' id='word_1_71' title='bbox 741 789 902 841; x_wconf 86' lang='lat' dir='ltr'><strong>integra</strong></span> <span class='ocrx_word' id='word_1_72' title='bbox 938 789 1234 838; x_wconf 83' lang='lat' dir='ltr'><strong>absolveretur,</strong></span> <span class='ocrx_word' id='word_1_73' title='bbox 1275 789 1316 828; x_wconf 89' lang='lat' dir='ltr'><strong>id</strong></span> <span class='ocrx_word' id='word_1_74' title='bbox 1354 790 1459 840; x_wconf 89' lang='lat' dir='ltr'><strong>quod</strong></span> <span class='ocrx_word' id='word_1_75' title='bbox 1495 802 1692 840; x_wconf 84' lang='lat' dir='ltr'><strong>nusquam</strong></span> 
     </span>
     <span class='ocr_line' id='line_1_11' title="bbox 133 855 1691 908; baseline -0.001 -13"><span class='ocrx_word' id='word_1_76' title='bbox 133 858 216 897; x_wconf 74' lang='lat' dir='ltr'><strong>est</strong></span> <span class='ocrx_word' id='word_1_77' title='bbox 246 857 488 908; x_wconf 82' lang='lat' dir='ltr'><strong>neglectum,</strong></span> <span class='ocrx_word' id='word_1_78' title='bbox 520 857 712 906; x_wconf 83' lang='lat' dir='ltr'><strong>quantum</strong></span> <span class='ocrx_word' id='word_1_79' title='bbox 745 855 907 906; x_wconf 89' lang='lat' dir='ltr'><strong>quidem</strong></span> <span class='ocrx_word' id='word_1_80' title='bbox 938 856 1206 896; x_wconf 85' lang='lat' dir='ltr'><strong>coniecturam</strong></span> <span class='ocrx_word' id='word_1_81' title='bbox 1239 868 1379 906; x_wconf 86' lang='lat' dir='ltr'><strong>capere</strong></span> <span class='ocrx_word' id='word_1_82' title='bbox 1411 855 1505 895; x_wconf 90' lang='lat' dir='ltr'><strong>licet</strong></span> <span class='ocrx_word' id='word_1_83' title='bbox 1535 868 1582 894; x_wconf 86' lang='lat' dir='ltr'><strong>ex</strong></span> <span class='ocrx_word' id='word_1_84' title='bbox 1607 869 1691 894; x_wconf 85' lang='lat' dir='ltr'><strong>mu-</strong></span> 
     </span>
     <span class='ocr_line' id='line_1_12' title="bbox 153 921 1691 972; baseline -0.001 -10"><span class='ocrx_word' id='word_1_85' title='bbox 153 922 365 963; x_wconf 82' lang='lat' dir='ltr'><strong>tilatarum</strong></span> <span class='ocrx_word' id='word_1_86' title='bbox 395 921 656 972; x_wconf 88' lang='lat' dir='ltr'><strong>reliquiarum</strong></span> <span class='ocrx_word' id='word_1_87' title='bbox 693 921 938 961; x_wconf 89' lang='lat' dir='ltr'><strong>conditione:</strong></span> <span class='ocrx_word' id='word_1_88' title='bbox 976 934 1117 961; x_wconf 88' lang='lat' dir='ltr'><strong>verum</strong></span> <span class='ocrx_word' id='word_1_89' title='bbox 1155 924 1247 972; x_wconf 87' lang='lat' dir='ltr'><strong>post</strong></span> <span class='ocrx_word' id='word_1_90' title='bbox 1282 935 1318 961; x_wconf 88' lang='lat' dir='ltr'><strong>v.</strong></span> <span class='ocrx_word' id='word_1_91' title='bbox 1351 923 1376 961; x_wconf 90' lang='grc'>8</span> <span class='ocrx_word' id='word_1_92' title='bbox 1409 933 1498 960; x_wconf 89' lang='lat' dir='ltr'><strong>cum</strong></span> <span class='ocrx_word' id='word_1_93' title='bbox 1535 921 1691 960; x_wconf 91' lang='lat' dir='ltr'><strong>nullum</strong></span> 
     </span>
     <span class='ocr_line' id='line_1_13' title="bbox 154 986 1693 1038; baseline -0.003 -10"><span class='ocrx_word' id='word_1_94' title='bbox 154 987 208 1028; x_wconf 87' lang='lat' dir='ltr'><strong>sit</strong></span> <span class='ocrx_word' id='word_1_95' title='bbox 238 988 503 1028; x_wconf 81' lang='lat' dir='ltr'><strong>interstitium</strong></span> <span class='ocrx_word' id='word_1_96' title='bbox 542 986 767 1026; x_wconf 89' lang='lat' dir='ltr'><strong>sententiae</strong></span> <span class='ocrx_word' id='word_1_97' title='bbox 806 987 877 1027; x_wconf 90' lang='lat' dir='ltr'><strong>col.</strong></span> <span class='ocrx_word' id='word_1_98' title='bbox 910 987 951 1026; x_wconf 93' lang='lat' dir='ltr'><strong>II</strong></span> <span class='ocrx_word' id='word_1_99' title='bbox 985 989 1029 1036; x_wconf 90' lang='grc'><strong>9,</strong></span> <span class='ocrx_word' id='word_1_100' title='bbox 1066 987 1212 1027; x_wconf 89' lang='lat' dir='ltr'><strong>indicio</strong></span> <span class='ocrx_word' id='word_1_101' title='bbox 1251 989 1330 1037; x_wconf 88' lang='lat' dir='ltr'><strong>est,</strong></span> <span class='ocrx_word' id='word_1_102' title='bbox 1369 987 1577 1038; x_wconf 84' lang='lat' dir='ltr'><strong>stropham</strong></span> <span class='ocrx_word' id='word_1_103' title='bbox 1614 999 1693 1025; x_wconf 90' lang='lat' dir='ltr'><strong>non</strong></span> 
     </span>
     <span class='ocr_line' id='line_1_14' title="bbox 154 1052 1690 1105; baseline -0.003 -11"><span class='ocrx_word' id='word_1_104' title='bbox 154 1064 242 1094; x_wconf 87' lang='lat' dir='ltr'><strong>esse</strong></span> <span class='ocrx_word' id='word_1_105' title='bbox 272 1052 440 1104; x_wconf 86' lang='lat' dir='ltr'><strong>finitam,</strong></span> <span class='ocrx_word' id='word_1_106' title='bbox 472 1052 543 1092; x_wconf 89' lang='lat' dir='ltr'><strong>sed</strong></span> <span class='ocrx_word' id='word_1_107' title='bbox 573 1065 718 1093; x_wconf 89' lang='lat' dir='ltr'><strong>novam</strong></span> <span class='ocrx_word' id='word_1_108' title='bbox 750 1054 909 1092; x_wconf 88' lang='lat' dir='ltr'><strong>tantum</strong></span> <span class='ocrx_word' id='word_1_109' title='bbox 941 1053 1148 1105; x_wconf 88' lang='lat' dir='ltr'><strong>periodum</strong></span> <span class='ocrx_word' id='word_1_110' title='bbox 1173 1053 1369 1093; x_wconf 84' lang='lat' dir='ltr'><strong>inchoari:</strong></span> <span class='ocrx_word' id='word_1_111' title='bbox 1403 1053 1557 1092; x_wconf 89' lang='lat' dir='ltr'><strong>duabus</strong></span> <span class='ocrx_word' id='word_1_112' title='bbox 1585 1052 1690 1092; x_wconf 87' lang='lat' dir='ltr'><strong>enim</strong></span> 
     </span>
    </p>
   </div>
   <div class='ocr_carea' id='block_1_4' title="bbox 151 1118 1693 1225">
    <p class='ocr_par' dir='ltr' id='par_1_4' title="bbox 151 1118 1693 1225">
     <span class='ocr_line' id='line_1_15' title="bbox 151 1118 1693 1170; baseline -0.001 -11"><span class='ocrx_word' id='word_1_113' title='bbox 151 1118 326 1169; x_wconf 87' lang='lat' dir='ltr'><strong>periodis</strong></span> <span class='ocrx_word' id='word_1_114' title='bbox 358 1130 438 1158; x_wconf 85' lang='lat' dir='ltr'><strong>una</strong></span> <span class='ocrx_word' id='word_1_115' title='bbox 468 1131 650 1170; x_wconf 88' lang='lat' dir='ltr'><strong>quaeque</strong></span> <span class='ocrx_word' id='word_1_116' title='bbox 681 1120 840 1158; x_wconf 91' lang='lat' dir='ltr'><strong>constat</strong></span> <span class='ocrx_word' id='word_1_117' title='bbox 871 1119 1055 1170; x_wconf 88' lang='lat' dir='ltr'><strong>stropha,</strong></span> <span class='ocrx_word' id='word_1_118' title='bbox 1092 1119 1224 1168; x_wconf 88' lang='lat' dir='ltr'><strong>priore</strong></span> <span class='ocrx_word' id='word_1_119' title='bbox 1258 1118 1357 1157; x_wconf 91' lang='lat' dir='ltr'><strong>VIII</strong></span> <span class='ocrx_word' id='word_1_120' title='bbox 1398 1131 1605 1169; x_wconf 89' lang='lat' dir='ltr'><strong>versuum,</strong></span> <span class='ocrx_word' id='word_1_121' title='bbox 1637 1119 1693 1158; x_wconf 87' lang='lat' dir='ltr'><strong>al-</strong></span> 
     </span>
     <span class='ocr_line' id='line_1_16' title="bbox 157 1184 345 1225; baseline -0.011 0"><span class='ocrx_word' id='word_1_122' title='bbox 157 1187 246 1225; x_wconf 86' lang='lat' dir='ltr'><strong>tera</strong></span> <span class='ocrx_word' id='word_1_123' title='bbox 274 1184 345 1224; x_wconf 87' lang='lat' dir='ltr'><strong>VI.</strong></span> 
     </span>
    </p>
   </div>
   <div class='ocr_carea' id='block_1_5' title="bbox 273 1262 1692 1315">
    <p class='ocr_par' dir='ltr' id='par_1_5' title="bbox 273 1262 1692 1315">
     <span class='ocr_line' id='line_1_17' title="bbox 273 1262 1692 1315; baseline -0.002 -12"><span class='ocrx_word' id='word_1_124' title='bbox 273 1263 632 1303; x_wconf 75' lang='lat' dir='ltr'><strong>Animadversione</strong></span> <span class='ocrx_word' id='word_1_125' title='bbox 665 1263 848 1314; x_wconf 85' lang='lat' dir='ltr'><strong>inprimis</strong></span> <span class='ocrx_word' id='word_1_126' title='bbox 875 1263 1056 1315; x_wconf 87' lang='lat' dir='ltr'><strong>dignum,</strong></span> <span class='ocrx_word' id='word_1_127' title='bbox 1083 1262 1188 1314; x_wconf 89' lang='lat' dir='ltr'><strong>quod</strong></span> <span class='ocrx_word' id='word_1_128' title='bbox 1214 1265 1298 1302; x_wconf 88' lang='lat' dir='ltr'><strong>tres</strong></span> <span class='ocrx_word' id='word_1_129' title='bbox 1322 1263 1477 1314; x_wconf 84' lang='lat' dir='ltr'><strong>primae</strong></span> <span class='ocrx_word' id='word_1_130' title='bbox 1503 1263 1692 1314; x_wconf 84' lang='lat' dir='ltr'><strong>strophae</strong></span> 
     </span>
    </p>
   </div>
   <div class='ocr_carea' id='block_1_6' title="bbox 154 1328 1695 1447">
    <p class='ocr_par' dir='ltr' id='par_1_6' title="bbox 154 1328 1695 1447">
     <span class='ocr_line' id='line_1_18' title="bbox 154 1328 1695 1381; baseline -0.001 -13"><span class='ocrx_word' id='word_1_131' title='bbox 154 1329 301 1381; x_wconf 87' lang='lat' dir='ltr'><strong>quibus</strong></span> <span class='ocrx_word' id='word_1_132' title='bbox 331 1329 516 1368; x_wconf 83' lang='lat' dir='ltr'><strong>fabulare</strong></span> <span class='ocrx_word' id='word_1_133' title='bbox 553 1331 838 1380; x_wconf 85' lang='lat' dir='ltr'><strong>argumentum</strong></span> <span class='ocrx_word' id='word_1_134' title='bbox 877 1330 1120 1380; x_wconf 84' lang='lat' dir='ltr'><strong>absolvitur,</strong></span> <span class='ocrx_word' id='word_1_135' title='bbox 1159 1328 1430 1368; x_wconf 76' lang='lat' dir='ltr'><strong>terminantur</strong></span> <span class='ocrx_word' id='word_1_136' title='bbox 1467 1328 1695 1379; x_wconf 85' lang='lat' dir='ltr'><strong>tetrapodia</strong></span> 
     </span>
     <span class='ocr_line' id='line_1_19' title="bbox 158 1395 622 1447; baseline -0.002 -12"><span class='ocrx_word' id='word_1_137' title='bbox 158 1395 357 1447; x_wconf 82' lang='lat' dir='ltr'><strong>dactylica</strong></span> <span class='ocrx_word' id='word_1_138' title='bbox 388 1395 622 1435; x_wconf 86' lang='lat' dir='ltr'><strong>catalectica</strong></span> 
     </span>
    </p>
   </div>
   <div class='ocr_carea' id='block_1_7' title="bbox 697 1478 1151 1498">
    <p class='ocr_par' dir='ltr' id='par_1_7' title="bbox 697 1478 1151 1498">
     <span class='ocr_line' id='line_1_20' title="bbox 697 1478 1151 1498; baseline -0.002 -1"><span class='ocrx_word' id='word_1_139' title='bbox 697 1478 1151 1498; x_wconf 61' lang='lat' dir='ltr'><strong>..uu-ou-U.u-</strong></span> 
     </span>
    </p>
   </div>
   <div class='ocr_carea' id='block_1_8' title="bbox 157 1538 1695 1656">
    <p class='ocr_par' dir='ltr' id='par_1_8' title="bbox 157 1538 1695 1656">
     <span class='ocr_line' id='line_1_21' title="bbox 157 1538 1695 1590; baseline -0.001 -11"><span class='ocrx_word' id='word_1_140' title='bbox 157 1539 228 1580; x_wconf 88' lang='lat' dir='ltr'><strong>sed</strong></span> <span class='ocrx_word' id='word_1_141' title='bbox 267 1539 435 1579; x_wconf 85' lang='lat' dir='ltr'><strong>alterius</strong></span> <span class='ocrx_word' id='word_1_142' title='bbox 467 1539 596 1590; x_wconf 89' lang='lat' dir='ltr'><strong>partis</strong></span> <span class='ocrx_word' id='word_1_143' title='bbox 630 1539 835 1589; x_wconf 88' lang='lat' dir='ltr'><strong>strophae,</strong></span> <span class='ocrx_word' id='word_1_144' title='bbox 868 1551 1035 1589; x_wconf 89' lang='lat' dir='ltr'><strong>quarum</strong></span> <span class='ocrx_word' id='word_1_145' title='bbox 1070 1539 1230 1589; x_wconf 88' lang='lat' dir='ltr'><strong>quidem</strong></span> <span class='ocrx_word' id='word_1_146' title='bbox 1269 1538 1473 1578; x_wconf 84' lang='lat' dir='ltr'><strong>clausulae</strong></span> <span class='ocrx_word' id='word_1_147' title='bbox 1510 1539 1695 1590; x_wconf 86' lang='lat' dir='ltr'><strong>integrae</strong></span> 
     </span>
     <span class='ocr_line' id='line_1_22' title="bbox 161 1604 1694 1656; baseline 0 -12"><span class='ocrx_word' id='word_1_148' title='bbox 161 1607 358 1656; x_wconf 87' lang='lat' dir='ltr'><strong>servatae,</strong></span> <span class='ocrx_word' id='word_1_149' title='bbox 389 1605 465 1644; x_wconf 92' lang='lat' dir='ltr'><strong>hoc</strong></span> <span class='ocrx_word' id='word_1_150' title='bbox 495 1605 582 1645; x_wconf 88' lang='lat' dir='ltr'><strong>loco</strong></span> <span class='ocrx_word' id='word_1_151' title='bbox 613 1606 820 1644; x_wconf 88' lang='lat' dir='ltr'><strong>ostentant</strong></span> <span class='ocrx_word' id='word_1_152' title='bbox 845 1604 1113 1655; x_wconf 86' lang='lat' dir='ltr'><strong>tetrapodiam</strong></span> <span class='ocrx_word' id='word_1_153' title='bbox 1138 1604 1411 1656; x_wconf 87' lang='lat' dir='ltr'><strong>logaoedicam</strong></span> <span class='ocrx_word' id='word_1_154' title='bbox 1444 1605 1694 1645; x_wconf 87' lang='lat' dir='ltr'><strong>acatalecton</strong></span> 
     </span>
    </p>
   </div>
   <div class='ocr_carea' id='block_1_9' title="bbox 702 1695 1157 1718">
    <p class='ocr_par' dir='ltr' id='par_1_9' title="bbox 702 1695 1157 1718">
     <span class='ocr_line' id='line_1_23' title="bbox 702 1695 1157 1718; baseline 0.002 -1"><span class='ocrx_word' id='word_1_155' title='bbox 702 1695 1157 1718; x_wconf 62' lang='grc' dir='ltr'><strong>-υυ-υυ-υ-Ξ</strong></span> 
     </span>
    </p>
   </div>
   <div class='ocr_carea' id='block_1_10' title="bbox 154 1760 1755 2141">
    <p class='ocr_par' dir='ltr' id='par_1_10' title="bbox 154 1760 1755 2141">
     <span class='ocr_line' id='line_1_24' title="bbox 154 1760 1693 1811; baseline -0.001 -11"><span class='ocrx_word' id='word_1_156' title='bbox 154 1760 326 1806; x_wconf 79' lang='lat' dir='ltr'><strong>Poetam</strong></span> <span class='ocrx_word' id='word_1_157' title='bbox 357 1761 545 1811; x_wconf 80' lang='lat' dir='ltr'><strong>dispares</strong></span> <span class='ocrx_word' id='word_1_158' title='bbox 571 1761 644 1800; x_wconf 90' lang='lat' dir='ltr'><strong>has</strong></span> <span class='ocrx_word' id='word_1_159' title='bbox 677 1760 829 1811; x_wconf 85' lang='lat' dir='ltr'><strong>species</strong></span> <span class='ocrx_word' id='word_1_160' title='bbox 861 1772 1026 1810; x_wconf 87' lang='lat' dir='ltr'><strong>prorsus</strong></span> <span class='ocrx_word' id='word_1_161' title='bbox 1058 1761 1285 1811; x_wconf 89' lang='lat' dir='ltr'><strong>promiscue</strong></span> <span class='ocrx_word' id='word_1_162' title='bbox 1322 1774 1394 1811; x_wconf 87' lang='lat' dir='ltr'><strong>pro</strong></span> <span class='ocrx_word' id='word_1_163' title='bbox 1426 1760 1594 1800; x_wconf 87' lang='lat' dir='ltr'><strong>arbitrio</strong></span> <span class='ocrx_word' id='word_1_164' title='bbox 1626 1760 1693 1799; x_wconf 87' lang='lat' dir='ltr'><strong>ad-</strong></span> 
     </span>
     <span class='ocr_line' id='line_1_25' title="bbox 155 1825 1755 1877; baseline -0.001 -11"><span class='ocrx_word' id='word_1_165' title='bbox 155 1825 335 1866; x_wconf 89' lang='lat' dir='ltr'><strong>hibuisse</strong></span> <span class='ocrx_word' id='word_1_166' title='bbox 375 1839 455 1866; x_wconf 92' lang='lat' dir='ltr'><strong>non</strong></span> <span class='ocrx_word' id='word_1_167' title='bbox 496 1829 558 1866; x_wconf 87' lang='lat' dir='ltr'><strong>est</strong></span> <span class='ocrx_word' id='word_1_168' title='bbox 600 1827 835 1875; x_wconf 81' lang='lat' dir='ltr'><strong>verisimile,</strong></span> <span class='ocrx_word' id='word_1_169' title='bbox 872 1826 1009 1876; x_wconf 87' lang='lat' dir='ltr'><strong>itaque</strong></span> <span class='ocrx_word' id='word_1_170' title='bbox 1047 1827 1196 1866; x_wconf 87' lang='lat' dir='ltr'><strong>conieci</strong></span> <span class='ocrx_word' id='word_1_171' title='bbox 1228 1827 1478 1876; x_wconf 87' lang='lat' dir='ltr'><strong>Alcmanem,</strong></span> <span class='ocrx_word' id='word_1_172' title='bbox 1511 1825 1692 1877; x_wconf 88' lang='lat' dir='ltr'><strong>quamvis</strong></span> <span class='ocrx_word' id='word_1_173' title='bbox 1750 1853 1755 1857; x_wconf 79' lang='lat'><em>-</em></span> 
     </span>
     <span class='ocr_line' id='line_1_26' title="bbox 154 1880 1692 1943; baseline -0.001 -12"><span class='ocrx_word' id='word_1_174' title='bbox 154 1880 229 1943; x_wconf 80' lang='lat' dir='ltr'><strong>per</strong></span> <span class='ocrx_word' id='word_1_175' title='bbox 258 1894 390 1932; x_wconf 90' lang='lat' dir='ltr'><strong>totum</strong></span> <span class='ocrx_word' id='word_1_176' title='bbox 421 1904 583 1932; x_wconf 84' lang='lat' dir='ltr'><strong>carmen</strong></span> <span class='ocrx_word' id='word_1_177' title='bbox 613 1893 775 1932; x_wconf 87' lang='lat' dir='ltr'><strong>easdem</strong></span> <span class='ocrx_word' id='word_1_178' title='bbox 807 1892 994 1943; x_wconf 90' lang='lat' dir='ltr'><strong>strophas</strong></span> <span class='ocrx_word' id='word_1_179' title='bbox 1025 1905 1151 1942; x_wconf 90' lang='lat' dir='ltr'><strong>usque</strong></span> <span class='ocrx_word' id='word_1_180' title='bbox 1182 1893 1432 1942; x_wconf 86' lang='lat' dir='ltr'><strong>repetiverit,</strong></span> <span class='ocrx_word' id='word_1_181' title='bbox 1472 1892 1692 1931; x_wconf 86' lang='lat' dir='ltr'><strong>clausulam</strong></span> 
     </span>
     <span class='ocr_line' id='line_1_27' title="bbox 155 1957 1694 2009; baseline -0.002 -11"><span class='ocrx_word' id='word_1_182' title='bbox 155 1958 199 1998; x_wconf 89' lang='lat' dir='ltr'><strong>in</strong></span> <span class='ocrx_word' id='word_1_183' title='bbox 229 1959 358 1998; x_wconf 85' lang='lat' dir='ltr'><strong>altera</strong></span> <span class='ocrx_word' id='word_1_184' title='bbox 387 1959 504 2008; x_wconf 87' lang='lat' dir='ltr'><strong>parte</strong></span> <span class='ocrx_word' id='word_1_185' title='bbox 535 1958 585 1997; x_wconf 90' lang='lat' dir='ltr'><strong>de</strong></span> <span class='ocrx_word' id='word_1_186' title='bbox 615 1958 816 1998; x_wconf 88' lang='lat' dir='ltr'><strong>industria</strong></span> <span class='ocrx_word' id='word_1_187' title='bbox 846 1959 1078 1998; x_wconf 88' lang='lat' dir='ltr'><strong>variavisse.</strong></span> <span class='ocrx_word' id='word_1_188' title='bbox 1141 1958 1293 2000; x_wconf 76' lang='lat' dir='ltr'><strong>Verum</strong></span> <span class='ocrx_word' id='word_1_189' title='bbox 1333 1961 1545 2009; x_wconf 86' lang='lat' dir='ltr'><strong>postquam</strong></span> <span class='ocrx_word' id='word_1_190' title='bbox 1578 1957 1694 1996; x_wconf 87' lang='lat' dir='ltr'><strong>Blass</strong></span> 
     </span>
     <span class='ocr_line' id='line_1_28' title="bbox 155 2023 1695 2074; baseline -0.002 -10"><span class='ocrx_word' id='word_1_191' title='bbox 155 2025 338 2064; x_wconf 89' lang='lat' dir='ltr'><strong>chartam</strong></span> <span class='ocrx_word' id='word_1_192' title='bbox 381 2024 510 2063; x_wconf 90' lang='lat' dir='ltr'><strong>denuo</strong></span> <span class='ocrx_word' id='word_1_193' title='bbox 555 2024 800 2063; x_wconf 84' lang='lat' dir='ltr'><strong>examinavit</strong></span> <span class='ocrx_word' id='word_1_194' title='bbox 843 2025 886 2063; x_wconf 90' lang='lat' dir='ltr'><strong>et</strong></span> <span class='ocrx_word' id='word_1_195' title='bbox 929 2023 1119 2074; x_wconf 84' lang='lat' dir='ltr'><strong>strophae</strong></span> <span class='ocrx_word' id='word_1_196' title='bbox 1160 2025 1182 2062; x_wconf 83' lang='lat'><strong>7</strong></span> <span class='ocrx_word' id='word_1_197' title='bbox 1221 2036 1342 2064; x_wconf 87' lang='lat' dir='ltr'><strong>versu</strong></span> <span class='ocrx_word' id='word_1_198' title='bbox 1381 2025 1559 2062; x_wconf 85' lang='lat' dir='ltr'><strong>extremo</strong></span> <span class='ocrx_word' id='word_1_199' title='bbox 1598 2023 1695 2061; x_wconf 87' lang='lat' dir='ltr'><strong>haec</strong></span> 
     </span>
     <span class='ocr_line' id='line_1_29' title="bbox 157 2090 669 2141; baseline -0.002 -11"><span class='ocrx_word' id='word_1_200' title='bbox 157 2090 236 2130; x_wconf 88' lang='lat' dir='ltr'><strong>sibi</strong></span> <span class='ocrx_word' id='word_1_201' title='bbox 264 2090 376 2130; x_wconf 86' lang='lat' dir='ltr'><strong>visus</strong></span> <span class='ocrx_word' id='word_1_202' title='bbox 410 2091 473 2130; x_wconf 92' lang='lat' dir='ltr'><strong>est</strong></span> <span class='ocrx_word' id='word_1_203' title='bbox 502 2091 669 2141; x_wconf 73' lang='lat' dir='ltr'><strong>legisse‘</strong></span> 
     </span>
    </p>
   </div>
   <div class='ocr_carea' id='block_1_11' title="bbox 589 2153 1249 2206">
    <p class='ocr_par' dir='ltr' id='par_1_11' title="bbox 589 2153 1249 2206">
     <span class='ocr_line' id='line_1_30' title="bbox 589 2153 1249 2206; baseline -0.005 -1"><span class='ocrx_word' id='word_1_204' title='bbox 589 2197 596 2205; x_wconf 96' lang='lat'>.</span> <span class='ocrx_word' id='word_1_205' title='bbox 621 2197 629 2206; x_wconf 91' lang='lat'><strong>.</strong></span> <span class='ocrx_word' id='word_1_206' title='bbox 656 2153 909 2204; x_wconf 74' lang='grc' dir='ltr'>ΑιΝΑεὲΡΑτ</span> <span class='ocrx_word' id='word_1_207' title='bbox 935 2159 1063 2203; x_wconf 76' lang='grc' dir='ltr'><strong>Ᾰςεπ</strong></span> <span class='ocrx_word' id='word_1_208' title='bbox 1090 2167 1249 2203; x_wconf 58' lang='lat' dir='ltr'><strong>neem</strong></span> 
     </span>
    </p>
   </div>
   <div class='ocr_carea' id='block_1_12' title="bbox 157 2250 1696 2695">
    <p class='ocr_par' dir='ltr' id='par_1_12' title="bbox 157 2250 1696 2695">
     <span class='ocr_line' id='line_1_31' title="bbox 158 2250 1696 2304; baseline -0.002 -13"><span class='ocrx_word' id='word_1_209' title='bbox 158 2252 281 2292; x_wconf 88' lang='lat' dir='ltr'><strong>etiam</strong></span> <span class='ocrx_word' id='word_1_210' title='bbox 319 2251 362 2291; x_wconf 89' lang='lat' dir='ltr'><strong>in</strong></span> <span class='ocrx_word' id='word_1_211' title='bbox 399 2253 528 2293; x_wconf 88' lang='lat' dir='ltr'><strong>altera</strong></span> <span class='ocrx_word' id='word_1_212' title='bbox 569 2254 685 2304; x_wconf 89' lang='lat' dir='ltr'><strong>parte</strong></span> <span class='ocrx_word' id='word_1_213' title='bbox 729 2252 1063 2303; x_wconf 86' lang='lat' dir='ltr'><strong>deprehendimus</strong></span> <span class='ocrx_word' id='word_1_214' title='bbox 1106 2263 1267 2291; x_wconf 91' lang='lat' dir='ltr'><strong>versum</strong></span> <span class='ocrx_word' id='word_1_215' title='bbox 1310 2250 1562 2301; x_wconf 87' lang='lat' dir='ltr'><strong>dactylicum.</strong></span> <span class='ocrx_word' id='word_1_216' title='bbox 1619 2250 1696 2289; x_wconf 86' lang='lat' dir='ltr'><strong>Sed</strong></span> 
     </span>
     <span class='ocr_line' id='line_1_32' title="bbox 157 2315 1695 2369; baseline -0.003 -11"><span class='ocrx_word' id='word_1_217' title='bbox 157 2318 223 2358; x_wconf 89' lang='lat' dir='ltr'><strong>vel</strong></span> <span class='ocrx_word' id='word_1_218' title='bbox 261 2317 318 2357; x_wconf 90' lang='lat' dir='ltr'><strong>sic</strong></span> <span class='ocrx_word' id='word_1_219' title='bbox 357 2318 533 2358; x_wconf 85' lang='lat' dir='ltr'><strong>arbitror</strong></span> <span class='ocrx_word' id='word_1_220' title='bbox 576 2319 738 2369; x_wconf 81' lang='lat' dir='ltr'><strong>poetam</strong></span> <span class='ocrx_word' id='word_1_221' title='bbox 774 2331 855 2358; x_wconf 89' lang='lat' dir='ltr'><strong>non</strong></span> <span class='ocrx_word' id='word_1_222' title='bbox 891 2321 1042 2357; x_wconf 91' lang='lat' dir='ltr'><strong>temere</strong></span> <span class='ocrx_word' id='word_1_223' title='bbox 1080 2317 1177 2356; x_wconf 88' lang='lat' dir='ltr'><strong>haec</strong></span> <span class='ocrx_word' id='word_1_224' title='bbox 1215 2316 1446 2356; x_wconf 84' lang='lat' dir='ltr'><strong>variavisse.</strong></span> <span class='ocrx_word' id='word_1_225' title='bbox 1507 2315 1695 2355; x_wconf 85' lang='lat' dir='ltr'><strong>Fortasse</strong></span> 
     </span>
     <span class='ocr_line' id='line_1_33' title="bbox 159 2382 1694 2435; baseline -0.003 -12"><span class='ocrx_word' id='word_1_226' title='bbox 159 2395 320 2424; x_wconf 86' lang='lat' dir='ltr'><strong>carmen</strong></span> <span class='ocrx_word' id='word_1_227' title='bbox 349 2383 430 2422; x_wconf 93' lang='lat' dir='ltr'><strong>XII</strong></span> <span class='ocrx_word' id='word_1_228' title='bbox 461 2383 637 2434; x_wconf 89' lang='lat' dir='ltr'><strong>strophis</strong></span> <span class='ocrx_word' id='word_1_229' title='bbox 675 2385 903 2435; x_wconf 87' lang='lat' dir='ltr'><strong>constabat,</strong></span> <span class='ocrx_word' id='word_1_230' title='bbox 941 2396 1010 2422; x_wconf 87' lang='lat' dir='ltr'><strong>sex</strong></span> <span class='ocrx_word' id='word_1_231' title='bbox 1048 2382 1223 2433; x_wconf 90' lang='lat' dir='ltr'><strong>strophis</strong></span> <span class='ocrx_word' id='word_1_232' title='bbox 1260 2382 1443 2421; x_wconf 82' lang='lat' dir='ltr'><strong>fabulare</strong></span> <span class='ocrx_word' id='word_1_233' title='bbox 1484 2394 1694 2432; x_wconf 82' lang='lat' dir='ltr'><strong>argumen-</strong></span> 
     </span>
     <span class='ocr_line' id='line_1_34' title="bbox 158 2445 1696 2499; baseline -0.002 -12"><span class='ocrx_word' id='word_1_234' title='bbox 158 2450 246 2487; x_wconf 92' lang='lat' dir='ltr'><strong>tum</strong></span> <span class='ocrx_word' id='word_1_235' title='bbox 278 2448 576 2499; x_wconf 83' lang='lat' dir='ltr'><strong>absolvebatur,</strong></span> <span class='ocrx_word' id='word_1_236' title='bbox 608 2448 777 2488; x_wconf 86' lang='lat' dir='ltr'><strong>totidem</strong></span> <span class='ocrx_word' id='word_1_237' title='bbox 808 2449 964 2488; x_wconf 86' lang='lat' dir='ltr'><strong>lusibus</strong></span> <span class='ocrx_word' id='word_1_238' title='bbox 996 2450 1037 2487; x_wconf 91' lang='lat' dir='ltr'><strong>et</strong></span> <span class='ocrx_word' id='word_1_239' title='bbox 1068 2446 1256 2486; x_wconf 85' lang='lat' dir='ltr'><strong>lasciviae</strong></span> <span class='ocrx_word' id='word_1_240' title='bbox 1282 2446 1453 2498; x_wconf 85' lang='lat' dir='ltr'><strong>puellari</strong></span> <span class='ocrx_word' id='word_1_241' title='bbox 1485 2447 1600 2484; x_wconf 90' lang='lat' dir='ltr'><strong>erant</strong></span> <span class='ocrx_word' id='word_1_242' title='bbox 1632 2445 1696 2484; x_wconf 88' lang='lat' dir='ltr'><strong>de-</strong></span> 
     </span>
     <span class='ocr_line' id='line_1_35' title="bbox 159 2512 1694 2565; baseline -0.003 -13"><span class='ocrx_word' id='word_1_243' title='bbox 159 2513 344 2554; x_wconf 84' lang='lat' dir='ltr'><strong>stinatae.</strong></span> <span class='ocrx_word' id='word_1_244' title='bbox 407 2514 454 2554; x_wconf 91' lang='lat' dir='ltr'><strong>In</strong></span> <span class='ocrx_word' id='word_1_245' title='bbox 491 2516 663 2565; x_wconf 89' lang='lat' dir='ltr'><strong>utraque</strong></span> <span class='ocrx_word' id='word_1_246' title='bbox 707 2515 842 2554; x_wconf 85' lang='lat' dir='ltr'><strong>autem</strong></span> <span class='ocrx_word' id='word_1_247' title='bbox 879 2516 995 2565; x_wconf 88' lang='lat' dir='ltr'><strong>parte</strong></span> <span class='ocrx_word' id='word_1_248' title='bbox 1034 2515 1116 2552; x_wconf 86' lang='lat' dir='ltr'><strong>tres</strong></span> <span class='ocrx_word' id='word_1_249' title='bbox 1154 2512 1309 2562; x_wconf 91' lang='lat' dir='ltr'><strong>priores</strong></span> <span class='ocrx_word' id='word_1_250' title='bbox 1349 2512 1537 2564; x_wconf 84' lang='lat' dir='ltr'><strong>strophae</strong></span> <span class='ocrx_word' id='word_1_251' title='bbox 1579 2523 1694 2549; x_wconf 87' lang='lat' dir='ltr'><strong>versu</strong></span> 
     </span>
     <span class='ocr_line' id='line_1_36' title="bbox 159 2575 1696 2631; baseline -0.002 -14"><span class='ocrx_word' id='word_1_252' title='bbox 159 2578 405 2631; x_wconf 83' lang='lat' dir='ltr'><strong>logaoedico,</strong></span> <span class='ocrx_word' id='word_1_253' title='bbox 431 2581 515 2619; x_wconf 87' lang='lat' dir='ltr'><strong>tres</strong></span> <span class='ocrx_word' id='word_1_254' title='bbox 546 2579 790 2630; x_wconf 87' lang='lat' dir='ltr'><strong>posteriores</strong></span> <span class='ocrx_word' id='word_1_255' title='bbox 823 2592 943 2619; x_wconf 87' lang='lat' dir='ltr'><strong>versu</strong></span> <span class='ocrx_word' id='word_1_256' title='bbox 975 2578 1173 2630; x_wconf 87' lang='lat' dir='ltr'><strong>dactylico</strong></span> <span class='ocrx_word' id='word_1_257' title='bbox 1207 2577 1536 2617; x_wconf 86' lang='lat' dir='ltr'><strong>terminabantur.</strong></span> <span class='ocrx_word' id='word_1_258' title='bbox 1587 2575 1696 2615; x_wconf 85' lang='lat' dir='ltr'><strong>Haec</strong></span> 
     </span>
     <span class='ocr_line' id='line_1_37' title="bbox 160 2641 1694 2695; baseline -0.003 -12"><span class='ocrx_word' id='word_1_259' title='bbox 160 2645 195 2684; x_wconf 89' lang='lat' dir='ltr'><strong>si</strong></span> <span class='ocrx_word' id='word_1_260' title='bbox 219 2645 414 2695; x_wconf 87' lang='lat' dir='ltr'><strong>tenemus,</strong></span> <span class='ocrx_word' id='word_1_261' title='bbox 444 2644 735 2685; x_wconf 87' lang='lat' dir='ltr'><strong>interciderunt</strong></span> <span class='ocrx_word' id='word_1_262' title='bbox 765 2646 816 2685; x_wconf 91' lang='lat' dir='ltr'><strong>ab</strong></span> <span class='ocrx_word' id='word_1_263' title='bbox 847 2644 961 2684; x_wconf 90' lang='lat' dir='ltr'><strong>initio</strong></span> <span class='ocrx_word' id='word_1_264' title='bbox 994 2647 1075 2684; x_wconf 86' lang='lat' dir='ltr'><strong>tres</strong></span> <span class='ocrx_word' id='word_1_265' title='bbox 1110 2643 1310 2694; x_wconf 86' lang='lat' dir='ltr'><strong>strophae,</strong></span> <span class='ocrx_word' id='word_1_266' title='bbox 1342 2643 1383 2682; x_wconf 92' lang='lat' dir='ltr'><strong>in</strong></span> <span class='ocrx_word' id='word_1_267' title='bbox 1409 2641 1485 2680; x_wconf 89' lang='lat' dir='ltr'><strong>fine</strong></span> <span class='ocrx_word' id='word_1_268' title='bbox 1519 2654 1598 2680; x_wconf 88' lang='lat' dir='ltr'><strong>una</strong></span> <span class='ocrx_word' id='word_1_269' title='bbox 1628 2641 1694 2680; x_wconf 88' lang='lat' dir='ltr'><strong>de-</strong></span> 
     </span>
    </p>
   </div>
   <div class='ocr_carea' id='block_1_13' title="bbox 323 2750 444 2754">
    <p class='ocr_par' dir='ltr' id='par_1_13' title="bbox 323 2750 444 2754">
     <span class='ocr_line' id='line_1_38' title="bbox 323 2750 444 2754; baseline 0 0"><span class='ocrx_word' id='word_1_270' title='bbox 323 2750 444 2754; x_wconf 95' lang='lat' dir='ltr'><strong> </strong></span> 
     </span>
    </p>
   </div>
   <div class='ocr_carea' id='block_1_14' title="bbox 280 2805 1161 2853">
    <p class='ocr_par' dir='ltr' id='par_1_14' title="bbox 280 2805 1161 2853">
     <span class='ocr_line' id='line_1_39' title="bbox 280 2805 1161 2853; baseline -0.003 -10"><span class='ocrx_word' id='word_1_271' title='bbox 280 2806 314 2852; x_wconf 73' lang='grc'><strong>*)</strong></span> <span class='ocrx_word' id='word_1_272' title='bbox 340 2806 631 2853; x_wconf 85' lang='lat' dir='ltr'><strong>Hephaestionis</strong></span> <span class='ocrx_word' id='word_1_273' title='bbox 656 2807 781 2843; x_wconf 89' lang='lat' dir='ltr'><strong>locum</strong></span> <span class='ocrx_word' id='word_1_274' title='bbox 805 2807 938 2853; x_wconf 85' lang='lat' dir='ltr'><strong>postea</strong></span> <span class='ocrx_word' id='word_1_275' title='bbox 961 2805 1161 2843; x_wconf 88' lang='lat' dir='ltr'><strong>adhibebo.</strong></span> 
     </span>
    </p>
   </div>
   <div class='ocr_carea' id='block_1_15' title="bbox 162 2864 1695 2959">
    <p class='ocr_par' dir='ltr' id='par_1_15' title="bbox 162 2864 1695 2959">
     <span class='ocr_line' id='line_1_40' title="bbox 256 2864 1695 2911; baseline -0.001 -10"><span class='ocrx_word' id='word_1_276' title='bbox 256 2864 312 2911; x_wconf 75' lang='grc'><strong>**)</strong></span> <span class='ocrx_word' id='word_1_277' title='bbox 336 2865 476 2902; x_wconf 84' lang='lat' dir='ltr'><strong>Notam</strong></span> <span class='ocrx_word' id='word_1_278' title='bbox 499 2867 594 2903; x_wconf 85' lang='lat' dir='ltr'><strong>hanc</strong></span> <span class='ocrx_word' id='word_1_279' title='bbox 614 2866 753 2902; x_wconf 84' lang='lat' dir='ltr'><strong>Anecd.</strong></span> <span class='ocrx_word' id='word_1_280' title='bbox 779 2865 936 2903; x_wconf 82' lang='lat' dir='ltr'><strong>Parisin.</strong></span> <span class='ocrx_word' id='word_1_281' title='bbox 963 2867 1003 2902; x_wconf 89' lang='lat' dir='ltr'><strong>et</strong></span> <span class='ocrx_word' id='word_1_282' title='bbox 1027 2865 1189 2903; x_wconf 83' lang='lat' dir='ltr'><strong>Isidorus</strong></span> <span class='ocrx_word' id='word_1_283' title='bbox 1215 2865 1426 2901; x_wconf 83' lang='lat' dir='ltr'><strong>recensent.</strong></span> <span class='ocrx_word' id='word_1_284' title='bbox 1454 2884 1492 2890; x_wconf 87' lang='lat'><em>-</em></span> <span class='ocrx_word' id='word_1_285' title='bbox 1525 2871 1559 2907; x_wconf 73' lang='grc'><strong>1-</strong></span> <span class='ocrx_word' id='word_1_286' title='bbox 1595 2874 1695 2899; x_wconf 84' lang='lat' dir='ltr'><strong>aver</strong></span> 
     </span>
     <span class='ocr_line' id='line_1_41' title="bbox 162 2914 1029 2959; baseline 0.001 -10"><span class='ocrx_word' id='word_1_287' title='bbox 162 2924 217 2951; x_wconf 81' lang='lat' dir='ltr'><strong>sa.</strong></span> <span class='ocrx_word' id='word_1_288' title='bbox 241 2914 406 2959; x_wconf 75' lang='lat' dir='ltr'><strong>quotiens</strong></span> <span class='ocrx_word' id='word_1_289' title='bbox 429 2918 474 2951; x_wconf 64' lang='lat' dir='ltr'><strong>stt</strong></span> <span class='ocrx_word' id='word_1_290' title='bbox 476 2915 566 2959; x_wconf 78' lang='lat' dir='ltr'><strong>osae</strong></span> <span class='ocrx_word' id='word_1_291' title='bbox 590 2914 805 2959; x_wconf 76' lang='lat' dir='ltr'><strong>antistrofos</strong></span> <span class='ocrx_word' id='word_1_292' title='bbox 829 2915 1029 2959; x_wconf 68' lang='lat' dir='ltr'><strong>infortumf‘</strong></span> 
     </span>
    </p>
   </div>
  </div>
 </body>
</html>
