1864 3126
794 141 1008 179 ALCMAN.
1143 113 1146 118 Ι
1611 142 1669 186 25

558 251 728 308 Εὖτείχη
758 269 797 295 τε
827 251 1007 296 ,Ρᾶνακῑιὶ
1038 251 1071 295 τ’
1106 251 1248 308 ἀρήιον

132 362 202 418 qui
231 365 312 405 iam
344 363 495 405 dudum
527 376 582 415 ex,
612 362 791 403 Crameri
830 362 1045 403 Anecdotis
1083 361 1374 403 Oxoniensibus
1413 363 1608 415 innotuit,
1646 377 1670 403 a

131 443 197 472 me
226 432 444 483 praeeunte
477 428 775 469 Schneidewino
814 429 864 467 ad
896 429 970 468 hoc
1002 441 1163 468 carmen
1195 430 1346 469 relatus
1379 429 1473 470 fuit:
1516 431 1670 481 spectat

132 495 239 537 enim
262 495 495 547 versiculus,
525 498 572 535 ut
598 495 696 535 scite
721 494 1007 534 animadvertit
1032 494 1318 544 Schneidewin,
1344 497 1394 535 ad
1424 496 1669 547 Hippocoon-

132 561 309 603 tidarum
340 562 519 614 caedem,
540 574 677 613 ‚quam
708 560 943 600 Alcmanem
980 560 1021 599 in
1058 560 1161 599 libro
1192 561 1212 599 Ι
1244 561 1492 601 enai-iuvisse
1530 564 1671 602 auctor

133 628 196 669 ent
225 627 348 669 schol.
380 626 505 668 clem.
538 628 662 678 Alex.,
693 627 831 678 itaque
864 626 1035 666 secundo
1067 626 1234 666 carmini
1260 627 1351 666 libri
1379 628 1396 666 I
1423 628 1506 667 sive
1531 640 1669 678 prooe-

131 693 211 734 mio
242 693 284 733 in
315 692 502 734 Castores
532 693 743 745 probabili,
775 695 820 732 ut
851 694 947 732 tunc
978 692 1201 744 videbatur,
1227 693 1381 732 ratione
1409 694 1666 734 attribuimus

131 758 255 799 istum
291 759 544 800 versiculum.
600 758 751 799 Verum
791 760 1005 810 postquam
1041 757 1198 797 Ahrens
1239 759 1432 816 ostendit,
1473 760 1668 810 poematis

134 825 254 866 huius
285 825 491 866 Parthenii
522 825 710 877 strophae
743 824 1077 876 quemadmodum
1115 824 1265 863 fuerint
1304 825 1555 875 aedificatae,
1592 827 1672 866 ista

132 890 266 942 opinio
297 892 456 932 omnino
488 891 728 932 abiicienda:
760 903 853 930 nam
886 903 976 930 cum
1007 890 1151 929 harum
1183 890 1439 941 stropharum
1471 892 1670 943 diagram-

131 958 241 997 mate
276 956 470 1008 reliquiae
506 956 700 1008 prooemii
735 957 778 995 in
815 954 1002 996 Castores
1040 958 1247 1007 nequeunt
1286 957 1508 1007 conciliari,
1544 970 1672 1008 neque

135 1022 356 1064 verisimile
386 1022 605 1063 Parthenia
635 1023 763 1074 primo
795 1021 899 1061 libro
930 1022 1084 1061 inserta
1114 1022 1251 1062 fuisse.

253 1111 425 1152 Carmen
456 1113 531 1153 hoc
562 1111 750 1165 quoniam
783 1110 942 1150 exordio
976 1110 1161 1150 orbatum
1202 1113 1281 1161 est,
1321 1112 1384 1151 cui
1420 1112 1494 1152 deo
1526 1112 1673 1152 deaeve

135 1177 361 1218 dedicatum
393 1178 515 1218 fuerit
544 1178 796 1230 ignoramus,
828 1185 922 1217 na'm
953 1189 1001 1216 ex
1038 1176 1232 1216 fabularis
1269 1178 1531 1229 narrationis,
1571 1191 1672 1230 quae

134 1243 288 1284 inserta
319 1247 392 1296 est,
423 1243 556 1284 indole
588 1245 802 1299 nonsatis
841 1246 930 1284 tuto
970 1245 1236 1284 coniecturam
1278 1245 1423 1295 capias.
1484 1244 1673 1284 Fortasse

134 1308 296 1351 carmen
332 1310 486 1350 Dianae
525 1309 691 1350 Orthiae
730 1310 990 1361 destinatum,
1030 1312 1226 1362 siquidem
1266 1325 1303 1361 p.
1336 1309 1377 1348 Η
1408 1323 1443 1349 v.
1478 1311 1530 1350 27
1565 1313 1673 1350 recte
1735 1352 1737 1354 ,

132 1375 254 1415 huius
285 1375 384 1415 deae
414 1387 560 1415 nomen
590 1375 762 1427 restitui,
795 1388 839 1415 ac
871 1377 949 1416 nisi
980 1376 1101 1416 fallor
1134 1376 1256 1416 sacris
1289 1375 1437 1427 vigiliis
1469 1375 1672 1426 virginum

133 1442 276 1483 chorus
314 1443 389 1482 hoc
426 1454 587 1482 carmen
627 1443 812 1491 canebat,
850 1442 928 1483 vid.
962 1444 1172 1493 praeterea
1203 1456 1242 1492 p.
1273 1442 1314 1480 II
1345 1455 1381 1481 v.
1415 1442 1488 1480 28:
1536 1454 1672 1492 quem-

117 1507 348 1548 ,admodum
392 1508 513 1547 etiam
551 1508 722 1547 Athenis
759 1505 938 1559 virgines
977 1507 1181 1547 Minervae
1222 1506 1479 1557 pervigilium
1518 1506 1672 1546 choreis

133 1573 404 1623 celebrabant,
435 1572 516 1613 vid.
546 1572 684 1624 Eurip.
716 1573 874 1612 Heracl.
909 1573 1012 1613 781:
1051 1568 1294 1626 ὀλολύγματα
1330 1571 1564 1624 παννυχίοις
1594 1564 1672 1611 ὑπὸ

135 1635 354 1692 παρθένων
385 1636 516 1690 ἰακχεῖ
539 1637 677 1677 ποδῶν
708 1633 916 1689 κρότοισιν.

198 1723 367 1768 Veteres
406 1727 658 1780 grammatici
696 1740 787 1766 cum
826 1727 991 1766 melicae
1028 1727 1161 1779 poesis
1202 1728 1315 1768 varia
1351 1739 1503 1779 genera
1541 1739 1675 1766 recen-

140 1795 242 1844 sent,
272 1794 447 1845 primum
478 1793 656 1833 carmina
686 1793 730 1832 in
759 1793 924 1832 deorum
949 1793 1142 1833 honorem
1167 1794 1327 1844 scripta,
1354 1795 1441 1833 tum
1466 1793 1673 1833 hominum

134 1859 324 1900 laudibus
355 1859 558 1900 destinata
589 1861 835 1910 enumerant,
869 1859 1038 1909 denique
1070 1860 1276 1910 poemata,
1315 1872 1486 1910 quorum
1528 1858 1673 1910 duplex

134 1925 215 1965 fuit
244 1927 542 1978 argumentum,
569 1938 671 1977 quae
696 1929 742 1965 ut
766 1924 935 1965 Proclus
961 1923 1070 1973 dicit,
1103 1923 1157 1972 εἰς
1188 1919 1311 1971 θεοὺς
1342 1919 1574 1977 γραφόμενα
1604 1921 1671 1963 καὶ

134 1986 365 2043 ἀνθρώπων
388 1990 639 2044 περιείληφεν
659 1989 862 2039 ἕπαίνουςε
892 2003 1086 2042 quorsum
1110 1990 1236 2030 refert
1260 1993 1494 2042 παρθενεῖα,
1515 1989 1671 2041 δαφνη-

135 2051 297 2108 moenai,
329 2051 588 2109 ὀσχοφορικᾶ,
620 2051 840 2109 εὖκτικᾶ*).
902 2056 962 2096 Ac
987 2068 1091 2095 nunc
1117 2055 1278 2094 demum
1303 2055 1371 2094 ubi
1396 2056 1553 2105 partem
1579 2054 1673 2093 Par·

136 2120 265 2160 thenii
296 2120 518 2162 Alcmanici
555 2121 886 2173 reciperavimus,
923 2122 1044 2172 paulo
1081 2121 1239 2172 planius
1276 2121 1534 2171 perspicitur,
1573 2132 1674 2170 quae

134 2185 289 2227 indoles
320 2187 445 2228 fuerit
474 2188 646 2228 istorum
678 2187 915 2227 carminum:
954 2200 1049 2227 sane
1087 2190 1129 2226 et
1166 2187 1297 2237 prima
1329 2190 1369 2225 et
1400 2188 1579 2225 extrema
1610 2186 1675 2224 de-

136 2251 376 2302 siderantur,
408 2255 450 2292 et
480 2253 586 2304 quod
618 2253 842 2304 aegerrime
873 2252 1052 2301 ferimus,
1084 2251 1271 2291 carminis
1302 2251 1497 2301 reliquiae
1528 2262 1675 2302 magna

68 2362 75 2369 ,
136 2330 185 2357 ex
220 2320 336 2368 parte
376 2319 462 2357 tam
498 2319 601 2358 male
642 2321 735 2358 sunt
772 2318 933 2358 habitae
971 2319 1092 2368 atque
1130 2317 1229 2356 adeo
1267 2317 1475 2365 obscurae,
1516 2318 1561 2355 ut
1596 2329 1675 2355 non

135 2382 256 2422 liceat
279 2382 322 2422 in
347 2383 552 2435 integrum
583 2383 815 2423 restituere:
848 2382 917 2422 sed
943 2385 1111 2434 apparet
1135 2384 1296 2434 poetam
1322 2382 1364 2421 in
1389 2382 1521 2433 priore
1547 2384 1673 2432 parte,

136 2459 238 2498 quae
275 2447 326 2487 ad
358 2448 524 2487 deorum
554 2448 790 2499 religionem
829 2448 1072 2499 pertinebat,
1111 2461 1222 2487 more
1262 2447 1463 2487 tralaticio
1495 2447 1674 2486 fabulam

138 2512 360 2563 antiquitus
392 2514 586 2553 traditam
617 2512 800 2565 quamvis
839 2514 1011 2553 strictim
1049 2514 1316 2554 enarravisse:
1355 2516 1440 2552 tum
1479 2513 1581 2551 serio
1614 2525 1674 2550 ar-

137 2580 329 2630 gumento
361 2579 483 2619 misso
514 2579 555 2618 in
587 2591 672 2618 rem
696 2582 950 2630 praesentem
975 2579 1182 2619 audientes
1208 2579 1402 2630 perducit,
1427 2577 1672 2617 ludibundus

139 2644 190 2684 ad
227 2644 391 2684 chorum
432 2657 475 2684 se
512 2645 710 2685 convertit
746 2647 787 2685 et
831 2646 872 2684 in
910 2646 1113 2696 virginum
1151 2645 1268 2684 laude
1312 2645 1513 2692 versatur,
1557 2643 1673 2682 tanta

235 2818 270 2863 *)
291 2814 556 2865 ’Ῥπορχήματα
590 2829 684 2863 quae
716 2829 740 2854 a
770 2817 954 2864 principio
985 2817 1138 2853 deorum
1171 2814 1344 2863 religioni
1376 2826 1442 2861 per
1466 2814 1594 2852 omnia
1617 2814 1670 2867 in-

141 2864 370 2910 serviebant,
401 2867 535 2912 postea
566 2866 606 2903 in
635 2866 854 2903 societatem
881 2864 1046 2901 eiusdem
1077 2863 1251 2901 licentiae
1277 2864 1473 2907 venerunt,
1506 2874 1602 2910 quae
1634 2874 1672 2897 in

142 2912 355 2950 Partheniis
380 2913 553 2950 cernitur.
