1864 3126
189 157 192 161 ·
241 149 324 190 714
559 130 562 135 ⁴
693 146 996 183 FRAGMENTA
1020 146 1289 184 ADESPOTA.
1311 175 1318 182 .

332 342 354 367 ,κ
414 341 438 366 *
498 341 521 367 *
581 340 605 366 *
665 340 688 366 *
719 324 854 381 φαντὶ
887 323 937 369 δὲ
967 324 1257 383 πρωτόγονον
1289 324 1558 383 Γαράμαντα

334 399 497 452 Λίβυες
528 394 769 454 αὐχμηρῶν
800 398 966 440 πεδίων
998 394 1227 441 ἀναδύντα
1257 400 1462 454 γλυκείας
1486 395 1598 449 Διὸς
1620 395 1761 456 ducio-
1830 422 1853 484 ‘l

1089 468 1251 520 ξασθαι
1282 467 1501 524 βαλάνου·

334 541 497 590 Νεῖλος
528 537 577 581 δὲ
639 573 1005 583 ......

265 622 308 653 15
335 607 604 665 σαρκούμεν’
638 607 754 667 ὑγρᾷ
786 608 1026 667 θερμότατι
1061 608 1146 663 ζωὰ
1180 606 1343 667 δώματ’
1378 608 1570 655 ἀνδιδοῖ.

967 730 1035 773 85.

563 824 801 857 ΕΠΙΝΙΚΟΣ
827 824 1099 858 EXEKPATEI
1123 823 1437 858 OPXOMENIQI.

331 954 639 987 ύύυ-’.Ι-υ..

332 1203 594 1224 ‚Lo-Lu-

331 1677 878 1701 Δυ-υ-υυ-Λ-υ-

264 1727 592 1759 munaum--

238 1866 376 1898 versus,
402 1854 522 1900 possis
549 1854 620 1889 huc
645 1853 782 1890 referre
801 1855 844 1890 fr.
867 1860 933 1891 237
961 1856 1006 1891 de
1027 1854 1280 1891 Erichthonio.
1308 1875 1353 1881 -—
1379 1855 1424 1891 V.
1446 1860 1502 1890 12.
1529 1852 1635 1899 Γαροῖ
1665 1869 1762 1891 αντα

239 1901 380 1947 scripsi,
406 1904 595 1937 auctorem
621 1901 888 1938 Garamantum
914 1903 1047 1948 gentis,
1073 1914 1184 1948 quem
1211 1901 1361 1938 Servius
1387 1902 1490 1948 Virg.
1510 1902 1601 1938 Aen.
1623 1903 1637 1938 l
1695 1906 1762 1939 198

238 1948 423 1993 Apollinis
447 1948 565 1983 filium
592 1948 705 1983 fuisse
731 1949 915 1994 perhibet.
937 1971 979 1976 —-
1002 1950 1044 1985 V.
1067 1954 1111 1985 14
1132 1951 1169 1985 et
1190 1954 1233 1985 15
1260 1951 1360 1985 certo
1386 1950 1534 1985 restitui
1559 1952 1761 1996 nequeunt,

238 1997 408 2031 lacunam
436 1998 548 2031 antea
574 1996 626 2031 sic
651 1996 903 2041 redintegravi
930 1996 1134 2042 Αἰγυπτίαν
1159 1995 1201 2032 δὲ
1229 1998 1370 2036 Νεῖλος
1396 1994 1457 2032 ἐπ’
1485 1995 1562 2032 ἰλύι·
1590 1998 1766 2041 πιαίνων,

240 2043 304 2078 sed
332 2041 406 2086 ζωὰ
434 2039 575 2089 σώματ’
604 2053 671 2088 pro
698 2043 774 2090 ζῷα
800 2044 865 2078 καὶ
891 2044 996 2089 σῶμα
1022 2045 1170 2079 0111111110
1204 2044 1277 2079 fuit
1302 2044 1578 2089 corrigendum,
1612 2043 1770 2080 ἀνδιδοῖ

240 2091 404 2125 restituit
428 2091 627 2126 Hermann.
668 2080 770 2133 Quae
798 2091 975 2136 Origenes
1000 2092 1045 2127 de
1070 2091 1304 2136 Assyriorum
1325 2090 1452 2126 Oanne
1471 2093 1609 2135 narrat,
1635 2103 1765 2136 quam·
1797 2096 1799 2098 ’

241 2149 354 2183 quam
378 2138 472 2174 bene
498 2139 647 2184 poterat
671 2138 785 2172 etiam
810 2143 922 2184 poeta
946 2138 1055 2174 huius
1081 2139 1202 2174 famae
1222 2137 1448 2173 mentionem
1468 2138 1601 2182 facere,
1629 2139 1675 2174 de
1695 2149 1763 2174 suo

241 2184 420 2221 adiecisse
446 2185 649 2221 censendus
675 2187 748 2220 est:
781 2197 864 2221 nam
900 2188 1098 2232 postquam
1130 2185 1209 2221 Nili
1235 2187 1476 2231 generantem
1500 2185 1576 2220 vim
1602 2185 1765 2222 illustra·

244 2235 349 2268 verat
372 2235 496 2279 poeta,
522 2244 596 2268 non
621 2231 698 2267 iam
723 2232 825 2268 locus
851 2233 1031 2269 eiusmodi
1055 2233 1192 2269 fabulis
1215 2232 1297 2269 fuit.

338 2280 395 2316 Fr.
423 2284 479 2316 85.
530 2280 610 2315 Hoc
629 2280 879 2325 fragmentum
899 2281 1024 2317 nescio
1045 2281 1147 2316 cuius
1166 2280 1290 2316 melici
1310 2282 1443 2325 poetae
1462 2281 1548 2326 post
1565 2280 1622 2325 Eg
1597 2291 1764 2326 ggerum,

244 2327 307 2372 qui
335 2327 372 2362 in
398 2327 502 2362 Actis
530 2326 642 2362 Acad.
668 2327 781 2362 Paris
811 2331 901 2363 1877
928 2329 973 2363 de
1005 2328 1064 2363 his
1095 2327 1263 2373 reliquiis
1289 2327 1480 2371 disseruit,
1512 2327 1615 2362 Blass
1646 2327 1766 2363 edidit

241 2374 278 2409 in
305 2375 398 2411 Mus.
427 2375 544 2410 Rhea
571 2373 709 2409 XXXII
735 2379 805 2410 450
821 2386 895 2420 seq
945 2375 1129 2421 Repertae
1163 2377 1251 2410 sunt
1281 2377 1368 2410 ante
1400 2375 1548 2419 aliquot
1578 2385 1694 2410 annos
1723 2374 1764 2410 in
1824 2379 1829 2385 ¹

240 2421 414 2467 Aegypto
447 2421 581 2467 viginti
612 2421 825 2467 fragmenta
856 2423 1084 2467 chartarum,
1117 2423 1282 2458 eiusdem
1312 2423 1353 2457 ut
1378 2420 1527 2457 videtur
1552 2421 1763 2467 voluminis,

241 2469 339 2513 quod
366 2471 512 2514 poetae
525 2469 682 2504 alicuius
708 2469 815 2514 lyrici
840 2471 1016 2515 poemata
1042 2470 1273 2505 continebat:
1301 2469 1365 2504 secl
1386 2471 1535 2514 praeter
1552 2480 1667 2504 unum
1693 2469 1764 2504 hoc

241 2517 507 2561 fragmentum,
533 2516 632 2561 quod
658 2527 770 2562 supra
808 2517 974 2558 exhibui,
1006 2517 1151 2562 reliqua
1175 2519 1254 2552 tam
1281 2516 1394 2570 exilia
1419 2517 1486 2551 aut
1508 2517 1606 2552 male
1631 2515 1764 2551 habita

243 2566 339 2608 sunt,
365 2566 407 2599 ut
431 2564 502 2599 hoc
532 2564 616 2599 loco
649 2564 816 2608 repetere
848 2564 1046 2600 noluerim:
1080 2575 1167 2600 nam
1199 2564 1260 2600 vel
1290 2563 1328 2599 111
1355 2563 1517 2599 secundo
1541 2563 1764 2609 fragmento,

242 2611 342 2655 quod
367 2612 499 2647 ceteris
533 2611 728 2656 aliquanto
760 2611 880 2657 magis
911 2611 1098 2658 integrum
1131 2613 1205 2655 est,
1235 2622 1349 2646 unum
1381 2611 1527 2646 tantum
1557 2610 1763 2646 alterumve

241 2659 465 2693 vocabulum
497 2658 606 2694 licuit
630 2668 913 2703 recognoscere,
945 2660 1049 2695 velut
1074 2671 1212 2703 αρεταν
1238 2672 1277 2694 τε
1303 2670 1429 2704 νεμεις
1463 2657 1524 2693 vel
1549 2655 1671 2694 διέπει
1702 2657 1763 2692 vel

241 2706 322 2739 δαι
352 2719 451 2751 μον.,
485 2705 612 2741 insunt
642 2707 767 2741 autem
799 2706 838 2741 in
869 2686 935 2741 illo
947 2706 1175 2761 fragmento
1207 2707 1364 2742 duorum
1389 2705 1653 2740 laterculorum
1678 2703 1762 2739 reli—

243 2752 364 2796 quiae,
390 2753 444 2787 ita
469 2755 511 2788 ut
535 2763 706 2789 versuum
734 2753 923 2788 clausulae
955 2754 1089 2799 prioris
1114 2753 1303 2796 laterculi,
1335 2752 1547 2799 posterioris
1578 2751 1764 2797 principia

243 2803 390 2835 servata
415 2800 501 2845 sint,
534 2802 572 2836 et
597 2799 657 2836 hic
683 2799 832 2845 quidem
861 2803 1052 2846 comparet
1077 2812 1151 2836 non
1178 2801 1296 2836 solum
1316 2799 1572 2853 paragraphus
1592 2818 1635 2824 -—-
1663 2798 1700 2834 et
1717 2799 1763 2843 X,

243 2847 454 2926 fedi-,etiam
488 2847 564 2883 alia
593 2847 684 2883 nota
710 2852 748 2892 ³0,
779 2851 823 2883 ut
854 2848 1002 2883 videtur
1032 2848 1188 2884 corom‘s.
1232 2848 1274 2882 In
1304 2845 1406 2883 tertii
1429 2845 1632 2892 fragmenti
1655 2844 1763 2881 initio

257 2902 316 2936 egl
337 2905 378 2927 ur
