<?xml version="1.0" encoding="UTF-8"?>
<!DOCTYPE html PUBLIC "-//W3C//DTD XHTML 1.0 Transitional//EN"
    "http://www.w3.org/TR/xhtml1/DTD/xhtml1-transitional.dtd">
<html xmlns="http://www.w3.org/1999/xhtml" xml:lang="en" lang="en">
 <head>
  <title>
</title>
<meta http-equiv="Content-Type" content="text/html;charset=utf-8" />
  <meta name='ocr-system' content='tesseract 3.04.00' />
  <meta name='ocr-capabilities' content='ocr_page ocr_carea ocr_par ocr_line ocrx_word'/>
</head>
<body>
  <div class='ocr_page' id='page_1' title='image "./poetaelyricigrae03berguoft_0664.png"; bbox 0 0 1864 3126; ppageno 0'>
   <div class='ocr_carea' id='block_1_1' title="bbox 640 635 1864 711">
    <p class='ocr_par' dir='ltr' id='par_1_1' title="bbox 640 635 1864 711">
     <span class='ocr_line' id='line_1_1' title="bbox 640 635 1864 711; baseline 0.002 -27"><span class='ocrx_word' id='word_1_1' title='bbox 640 635 903 685; x_wconf 81' lang='lat' dir='ltr'>CARMIN</span> <span class='ocrx_word' id='word_1_2' title='bbox 905 636 950 685; x_wconf 95' lang='lat' dir='ltr'>A</span> <span class='ocrx_word' id='word_1_3' title='bbox 986 636 1394 687; x_wconf 87' lang='lat' dir='ltr'>POPULARIA.</span> <span class='ocrx_word' id='word_1_4' title='bbox 1699 654 1793 687; x_wconf 61' lang='grc' dir='ltr'><em>ιιι-ι·</em></span> <span class='ocrx_word' id='word_1_5' title='bbox 1859 704 1864 711; x_wconf 34' lang='grc' dir='ltr'>ι</span> 
     </span>
    </p>
   </div>
   <div class='ocr_carea' id='block_1_2' title="bbox 892 752 1157 868">
    <p class='ocr_par' dir='ltr' id='par_1_2' title="bbox 892 752 1157 868">
     <span class='ocr_line' id='line_1_2' title="bbox 892 752 1157 788; baseline 0.008 -3"><span class='ocrx_word' id='word_1_6' title='bbox 892 752 1157 788; x_wconf 80' lang='grc' dir='ltr'><em>ΙΟΤΛΟΣ.</em></span> 
     </span>
     <span class='ocr_line' id='line_1_3' title="bbox 1013 826 1047 868; baseline 0.029 -1"><span class='ocrx_word' id='word_1_7' title='bbox 1013 826 1047 868; x_wconf 92' lang='grc'><em>1.</em></span> 
     </span>
    </p>
   </div>
   <div class='ocr_carea' id='block_1_3' title="bbox 354 899 1149 962">
    <p class='ocr_par' dir='ltr' id='par_1_3' title="bbox 354 899 1149 962">
     <span class='ocr_line' id='line_1_4' title="bbox 354 899 1149 962; baseline 0.004 -15"><span class='ocrx_word' id='word_1_8' title='bbox 354 908 576 949; x_wconf 79' lang='grc' dir='ltr'><em>Πλεῖστον</em></span> <span class='ocrx_word' id='word_1_9' title='bbox 610 899 749 950; x_wconf 74' lang='grc' dir='ltr'><em>οὖλον</em></span> <span class='ocrx_word' id='word_1_10' title='bbox 781 907 858 962; x_wconf 77' lang='grc' dir='ltr'><em>ἰἐι,</em></span> <span class='ocrx_word' id='word_1_11' title='bbox 892 911 1048 950; x_wconf 77' lang='grc' dir='ltr'><strong><em>ἴουλον</em></strong></span> <span class='ocrx_word' id='word_1_12' title='bbox 1079 908 1149 951; x_wconf 84' lang='grc' dir='ltr'><em>ἵει.</em></span> 
     </span>
    </p>
   </div>
   <div class='ocr_carea' id='block_1_4' title="bbox 911 1026 1130 1063">
    <p class='ocr_par' dir='ltr' id='par_1_4' title="bbox 911 1026 1130 1063">
     <span class='ocr_line' id='line_1_5' title="bbox 911 1026 1130 1063; baseline 0.018 -5"><span class='ocrx_word' id='word_1_13' title='bbox 911 1026 1130 1063; x_wconf 81' lang='grc' dir='ltr'><em>ΛΙΝΟΣ.</em></span> 
     </span>
    </p>
   </div>
   <div class='ocr_carea' id='block_1_5' title="bbox 308 1110 1055 1601">
    <p class='ocr_par' dir='ltr' id='par_1_5' title="bbox 308 1110 1055 1593">
     <span class='ocr_line' id='line_1_6' title="bbox 1007 1110 1048 1152; baseline 0.024 -1"><span class='ocrx_word' id='word_1_14' title='bbox 1007 1110 1048 1152; x_wconf 84' lang='grc'><em>2.</em></span> 
     </span>
     <span class='ocr_line' id='line_1_7' title="bbox 346 1173 929 1239; baseline 0.003 -17"><span class='ocrx_word' id='word_1_15' title='bbox 346 1173 403 1222; x_wconf 78' lang='grc' dir='ltr'><em>Ὦ,</em></span> <span class='ocrx_word' id='word_1_16' title='bbox 433 1182 543 1224; x_wconf 86' lang='grc' dir='ltr'><em>Λίνε</em></span> <span class='ocrx_word' id='word_1_17' title='bbox 575 1179 721 1239; x_wconf 81' lang='grc' dir='ltr'><em>(πᾶσι)</em></span> <span class='ocrx_word' id='word_1_18' title='bbox 751 1186 929 1224; x_wconf 79' lang='grc' dir='ltr'><em>θεοῖσιν</em></span> 
     </span>
     <span class='ocr_line' id='line_1_8' title="bbox 354 1251 999 1309; baseline 0.003 -15"><span class='ocrx_word' id='word_1_19' title='bbox 354 1251 569 1308; x_wconf 82' lang='grc' dir='ltr'><em>τετιμένε,</em></span> <span class='ocrx_word' id='word_1_20' title='bbox 602 1251 673 1295; x_wconf 88' lang='grc' dir='ltr'><em>σοὶ</em></span> <span class='ocrx_word' id='word_1_21' title='bbox 705 1251 792 1309; x_wconf 74' lang='grc' dir='ltr'><em>γὰρ</em></span> <span class='ocrx_word' id='word_1_22' title='bbox 825 1254 999 1296; x_wconf 82' lang='grc' dir='ltr'><em>ἔδωκαν</em></span> 
     </span>
     <span class='ocr_line' id='line_1_9' title="bbox 355 1321 1021 1382; baseline 0.003 -17"><span class='ocrx_word' id='word_1_23' title='bbox 355 1321 513 1382; x_wconf 76' lang='grc' dir='ltr'><em>πρώτῳ</em></span> <span class='ocrx_word' id='word_1_24' title='bbox 546 1324 677 1379; x_wconf 81' lang='grc' dir='ltr'><strong><em>μέλος</em></strong></span> <span class='ocrx_word' id='word_1_25' title='bbox 708 1321 1021 1381; x_wconf 76' lang='grc' dir='ltr'><em>ἀνθρώποισιν</em></span> 
     </span>
     <span class='ocr_line' id='line_1_10' title="bbox 356 1392 953 1451; baseline 0.002 -14"><span class='ocrx_word' id='word_1_26' title='bbox 356 1403 527 1450; x_wconf 80' lang='grc' dir='ltr'><em>φωναῖς</em></span> <span class='ocrx_word' id='word_1_27' title='bbox 559 1399 761 1451; x_wconf 77' lang='grc' dir='ltr'><em>λιγυραῖς</em></span> <span class='ocrx_word' id='word_1_28' title='bbox 792 1392 953 1451; x_wconf 71' lang='grc' dir='ltr'><em>ἀεῖσαι·</em></span> 
     </span>
     <span class='ocr_line' id='line_1_11' title="bbox 308 1463 1055 1525; baseline 0.004 -18"><span class='ocrx_word' id='word_1_29' title='bbox 308 1476 328 1507; x_wconf 88' lang='lat'>5</span> <span class='ocrx_word' id='word_1_30' title='bbox 359 1468 526 1521; x_wconf 80' lang='grc' dir='ltr'><em>Φοῖβος</em></span> <span class='ocrx_word' id='word_1_31' title='bbox 558 1465 606 1509; x_wconf 77' lang='grc' dir='ltr'><em>δὲ</em></span> <span class='ocrx_word' id='word_1_32' title='bbox 637 1465 751 1525; x_wconf 80' lang='grc' dir='ltr'><em>κότῳ</em></span> <span class='ocrx_word' id='word_1_33' title='bbox 784 1463 826 1509; x_wconf 77' lang='lat'><em>6²</em></span> <span class='ocrx_word' id='word_1_34' title='bbox 861 1465 1055 1525; x_wconf 80' lang='grc' dir='ltr'><em>ἀναιρεῖ,</em></span> 
     </span>
     <span class='ocr_line' id='line_1_12' title="bbox 356 1537 1023 1601; baseline 0.003 -22"><span class='ocrx_word' id='word_1_35' title='bbox 356 1538 540 1580; x_wconf 82' lang='grc' dir='ltr'><em>Μοῦσαι</em></span> <span class='ocrx_word' id='word_1_36' title='bbox 574 1537 627 1580; x_wconf 79' lang='grc' dir='ltr'><em>δέ</em></span> <span class='ocrx_word' id='word_1_37' title='bbox 655 1549 703 1580; x_wconf 84' lang='grc' dir='ltr'><em>σε</em></span> <span class='ocrx_word' id='word_1_38' title='bbox 734 1537 1023 1601; x_wconf 82' lang='grc' dir='ltr'><em>θρηνέουσιν.</em></span> 
     </span>
    </p>
   </div>
   <div class='ocr_carea' id='block_1_6' title="bbox 240 1650 1818 2932">
    <p class='ocr_par' dir='ltr' id='par_1_6' title="bbox 240 1650 1818 2366">
     <span class='ocr_line' id='line_1_13' title="bbox 356 1650 1818 1714; baseline 0.001 -26"><span class='ocrx_word' id='word_1_39' title='bbox 356 1654 414 1689; x_wconf 86' lang='lat' dir='ltr'><em>Fr.</em></span> <span class='ocrx_word' id='word_1_40' title='bbox 444 1659 474 1689; x_wconf 92' lang='lat'><em>1.</em></span> <span class='ocrx_word' id='word_1_41' title='bbox 518 1653 650 1689; x_wconf 78' lang='lat' dir='ltr'>Athen.</span> <span class='ocrx_word' id='word_1_42' title='bbox 674 1653 760 1689; x_wconf 91' lang='lat' dir='ltr'><em>XIV</em></span> <span class='ocrx_word' id='word_1_43' title='bbox 781 1658 848 1690; x_wconf 87' lang='grc'><em>618</em></span> <span class='ocrx_word' id='word_1_44' title='bbox 863 1655 912 1690; x_wconf 91' lang='lat' dir='ltr'><em>D:</em></span> <span class='ocrx_word' id='word_1_45' title='bbox 939 1656 1068 1713; x_wconf 87' lang='grc' dir='ltr'><strong><em>Σῆμος</em></strong></span> <span class='ocrx_word' id='word_1_46' title='bbox 1093 1651 1130 1690; x_wconf 79' lang='grc' dir='ltr'><em>δ’</em></span> <span class='ocrx_word' id='word_1_47' title='bbox 1158 1652 1177 1690; x_wconf 81' lang='grc' dir='ltr'><em>ὃ</em></span> <span class='ocrx_word' id='word_1_48' title='bbox 1200 1654 1347 1714; x_wconf 82' lang='grc' dir='ltr'><em>Δήλιος</em></span> <span class='ocrx_word' id='word_1_49' title='bbox 1362 1652 1403 1691; x_wconf 81' lang='grc' dir='ltr'><em>ἐν</em></span> <span class='ocrx_word' id='word_1_50' title='bbox 1428 1654 1478 1703; x_wconf 78' lang='grc' dir='ltr'><em>τῷ</em></span> <span class='ocrx_word' id='word_1_51' title='bbox 1503 1653 1590 1711; x_wconf 83' lang='grc' dir='ltr'><em>περὶ</em></span> <span class='ocrx_word' id='word_1_52' title='bbox 1614 1650 1788 1690; x_wconf 77' lang='grc' dir='ltr'><em>παιάνων</em></span> <span class='ocrx_word' id='word_1_53' title='bbox 1815 1673 1818 1676; x_wconf 53' lang='grc'>’</span> 
     </span>
     <span class='ocr_line' id='line_1_14' title="bbox 262 1691 1788 1763; baseline 0.001 -27"><span class='ocrx_word' id='word_1_54' title='bbox 262 1703 374 1747; x_wconf 87' lang='grc' dir='ltr'><em>φησί·</em></span> <span class='ocrx_word' id='word_1_55' title='bbox 411 1699 467 1736; x_wconf 86' lang='grc' dir='ltr'><em>Τα</em></span> <span class='ocrx_word' id='word_1_56' title='bbox 501 1699 698 1747; x_wconf 80' lang='grc' dir='ltr'><em>ὃραγματα</em></span> <span class='ocrx_word' id='word_1_57' title='bbox 730 1703 804 1737; x_wconf 77' lang='grc' dir='ltr'><em>τῶν</em></span> <span class='ocrx_word' id='word_1_58' title='bbox 839 1703 982 1763; x_wconf 77' lang='grc' dir='ltr'><em>κριθῶν</em></span> <span class='ocrx_word' id='word_1_59' title='bbox 1009 1699 1104 1738; x_wconf 76' lang='grc' dir='ltr'><em>αὐτὰ</em></span> <span class='ocrx_word' id='word_1_60' title='bbox 1131 1699 1226 1738; x_wconf 76' lang='grc' dir='ltr'><em>καθ’</em></span> <span class='ocrx_word' id='word_1_61' title='bbox 1255 1700 1352 1738; x_wconf 78' lang='grc' dir='ltr'><em>αὑτὰ</em></span> <span class='ocrx_word' id='word_1_62' title='bbox 1385 1691 1665 1760; x_wconf 77' lang='grc' dir='ltr'><strong><em>προσηγόρευον</em></strong></span> <span class='ocrx_word' id='word_1_63' title='bbox 1685 1699 1788 1759; x_wconf 73' lang='grc' dir='ltr'><em>ἁμά-</em></span> 
     </span>
     <span class='ocr_line' id='line_1_15' title="bbox 261 1746 1792 1808; baseline 0.001 -24"><span class='ocrx_word' id='word_1_64' title='bbox 261 1752 342 1792; x_wconf 86' lang='grc' dir='ltr'><em>λας,</em></span> <span class='ocrx_word' id='word_1_65' title='bbox 376 1748 706 1806; x_wconf 78' lang='grc' dir='ltr'><em>συναθροισθέντα</em></span> <span class='ocrx_word' id='word_1_66' title='bbox 740 1747 781 1784; x_wconf 74' lang='grc' dir='ltr'><em>δὲ</em></span> <span class='ocrx_word' id='word_1_67' title='bbox 809 1749 874 1785; x_wconf 77' lang='grc' dir='ltr'><em>καὶ</em></span> <span class='ocrx_word' id='word_1_68' title='bbox 900 1747 942 1786; x_wconf 79' lang='grc' dir='ltr'><em>ἐκ</em></span> <span class='ocrx_word' id='word_1_69' title='bbox 967 1751 1112 1786; x_wconf 83' lang='grc' dir='ltr'><em>πολλῶν</em></span> <span class='ocrx_word' id='word_1_70' title='bbox 1144 1752 1233 1807; x_wconf 85' lang='grc' dir='ltr'><em>μίαν</em></span> <span class='ocrx_word' id='word_1_71' title='bbox 1265 1747 1453 1808; x_wconf 76' lang='grc' dir='ltr'><em>γενόμενα</em></span> <span class='ocrx_word' id='word_1_72' title='bbox 1485 1748 1634 1807; x_wconf 81' lang='grc' dir='ltr'><em>δέσμην</em></span> <span class='ocrx_word' id='word_1_73' title='bbox 1656 1746 1792 1790; x_wconf 77' lang='grc' dir='ltr'><strong><em>οὔλους</em></strong></span> 
     </span>
     <span class='ocr_line' id='line_1_16' title="bbox 262 1794 1788 1854; baseline 0 -23"><span class='ocrx_word' id='word_1_74' title='bbox 262 1796 326 1831; x_wconf 80' lang='grc' dir='ltr'><em>καὶ</em></span> <span class='ocrx_word' id='word_1_75' title='bbox 352 1794 518 1837; x_wconf 82' lang='grc' dir='ltr'><em>ἰούλους·</em></span> <span class='ocrx_word' id='word_1_76' title='bbox 545 1796 609 1831; x_wconf 81' lang='grc' dir='ltr'><em>καὶ</em></span> <span class='ocrx_word' id='word_1_77' title='bbox 634 1794 702 1854; x_wconf 84' lang='grc' dir='ltr'><em>τὴν</em></span> <span class='ocrx_word' id='word_1_78' title='bbox 730 1794 909 1853; x_wconf 84' lang='grc' dir='ltr'><em>Δήμητρα</em></span> <span class='ocrx_word' id='word_1_79' title='bbox 936 1795 997 1833; x_wconf 80' lang='grc' dir='ltr'><em>ὅτε</em></span> <span class='ocrx_word' id='word_1_80' title='bbox 1024 1796 1093 1844; x_wconf 77' lang='grc' dir='ltr'><em>μὲν</em></span> <span class='ocrx_word' id='word_1_81' title='bbox 1118 1796 1257 1842; x_wconf 78' lang='grc' dir='ltr'><em>Χλόην,</em></span> <span class='ocrx_word' id='word_1_82' title='bbox 1283 1795 1345 1833; x_wconf 80' lang='grc' dir='ltr'><em>ὁτὲ</em></span> <span class='ocrx_word' id='word_1_83' title='bbox 1373 1796 1414 1833; x_wconf 72' lang='grc' dir='ltr'><em>δὲ</em></span> <span class='ocrx_word' id='word_1_84' title='bbox 1438 1794 1578 1833; x_wconf 84' lang='grc' dir='ltr'><em>Ἱουλω·</em></span> <span class='ocrx_word' id='word_1_85' title='bbox 1609 1794 1686 1832; x_wconf 84' lang='grc' dir='ltr'><em>απὸ</em></span> <span class='ocrx_word' id='word_1_86' title='bbox 1713 1796 1788 1832; x_wconf 80' lang='grc' dir='ltr'><em>τῶν</em></span> 
     </span>
     <span class='ocr_line' id='line_1_17' title="bbox 263 1838 1789 1901; baseline 0.001 -23"><span class='ocrx_word' id='word_1_87' title='bbox 263 1838 332 1879; x_wconf 81' lang='grc' dir='ltr'><em>οὖν</em></span> <span class='ocrx_word' id='word_1_88' title='bbox 358 1844 422 1888; x_wconf 84' lang='grc' dir='ltr'><em>τῆς</em></span> <span class='ocrx_word' id='word_1_89' title='bbox 442 1841 638 1901; x_wconf 83' lang='grc' dir='ltr'><em>Δήμητρος</em></span> <span class='ocrx_word' id='word_1_90' title='bbox 666 1841 886 1889; x_wconf 75' lang='grc' dir='ltr'><em>εὑρημάτων</em></span> <span class='ocrx_word' id='word_1_91' title='bbox 907 1842 994 1885; x_wconf 82' lang='grc' dir='ltr'><em>τούς</em></span> <span class='ocrx_word' id='word_1_92' title='bbox 1020 1858 1057 1880; x_wconf 82' lang='grc' dir='ltr'><em>τε</em></span> <span class='ocrx_word' id='word_1_93' title='bbox 1084 1843 1252 1891; x_wconf 78' lang='grc' dir='ltr'><em>καρποὺς</em></span> <span class='ocrx_word' id='word_1_94' title='bbox 1277 1845 1340 1880; x_wconf 84' lang='grc' dir='ltr'><em>καὶ</em></span> <span class='ocrx_word' id='word_1_95' title='bbox 1365 1841 1451 1885; x_wconf 78' lang='grc' dir='ltr'><em>τοὺς</em></span> <span class='ocrx_word' id='word_1_96' title='bbox 1471 1840 1612 1890; x_wconf 75' lang='grc' dir='ltr'><em>ὕμνους</em></span> <span class='ocrx_word' id='word_1_97' title='bbox 1629 1841 1717 1884; x_wconf 79' lang='grc' dir='ltr'><em>τοὺς</em></span> <span class='ocrx_word' id='word_1_98' title='bbox 1735 1843 1789 1884; x_wconf 78' lang='grc' dir='ltr'><em>εἰς</em></span> 
     </span>
     <span class='ocr_line' id='line_1_18' title="bbox 240 1888 1789 1954; baseline 0.001 -29"><span class='ocrx_word' id='word_1_99' title='bbox 240 1888 330 1936; x_wconf 63' lang='grc' dir='ltr'><em>’τὴν</em></span> <span class='ocrx_word' id='word_1_100' title='bbox 369 1889 466 1926; x_wconf 83' lang='grc' dir='ltr'><em>θεὸν</em></span> <span class='ocrx_word' id='word_1_101' title='bbox 505 1889 637 1932; x_wconf 86' lang='grc' dir='ltr'><em>ουλους</em></span> <span class='ocrx_word' id='word_1_102' title='bbox 673 1892 830 1927; x_wconf 77' lang='grc' dir='ltr'><em>καλοῦσι</em></span> <span class='ocrx_word' id='word_1_103' title='bbox 867 1892 931 1927; x_wconf 82' lang='grc' dir='ltr'><em>καὶ</em></span> <span class='ocrx_word' id='word_1_104' title='bbox 970 1890 1135 1933; x_wconf 82' lang='grc' dir='ltr'><em>ἰούλους·</em></span> <span class='ocrx_word' id='word_1_105' title='bbox 1181 1891 1442 1954; x_wconf 80' lang='grc' dir='ltr'><em>δημήτρουλοι</em></span> <span class='ocrx_word' id='word_1_106' title='bbox 1465 1891 1529 1927; x_wconf 76' lang='grc' dir='ltr'><em>καὶ</em></span> <span class='ocrx_word' id='word_1_107' title='bbox 1566 1892 1789 1927; x_wconf 78' lang='grc' dir='ltr'><em>καλλίουλοι.</em></span> 
     </span>
     <span class='ocr_line' id='line_1_19' title="bbox 263 1935 1789 1996; baseline 0.001 -23"><span class='ocrx_word' id='word_1_108' title='bbox 263 1938 338 1973; x_wconf 85' lang='grc' dir='ltr'><em>Καὶ</em></span> <span class='ocrx_word' id='word_1_109' title='bbox 364 1940 589 1974; x_wconf 77' lang='grc' dir='ltr'><em>Πλεῖστον</em></span> <span class='ocrx_word' id='word_1_110' title='bbox 616 1941 689 1974; x_wconf 79' lang='grc' dir='ltr'><em>κτλ.</em></span> <span class='ocrx_word' id='word_1_111' title='bbox 717 1936 821 1974; x_wconf 79' lang='grc' dir='ltr'><em>ἄλλοι</em></span> <span class='ocrx_word' id='word_1_112' title='bbox 848 1938 891 1975; x_wconf 82' lang='grc' dir='ltr'><em>δέ</em></span> <span class='ocrx_word' id='word_1_113' title='bbox 917 1951 1034 1984; x_wconf 83' lang='grc' dir='ltr'><em>φασιν</em></span> <span class='ocrx_word' id='word_1_114' title='bbox 1055 1937 1259 1985; x_wconf 77' lang='grc' dir='ltr'><em>ἐριουργῶν</em></span> <span class='ocrx_word' id='word_1_115' title='bbox 1285 1945 1385 1975; x_wconf 81' lang='grc' dir='ltr'><em>εἰναι</em></span> <span class='ocrx_word' id='word_1_116' title='bbox 1388 1937 1470 1996; x_wconf 84' lang='grc' dir='ltr'><em>τὴν</em></span> <span class='ocrx_word' id='word_1_117' title='bbox 1491 1935 1603 1986; x_wconf 74' lang='grc' dir='ltr'><em>ᾠδήν.</em></span> <span class='ocrx_word' id='word_1_118' title='bbox 1647 1939 1789 1974; x_wconf 75' lang='lat' dir='ltr'>Eadem</span> 
     </span>
     <span class='ocr_line' id='line_1_20' title="bbox 260 1984 1788 2043; baseline 0.001 -23"><span class='ocrx_word' id='word_1_119' title='bbox 260 1985 429 2020; x_wconf 71' lang='lat' dir='ltr'><em>Eustath.</em></span> <span class='ocrx_word' id='word_1_120' title='bbox 459 1990 569 2030; x_wconf 84' lang='lat'>1162,</span> <span class='ocrx_word' id='word_1_121' title='bbox 596 1990 658 2021; x_wconf 82' lang='lat'><em>42:</em></span> <span class='ocrx_word' id='word_1_122' title='bbox 697 1986 761 2021; x_wconf 79' lang='grc' dir='ltr'><em>καὶ</em></span> <span class='ocrx_word' id='word_1_123' title='bbox 800 1984 1075 2043; x_wconf 79' lang='grc' dir='ltr'><em>ἐπιφώνημα</em></span> <span class='ocrx_word' id='word_1_124' title='bbox 1118 1984 1307 2033; x_wconf 75' lang='grc' dir='ltr'><em>ἐμμελὲς</em></span> <span class='ocrx_word' id='word_1_125' title='bbox 1349 1984 1416 2022; x_wconf 89' lang='grc' dir='ltr'><em>τό·</em></span> <span class='ocrx_word' id='word_1_126' title='bbox 1461 1989 1675 2021; x_wconf 85' lang='grc' dir='ltr'><em>πλεῖστον</em></span> <span class='ocrx_word' id='word_1_127' title='bbox 1712 1988 1788 2022; x_wconf 76' lang='grc' dir='ltr'><em>κτλ.</em></span> 
     </span>
     <span class='ocr_line' id='line_1_21' title="bbox 261 2027 1787 2079; baseline 0.001 -12"><span class='ocrx_word' id='word_1_128' title='bbox 261 2032 314 2069; x_wconf 82' lang='lat' dir='ltr'><em>Of</em></span> <span class='ocrx_word' id='word_1_129' title='bbox 345 2033 428 2068; x_wconf 87' lang='lat' dir='ltr'><em>Sch.</em></span> <span class='ocrx_word' id='word_1_130' title='bbox 454 2032 577 2079; x_wconf 89' lang='lat' dir='ltr'><em>Apoll.</em></span> <span class='ocrx_word' id='word_1_131' title='bbox 604 2033 673 2069; x_wconf 83' lang='lat' dir='ltr'><em>Rh.</em></span> <span class='ocrx_word' id='word_1_132' title='bbox 700 2033 718 2068; x_wconf 94' lang='lat' dir='ltr'>I</span> <span class='ocrx_word' id='word_1_133' title='bbox 737 2037 816 2069; x_wconf 82' lang='grc'><em>972.</em></span> <span class='ocrx_word' id='word_1_134' title='bbox 845 2054 888 2060; x_wconf 85' lang='lat'><em>——</em></span> <span class='ocrx_word' id='word_1_135' title='bbox 916 2027 1026 2069; x_wconf 80' lang='grc' dir='ltr'><em>οὖλον</em></span> <span class='ocrx_word' id='word_1_136' title='bbox 1053 2034 1168 2070; x_wconf 78' lang='lat' dir='ltr'>semel</span> <span class='ocrx_word' id='word_1_137' title='bbox 1193 2034 1296 2070; x_wconf 69' lang='lat' dir='ltr'><strong>Euat</strong></span> <span class='ocrx_word' id='word_1_138' title='bbox 1317 2033 1392 2079; x_wconf 90' lang='lat' dir='ltr'><em>PV,</em></span> <span class='ocrx_word' id='word_1_139' title='bbox 1418 2027 1530 2069; x_wconf 86' lang='grc' dir='ltr'><em>οὖλον</em></span> <span class='ocrx_word' id='word_1_140' title='bbox 1557 2027 1668 2069; x_wconf 79' lang='grc' dir='ltr'><em>οὖλον</em></span> <span class='ocrx_word' id='word_1_141' title='bbox 1686 2033 1727 2069; x_wconf 92' lang='lat' dir='ltr'><em>L.</em></span> <span class='ocrx_word' id='word_1_142' title='bbox 1743 2053 1787 2059; x_wconf 89' lang='lat'><strong>—</strong></span> 
     </span>
     <span class='ocr_line' id='line_1_22' title="bbox 260 2074 1788 2126; baseline 0 -10"><span class='ocrx_word' id='word_1_143' title='bbox 260 2082 310 2116; x_wconf 87' lang='grc' dir='ltr'><em>ιει</em></span> <span class='ocrx_word' id='word_1_144' title='bbox 335 2079 397 2115; x_wconf 83' lang='lat' dir='ltr'><em>AC</em></span> <span class='ocrx_word' id='word_1_145' title='bbox 424 2092 446 2116; x_wconf 89' lang='lat' dir='ltr'>a</span> <span class='ocrx_word' id='word_1_146' title='bbox 472 2093 518 2116; x_wconf 93' lang='lat' dir='ltr'><em>m.</em></span> <span class='ocrx_word' id='word_1_147' title='bbox 545 2093 598 2126; x_wconf 87' lang='lat' dir='ltr'><em>pr.</em></span> <span class='ocrx_word' id='word_1_148' title='bbox 628 2081 748 2125; x_wconf 76' lang='lat' dir='ltr'><strong>E.ust,</strong></span> <span class='ocrx_word' id='word_1_149' title='bbox 786 2082 836 2116; x_wconf 79' lang='grc' dir='ltr'><em>ἵει</em></span> <span class='ocrx_word' id='word_1_150' title='bbox 861 2080 973 2125; x_wconf 88' lang='lat' dir='ltr'>PVL‚</span> <span class='ocrx_word' id='word_1_151' title='bbox 1029 2080 1103 2126; x_wconf 81' lang='grc' dir='ltr'><em>ὴΟ</em></span> <span class='ocrx_word' id='word_1_152' title='bbox 1129 2093 1151 2117; x_wconf 87' lang='lat' dir='ltr'>a</span> <span class='ocrx_word' id='word_1_153' title='bbox 1178 2094 1224 2116; x_wconf 90' lang='lat' dir='ltr'><em>m.</em></span> <span class='ocrx_word' id='word_1_154' title='bbox 1251 2093 1321 2117; x_wconf 83' lang='lat' dir='ltr'>sec.</span> <span class='ocrx_word' id='word_1_155' title='bbox 1349 2102 1391 2107; x_wconf 91' lang='lat'><strong>—</strong></span> <span class='ocrx_word' id='word_1_156' title='bbox 1420 2082 1564 2125; x_wconf 83' lang='grc' dir='ltr'><em>ἴουλον,</em></span> <span class='ocrx_word' id='word_1_157' title='bbox 1598 2081 1628 2115; x_wconf 90' lang='grc' dir='ltr'>Ρ</span> <span class='ocrx_word' id='word_1_158' title='bbox 1661 2074 1788 2116; x_wconf 78' lang='grc' dir='ltr'><em>οὖλον.</em></span> 
     </span>
     <span class='ocr_line' id='line_1_23' title="bbox 261 2127 1788 2174; baseline -0.001 -11"><span class='ocrx_word' id='word_1_159' title='bbox 261 2128 407 2172; x_wconf 78' lang='lat' dir='ltr'>Versus,</span> <span class='ocrx_word' id='word_1_160' title='bbox 435 2131 477 2163; x_wconf 71' lang='lat' dir='ltr'><em>ut</em></span> <span class='ocrx_word' id='word_1_161' title='bbox 502 2128 671 2164; x_wconf 89' lang='lat' dir='ltr'>Meineke</span> <span class='ocrx_word' id='word_1_162' title='bbox 697 2128 972 2173; x_wconf 73' lang='lat' dir='ltr'>animadvertit,</span> <span class='ocrx_word' id='word_1_163' title='bbox 1008 2129 1310 2174; x_wconf 80' lang='lat' dir='ltr'>hendecasyllabi</span> <span class='ocrx_word' id='word_1_164' title='bbox 1337 2128 1499 2174; x_wconf 78' lang='lat' dir='ltr'>speciem</span> <span class='ocrx_word' id='word_1_165' title='bbox 1525 2139 1614 2173; x_wconf 87' lang='lat' dir='ltr'>prae</span> <span class='ocrx_word' id='word_1_166' title='bbox 1639 2139 1678 2163; x_wconf 81' lang='lat' dir='ltr'><em>se</em></span> <span class='ocrx_word' id='word_1_167' title='bbox 1704 2127 1788 2170; x_wconf 75' lang='lat' dir='ltr'>fert,</span> 
     </span>
     <span class='ocr_line' id='line_1_24' title="bbox 261 2173 1789 2221; baseline 0.001 -11"><span class='ocrx_word' id='word_1_168' title='bbox 261 2175 290 2210; x_wconf 82' lang='lat' dir='ltr'><em>si</em></span> <span class='ocrx_word' id='word_1_169' title='bbox 318 2187 441 2210; x_wconf 83' lang='lat' dir='ltr'>sumas</span> <span class='ocrx_word' id='word_1_170' title='bbox 467 2175 680 2220; x_wconf 82' lang='lat' dir='ltr'>prosodiam</span> <span class='ocrx_word' id='word_1_171' title='bbox 706 2175 808 2211; x_wconf 81' lang='lat' dir='ltr'>vocis</span> <span class='ocrx_word' id='word_1_172' title='bbox 841 2177 892 2211; x_wconf 76' lang='grc' dir='ltr'><em>ἵει</em></span> <span class='ocrx_word' id='word_1_173' title='bbox 917 2176 1101 2212; x_wconf 71' lang='lat' dir='ltr'>variatam</span> <span class='ocrx_word' id='word_1_174' title='bbox 1133 2187 1172 2211; x_wconf 82' lang='lat' dir='ltr'><em>es</em></span> <span class='ocrx_word' id='word_1_175' title='bbox 1175 2187 1230 2220; x_wconf 80' lang='lat' dir='ltr'><em>se,</em></span> <span class='ocrx_word' id='word_1_176' title='bbox 1263 2176 1363 2221; x_wconf 88' lang='lat' dir='ltr'>quod</span> <span class='ocrx_word' id='word_1_177' title='bbox 1392 2186 1467 2211; x_wconf 91' lang='lat' dir='ltr'><em>non</em></span> <span class='ocrx_word' id='word_1_178' title='bbox 1499 2175 1619 2210; x_wconf 82' lang='lat' dir='ltr'>solum</span> <span class='ocrx_word' id='word_1_179' title='bbox 1649 2173 1789 2211; x_wconf 85' lang='lat' dir='ltr'>novicii</span> 
     </span>
     <span class='ocr_line' id='line_1_25' title="bbox 263 2221 1787 2279; baseline -0.001 -21"><span class='ocrx_word' id='word_1_180' title='bbox 263 2225 409 2279; x_wconf 78' lang='lat' dir='ltr'>poetae,</span> <span class='ocrx_word' id='word_1_181' title='bbox 436 2234 519 2258; x_wconf 89' lang='lat' dir='ltr'><em>cum</em></span> <span class='ocrx_word' id='word_1_182' title='bbox 546 2222 645 2258; x_wconf 90' lang='lat' dir='ltr'>idem</span> <span class='ocrx_word' id='word_1_183' title='bbox 664 2223 888 2258; x_wconf 88' lang='lat' dir='ltr'>vocabulum</span> <span class='ocrx_word' id='word_1_184' title='bbox 908 2223 1058 2268; x_wconf 70' lang='lat' dir='ltr'>itm-‚ant</span> <span class='ocrx_word' id='word_1_185' title='bbox 1084 2223 1211 2260; x_wconf 72' lang='lat' dir='ltr'>dedita</span> <span class='ocrx_word' id='word_1_186' title='bbox 1237 2235 1350 2269; x_wconf 83' lang='lat' dir='ltr'>opera.</span> <span class='ocrx_word' id='word_1_187' title='bbox 1373 2223 1587 2267; x_wconf 69' lang='lat' dir='ltr'>admittunt,</span> <span class='ocrx_word' id='word_1_188' title='bbox 1614 2221 1718 2258; x_wconf 69' lang='lat' dir='ltr'>velut</span> <span class='ocrx_word' id='word_1_189' title='bbox 1741 2221 1787 2257; x_wconf 78' lang='grc' dir='ltr'><em>τὰ</em></span> 
     </span>
     <span class='ocr_line' id='line_1_26' title="bbox 260 2267 1787 2328; baseline 0 -23"><span class='ocrx_word' id='word_1_190' title='bbox 260 2267 309 2316; x_wconf 90' lang='grc' dir='ltr'><em>μὴ</em></span> <span class='ocrx_word' id='word_1_191' title='bbox 343 2267 439 2305; x_wconf 81' lang='grc' dir='ltr'><em>καλα</em></span> <span class='ocrx_word' id='word_1_192' title='bbox 475 2268 570 2306; x_wconf 82' lang='grc' dir='ltr'><em>καλὰ</em></span> <span class='ocrx_word' id='word_1_193' title='bbox 603 2268 813 2328; x_wconf 82' lang='grc' dir='ltr'><em>πέφανται,</em></span> <span class='ocrx_word' id='word_1_194' title='bbox 852 2271 915 2306; x_wconf 82' lang='lat' dir='ltr'><em>sed</em></span> <span class='ocrx_word' id='word_1_195' title='bbox 946 2271 1110 2316; x_wconf 73' lang='lat' dir='ltr'><strong>antiquis</strong></span> <span class='ocrx_word' id='word_1_196' title='bbox 1142 2282 1289 2316; x_wconf 87' lang='lat' dir='ltr'>quoque</span> <span class='ocrx_word' id='word_1_197' title='bbox 1319 2282 1393 2306; x_wconf 89' lang='lat' dir='ltr'><em>non</em></span> <span class='ocrx_word' id='word_1_198' title='bbox 1423 2269 1643 2306; x_wconf 76' lang='lat' dir='ltr'>inusitatum</span> <span class='ocrx_word' id='word_1_199' title='bbox 1673 2269 1787 2305; x_wconf 76' lang='lat' dir='ltr'>fuisse</span> 
     </span>
     <span class='ocr_line' id='line_1_27' title="bbox 261 2312 1169 2376; baseline 0.002 -24"><span class='ocrx_word' id='word_1_200' title='bbox 261 2319 422 2353; x_wconf 75' lang='lat' dir='ltr'>‘testatur</span> <span class='ocrx_word' id='word_1_201' title='bbox 447 2317 685 2353; x_wconf 88' lang='lat' dir='ltr'>Homericum</span> <span class='ocrx_word' id='word_1_202' title='bbox 706 2312 803 2362; x_wconf 81' lang='grc' dir='ltr'><em>Αρες</em></span> <span class='ocrx_word' id='word_1_203' title='bbox 820 2314 921 2363; x_wconf 83' lang='grc' dir='ltr'><em>’Ἆρες</em></span> <span class='ocrx_word' id='word_1_204' title='bbox 947 2318 1169 2376; x_wconf 74' lang='grc' dir='ltr'><em>βροτολοιγέ.</em></span> 
     </span>
    </p>

    <p class='ocr_par' dir='ltr' id='par_1_7' title="bbox 259 2361 1787 2932">
     <span class='ocr_line' id='line_1_28' title="bbox 356 2361 1787 2422; baseline -0.001 -22"><span class='ocrx_word' id='word_1_205' title='bbox 356 2365 413 2400; x_wconf 61' lang='lat' dir='ltr'><em>Iir.</em></span> <span class='ocrx_word' id='word_1_206' title='bbox 440 2369 473 2401; x_wconf 85' lang='lat'><em>2.</em></span> <span class='ocrx_word' id='word_1_207' title='bbox 525 2365 646 2402; x_wconf 87' lang='lat' dir='ltr'>Schol.</span> <span class='ocrx_word' id='word_1_208' title='bbox 673 2365 780 2400; x_wconf 87' lang='lat' dir='ltr'><em>Hom.</em></span> <span class='ocrx_word' id='word_1_209' title='bbox 807 2365 849 2400; x_wconf 90' lang='lat' dir='ltr'><em>Il.</em></span> <span class='ocrx_word' id='word_1_210' title='bbox 876 2377 896 2400; x_wconf 92' lang='grc' dir='ltr'><em>σ</em></span> <span class='ocrx_word' id='word_1_211' title='bbox 922 2369 1008 2401; x_wconf 81' lang='lat'><strong>570:</strong></span> <span class='ocrx_word' id='word_1_212' title='bbox 1039 2362 1144 2400; x_wconf 84' lang='grc' dir='ltr'><em>Ἔστι</em></span> <span class='ocrx_word' id='word_1_213' title='bbox 1175 2364 1217 2401; x_wconf 70' lang='grc' dir='ltr'><em>δὲ</em></span> <span class='ocrx_word' id='word_1_214' title='bbox 1249 2364 1365 2422; x_wconf 80' lang='grc' dir='ltr'><em>μέλος</em></span> <span class='ocrx_word' id='word_1_215' title='bbox 1382 2361 1614 2421; x_wconf 78' lang='grc' dir='ltr'><em>θρηνητικὸν</em></span> <span class='ocrx_word' id='word_1_216' title='bbox 1641 2361 1661 2399; x_wconf 87' lang='grc' dir='ltr'><strong>ὁ</strong></span> <span class='ocrx_word' id='word_1_217' title='bbox 1687 2363 1787 2404; x_wconf 84' lang='grc' dir='ltr'><em>λίνος</em></span> 
     </span>
     <span class='ocr_line' id='line_1_29' title="bbox 259 2409 1786 2470; baseline -0.001 -22"><span class='ocrx_word' id='word_1_218' title='bbox 259 2409 344 2458; x_wconf 83' lang='grc' dir='ltr'><em>μετ’</em></span> <span class='ocrx_word' id='word_1_219' title='bbox 380 2411 630 2470; x_wconf 85' lang='grc' dir='ltr'><em>ἰσχνοφωνιας</em></span> <span class='ocrx_word' id='word_1_220' title='bbox 661 2409 880 2461; x_wconf 78' lang='grc' dir='ltr'><em>ᾀδόμενος.</em></span> <span class='ocrx_word' id='word_1_221' title='bbox 909 2442 916 2449; x_wconf 95' lang='grc'><em>.</em></span> <span class='ocrx_word' id='word_1_222' title='bbox 945 2410 1181 2458; x_wconf 79' lang='grc' dir='ltr'><em>,ἐθρηνεῖτο</em></span> <span class='ocrx_word' id='word_1_223' title='bbox 1215 2426 1287 2469; x_wconf 81' lang='grc' dir='ltr'><em>γαρ</em></span> <span class='ocrx_word' id='word_1_224' title='bbox 1321 2425 1430 2452; x_wconf 84' lang='grc' dir='ltr'><em>ουτος</em></span> <span class='ocrx_word' id='word_1_225' title='bbox 1454 2409 1556 2456; x_wconf 80' lang='grc' dir='ltr'><em>παρὰ</em></span> <span class='ocrx_word' id='word_1_226' title='bbox 1582 2411 1655 2446; x_wconf 81' lang='grc' dir='ltr'><em>τῶν</em></span> <span class='ocrx_word' id='word_1_227' title='bbox 1680 2413 1786 2446; x_wconf 90' lang='grc' dir='ltr'><em>Μου-</em></span> 
     </span>
     <span class='ocr_line' id='line_1_30' title="bbox 260 2454 1786 2518; baseline -0.001 -23"><span class='ocrx_word' id='word_1_228' title='bbox 260 2461 334 2495; x_wconf 82' lang='grc' dir='ltr'><em>σῶν</em></span> <span class='ocrx_word' id='word_1_229' title='bbox 367 2456 500 2500; x_wconf 72' lang='grc' dir='ltr'><em>οὕτως·</em></span> <span class='ocrx_word' id='word_1_230' title='bbox 534 2454 574 2494; x_wconf 76' lang='grc' dir='ltr'><em>’.Ω</em></span> <span class='ocrx_word' id='word_1_231' title='bbox 606 2461 695 2495; x_wconf 82' lang='grc' dir='ltr'><em>Λίνε</em></span> <span class='ocrx_word' id='word_1_232' title='bbox 729 2463 837 2500; x_wconf 81' lang='grc' dir='ltr'><strong><em>θεοῖς</em></strong></span> <span class='ocrx_word' id='word_1_233' title='bbox 869 2460 1107 2506; x_wconf 79' lang='grc' dir='ltr'><em>τετιμημένε,</em></span> <span class='ocrx_word' id='word_1_234' title='bbox 1146 2459 1204 2496; x_wconf 82' lang='grc' dir='ltr'><em>σοὶ</em></span> <span class='ocrx_word' id='word_1_235' title='bbox 1235 2457 1306 2506; x_wconf 80' lang='grc' dir='ltr'><em>γὰρ</em></span> <span class='ocrx_word' id='word_1_236' title='bbox 1338 2457 1479 2518; x_wconf 79' lang='grc' dir='ltr'><em>πρώτῳ</em></span> <span class='ocrx_word' id='word_1_237' title='bbox 1505 2457 1613 2516; x_wconf 83' lang='grc' dir='ltr'><em>μέλος</em></span> <span class='ocrx_word' id='word_1_238' title='bbox 1639 2457 1786 2494; x_wconf 75' lang='grc' dir='ltr'><em>ἔδωκαν</em></span> 
     </span>
     <span class='ocr_line' id='line_1_31' title="bbox 259 2503 1784 2555; baseline -0.001 -14"><span class='ocrx_word' id='word_1_239' title='bbox 259 2504 453 2542; x_wconf 83' lang='grc' dir='ltr'><em>αθάνατοι</em></span> <span class='ocrx_word' id='word_1_240' title='bbox 477 2503 714 2551; x_wconf 74' lang='grc' dir='ltr'><em>ἀνθρώποισι</em></span> <span class='ocrx_word' id='word_1_241' title='bbox 740 2521 885 2552; x_wconf 82' lang='grc' dir='ltr'><em>φωναις</em></span> <span class='ocrx_word' id='word_1_242' title='bbox 909 2510 1076 2552; x_wconf 82' lang='grc' dir='ltr'><em>λιγυραις</em></span> <span class='ocrx_word' id='word_1_243' title='bbox 1101 2504 1243 2542; x_wconf 76' lang='grc' dir='ltr'><em>ἀεῖσαι·</em></span> <span class='ocrx_word' id='word_1_244' title='bbox 1273 2508 1408 2555; x_wconf 81' lang='grc' dir='ltr'><strong><em>Φοῖβος</em></strong></span> <span class='ocrx_word' id='word_1_245' title='bbox 1435 2504 1479 2542; x_wconf 79' lang='grc' dir='ltr'><em>δέ</em></span> <span class='ocrx_word' id='word_1_246' title='bbox 1499 2518 1538 2541; x_wconf 85' lang='grc' dir='ltr'><em>σε</em></span> <span class='ocrx_word' id='word_1_247' title='bbox 1559 2503 1656 2554; x_wconf 75' lang='grc' dir='ltr'><em>κότῳ</em></span> <span class='ocrx_word' id='word_1_248' title='bbox 1676 2503 1784 2541; x_wconf 90' lang='grc' dir='ltr'><em>αναι-</em></span> 
     </span>
     <span class='ocr_line' id='line_1_32' title="bbox 260 2542 1785 2607; baseline -0.003 -17"><span class='ocrx_word' id='word_1_249' title='bbox 260 2560 333 2599; x_wconf 81' lang='grc' dir='ltr'><em>ρεῖ,</em></span> <span class='ocrx_word' id='word_1_250' title='bbox 361 2555 514 2590; x_wconf 82' lang='grc' dir='ltr'><em>Μοῦσαι</em></span> <span class='ocrx_word' id='word_1_251' title='bbox 542 2553 585 2589; x_wconf 81' lang='grc' dir='ltr'><em>δέ</em></span> <span class='ocrx_word' id='word_1_252' title='bbox 611 2566 650 2589; x_wconf 85' lang='grc' dir='ltr'><em>σε</em></span> <span class='ocrx_word' id='word_1_253' title='bbox 677 2553 906 2598; x_wconf 83' lang='grc' dir='ltr'><em>θρηνέουσιν</em></span> <span class='ocrx_word' id='word_1_254' title='bbox 934 2555 1001 2600; x_wconf 76' lang='lat' dir='ltr'>(ita</span> <span class='ocrx_word' id='word_1_255' title='bbox 1021 2555 1126 2590; x_wconf 87' lang='lat' dir='ltr'><strong>codd.</strong></span> <span class='ocrx_word' id='word_1_256' title='bbox 1146 2554 1240 2600; x_wconf 89' lang='lat' dir='ltr'><em>AV).</em></span> <span class='ocrx_word' id='word_1_257' title='bbox 1269 2565 1363 2599; x_wconf 83' lang='lat' dir='ltr'>quae</span> <span class='ocrx_word' id='word_1_258' title='bbox 1383 2553 1536 2597; x_wconf 87' lang='lat' dir='ltr'>correxi</span> <span class='ocrx_word' id='word_1_259' title='bbox 1560 2553 1616 2589; x_wconf 77' lang='lat' dir='ltr'><em>ita</em></span> <span class='ocrx_word' id='word_1_260' title='bbox 1634 2542 1785 2607; x_wconf 75' lang='lat' dir='ltr'>quidem</span> 
     </span>
     <span class='ocr_line' id='line_1_33' title="bbox 261 2599 1784 2659; baseline -0.001 -23"><span class='ocrx_word' id='word_1_261' title='bbox 261 2603 302 2636; x_wconf 72' lang='lat' dir='ltr'><em>ut</em></span> <span class='ocrx_word' id='word_1_262' title='bbox 327 2602 420 2637; x_wconf 78' lang='grc' dir='ltr'><em>πᾶσι</em></span> <span class='ocrx_word' id='word_1_263' title='bbox 445 2601 637 2646; x_wconf 85' lang='lat' dir='ltr'>adderem,</span> <span class='ocrx_word' id='word_1_264' title='bbox 671 2602 771 2646; x_wconf 88' lang='lat' dir='ltr'>quod</span> <span class='ocrx_word' id='word_1_265' title='bbox 797 2613 907 2648; x_wconf 83' lang='lat' dir='ltr'>saepe</span> <span class='ocrx_word' id='word_1_266' title='bbox 934 2601 1088 2646; x_wconf 75' lang='lat' dir='ltr'>excidit,</span> <span class='ocrx_word' id='word_1_267' title='bbox 1115 2603 1244 2646; x_wconf 75' lang='lat' dir='ltr'>estque</span> <span class='ocrx_word' id='word_1_268' title='bbox 1270 2603 1309 2637; x_wconf 92' lang='lat' dir='ltr'>in</span> <span class='ocrx_word' id='word_1_269' title='bbox 1335 2601 1615 2659; x_wconf 73' lang='lat' dir='ltr'>epigrammate</span> <span class='ocrx_word' id='word_1_270' title='bbox 1629 2600 1675 2636; x_wconf 76' lang='lat' dir='ltr'><em>ad</em></span> <span class='ocrx_word' id='word_1_271' title='bbox 1700 2599 1784 2634; x_wconf 83' lang='lat' dir='ltr'><em>imi-</em></span> 
     </span>
     <span class='ocr_line' id='line_1_34' title="bbox 261 2643 1784 2695; baseline -0.002 -12"><span class='ocrx_word' id='word_1_272' title='bbox 261 2649 443 2684; x_wconf 70' lang='lat' dir='ltr'>tationem</span> <span class='ocrx_word' id='word_1_273' title='bbox 477 2649 585 2684; x_wconf 82' lang='lat' dir='ltr'>huius</span> <span class='ocrx_word' id='word_1_274' title='bbox 618 2649 824 2685; x_wconf 70' lang='lat' dir='ltr'>cantilenae</span> <span class='ocrx_word' id='word_1_275' title='bbox 858 2649 1065 2694; x_wconf 80' lang='lat' dir='ltr'>composito</span> <span class='ocrx_word' id='word_1_276' title='bbox 1098 2651 1170 2695; x_wconf 87' lang='lat' dir='ltr'><em>(ap.</em></span> <span class='ocrx_word' id='word_1_277' title='bbox 1197 2650 1299 2684; x_wconf 78' lang='lat' dir='ltr'><strong>Eust.</strong></span> <span class='ocrx_word' id='word_1_278' title='bbox 1326 2646 1481 2694; x_wconf 84' lang='grc' dir='ltr'><em>παντα),</em></span> <span class='ocrx_word' id='word_1_279' title='bbox 1519 2649 1558 2683; x_wconf 73' lang='lat' dir='ltr'><em>et</em></span> <span class='ocrx_word' id='word_1_280' title='bbox 1593 2643 1784 2683; x_wconf 78' lang='grc' dir='ltr'><em>ἀθανατοι</em></span> 
     </span>
     <span class='ocr_line' id='line_1_35' title="bbox 260 2692 1782 2750; baseline -0.001 -20"><span class='ocrx_word' id='word_1_281' title='bbox 260 2696 444 2739; x_wconf 67' lang='lat' dir='ltr'>eiicerem,</span> <span class='ocrx_word' id='word_1_282' title='bbox 465 2697 563 2750; x_wconf 79' lang='lat' dir='ltr'>quod</span> <span class='ocrx_word' id='word_1_283' title='bbox 584 2709 627 2732; x_wconf 85' lang='lat' dir='ltr'><em>ex</em></span> <span class='ocrx_word' id='word_1_284' title='bbox 646 2697 720 2732; x_wconf 74' lang='lat' dir='ltr'>isto</span> <span class='ocrx_word' id='word_1_285' title='bbox 741 2696 1011 2742; x_wconf 72' lang='lat' dir='ltr'>epigrammate</span> <span class='ocrx_word' id='word_1_286' title='bbox 1031 2696 1196 2742; x_wconf 75' lang='lat' dir='ltr'>irrepsit;</span> <span class='ocrx_word' id='word_1_287' title='bbox 1223 2697 1368 2741; x_wconf 81' lang='lat' dir='ltr'>reliqua</span> <span class='ocrx_word' id='word_1_288' title='bbox 1395 2695 1531 2731; x_wconf 81' lang='lat' dir='ltr'>menda.</span> <span class='ocrx_word' id='word_1_289' title='bbox 1548 2692 1652 2730; x_wconf 85' lang='lat' dir='ltr'>facili</span> <span class='ocrx_word' id='word_1_290' title='bbox 1672 2705 1782 2739; x_wconf 88' lang='lat' dir='ltr'>nego-</span> 
     </span>
     <span class='ocr_line' id='line_1_36' title="bbox 259 2741 1783 2789; baseline -0.001 -12"><span class='ocrx_word' id='word_1_291' title='bbox 259 2744 312 2777; x_wconf 80' lang='lat' dir='ltr'><em>tio</em></span> <span class='ocrx_word' id='word_1_292' title='bbox 332 2743 537 2789; x_wconf 85' lang='lat' dir='ltr'>procuravi,</span> <span class='ocrx_word' id='word_1_293' title='bbox 563 2748 605 2780; x_wconf 83' lang='lat' dir='ltr'><em>ut</em></span> <span class='ocrx_word' id='word_1_294' title='bbox 630 2744 746 2780; x_wconf 78' lang='lat' dir='ltr'>iustos</span> <span class='ocrx_word' id='word_1_295' title='bbox 773 2755 946 2780; x_wconf 85' lang='lat' dir='ltr'>numeros</span> <span class='ocrx_word' id='word_1_296' title='bbox 973 2743 1219 2788; x_wconf 73' lang='lat' dir='ltr'>restituerem,</span> <span class='ocrx_word' id='word_1_297' title='bbox 1240 2757 1274 2780; x_wconf 88' lang='lat' dir='ltr'><em>v.</em></span> <span class='ocrx_word' id='word_1_298' title='bbox 1295 2749 1316 2779; x_wconf 84' lang='lat'><strong>5</strong></span> <span class='ocrx_word' id='word_1_299' title='bbox 1337 2742 1497 2779; x_wconf 74' lang='lat' dir='ltr'>correxit</span> <span class='ocrx_word' id='word_1_300' title='bbox 1516 2741 1783 2778; x_wconf 81' lang='lat' dir='ltr'>Schneidewin.</span> 
     </span>
     <span class='ocr_line' id='line_1_37' title="bbox 261 2787 1786 2835; baseline -0.003 -9"><span class='ocrx_word' id='word_1_301' title='bbox 261 2812 302 2815; x_wconf 88' lang='lat'><strong>—</strong></span> <span class='ocrx_word' id='word_1_302' title='bbox 350 2791 581 2827; x_wconf 85' lang='lat' dir='ltr'>Scholiastae</span> <span class='ocrx_word' id='word_1_303' title='bbox 617 2791 647 2826; x_wconf 85' lang='lat' dir='ltr'><em>si</em></span> <span class='ocrx_word' id='word_1_304' title='bbox 677 2792 768 2827; x_wconf 83' lang='lat' dir='ltr'>fides</span> <span class='ocrx_word' id='word_1_305' title='bbox 804 2790 992 2835; x_wconf 84' lang='lat' dir='ltr'>habenda,</span> <span class='ocrx_word' id='word_1_306' title='bbox 1032 2791 1221 2827; x_wconf 81' lang='lat' dir='ltr'>ferebatur</span> <span class='ocrx_word' id='word_1_307' title='bbox 1257 2791 1348 2827; x_wconf 84' lang='lat' dir='ltr'>haec</span> <span class='ocrx_word' id='word_1_308' title='bbox 1387 2788 1574 2826; x_wconf 75' lang='lat' dir='ltr'>cantilena</span> <span class='ocrx_word' id='word_1_309' title='bbox 1612 2789 1659 2823; x_wconf 86' lang='lat' dir='ltr'><em>ab</em></span> <span class='ocrx_word' id='word_1_310' title='bbox 1695 2787 1786 2834; x_wconf 81' lang='lat' dir='ltr'>ipsis</span> 
     </span>
     <span class='ocr_line' id='line_1_38' title="bbox 261 2835 1783 2884; baseline -0.001 -13"><span class='ocrx_word' id='word_1_311' title='bbox 261 2838 375 2872; x_wconf 77' lang='lat' dir='ltr'>Musis</span> <span class='ocrx_word' id='word_1_312' title='bbox 401 2839 438 2874; x_wconf 88' lang='lat' dir='ltr'>in</span> <span class='ocrx_word' id='word_1_313' title='bbox 464 2838 548 2874; x_wconf 89' lang='lat' dir='ltr'>Lini</span> <span class='ocrx_word' id='word_1_314' title='bbox 571 2838 751 2875; x_wconf 88' lang='lat' dir='ltr'>honorem</span> <span class='ocrx_word' id='word_1_315' title='bbox 777 2837 939 2880; x_wconf 78' lang='lat' dir='ltr'>condita,</span> <span class='ocrx_word' id='word_1_316' title='bbox 966 2850 1192 2884; x_wconf 84' lang='lat' dir='ltr'>quamquam</span> <span class='ocrx_word' id='word_1_317' title='bbox 1217 2837 1375 2874; x_wconf 77' lang='lat' dir='ltr'>fortasse</span> <span class='ocrx_word' id='word_1_318' title='bbox 1401 2835 1567 2873; x_wconf 77' lang='lat' dir='ltr'>scholion</span> <span class='ocrx_word' id='word_1_319' title='bbox 1591 2846 1667 2871; x_wconf 92' lang='lat' dir='ltr'><em>non</em></span> <span class='ocrx_word' id='word_1_320' title='bbox 1691 2835 1783 2871; x_wconf 74' lang='lat' dir='ltr'>inte-</span> 
     </span>
     <span class='ocr_line' id='line_1_39' title="bbox 260 2881 1786 2932; baseline -0.001 -14"><span class='ocrx_word' id='word_1_321' title='bbox 260 2896 366 2929; x_wconf 85' lang='lat' dir='ltr'>grum</span> <span class='ocrx_word' id='word_1_322' title='bbox 397 2888 664 2932; x_wconf 73' lang='lat' dir='ltr'>propagatum,</span> <span class='ocrx_word' id='word_1_323' title='bbox 700 2887 742 2922; x_wconf 69' lang='lat' dir='ltr'><em>ut</em></span> <span class='ocrx_word' id='word_1_324' title='bbox 774 2886 860 2921; x_wconf 72' lang='lat' dir='ltr'>ante</span> <span class='ocrx_word' id='word_1_325' title='bbox 894 2883 1014 2927; x_wconf 76' lang='grc' dir='ltr'><em>οὕτως</em></span> <span class='ocrx_word' id='word_1_326' title='bbox 1043 2885 1222 2922; x_wconf 89' lang='lat' dir='ltr'>nonnulla</span> <span class='ocrx_word' id='word_1_327' title='bbox 1252 2885 1461 2930; x_wconf 74' lang='lat' dir='ltr'>intercepta</span> <span class='ocrx_word' id='word_1_328' title='bbox 1493 2883 1576 2920; x_wconf 76' lang='lat' dir='ltr'>sint.</span> <span class='ocrx_word' id='word_1_329' title='bbox 1627 2881 1786 2919; x_wconf 83' lang='lat' dir='ltr'>Carmen</span> 
     </span>
    </p>
   </div>
  </div>
 </body>
</html>
