1864 3126
810 142 1058 198 ALCAEUS.'
1390 143 1393 146 ’
1610 151 1692 202 187

160 274 372 334 τᾶκριβοῦς
413 275 643 334 ἀνέγνωσαν
684 281 776 320 τῶν
819 278 960 329 δεῶν,
1002 273 1061 320 ἵν’
1105 270 1131 333 ᾖ
1167 279 1246 318 τῶν
1284 277 1369 318 δεῖν
1405 272 1504 330 (leg.
1538 276 1695 329 δεῖνα,

160 344 207 388 L.
237 345 414 387 Dindorf
446 341 620 399 δείνων).
682 340 756 385 οὐκ
786 342 884 385 εἰσὶν
915 336 990 386 οὖν
1020 341 1116 396 μέρη
1147 338 1287 396 λόγου,
1318 338 1415 383 ἀλλὰ
1446 339 1603 393 λέξεως,
1642 336 1695 390 ὧς

160 404 205 451 τὸ
238 405 371 451 κᾶδδε.
432 409 604 451 Lobeck.
642 409 799 451 Pathol.
832 410 893 450 El.
926 408 967 449 11
1001 410 1086 449 244
1124 408 1291 460 corrigit
1327 401 1560 461 ἀνέγνωσαν
1595 408 1693 447 τῶν-

161 475 304 526 δενων,
335 469 389 515 ἵν’
423 468 450 529 ᾖ
479 476 558 515 τῶν
589 474 752 526 δείνων,
793 475 863 515 sed
894 474 928 514 si
958 474 1018 514 illi
1049 474 1178 514 critici
1209 473 1340 524 δεῖνα,
1378 473 1420 514 οἱ
1454 473 1580 521 δεῖνες
1616 472 1695 513 sibi

161 540 357 592 reperisse
388 541 464 581 visi
495 541 609 593 sunt,
638 540 745 591 quod
776 553 851 591 ego
882 552 1038 591 quoque
1063 539 1224 589 conieci,
1250 538 1357 578 hau'd
1388 538 1508 578 dubie
1532 538 1693 579 divisim

161 607 252 646 τῶν
282 603 434 645 δένων
464 606 729 656 scripserunt:
761 605 810 645 de
841 605 916 645 hoc
946 617 1058 656 pron.
1084 604 1132 644 cf.
1159 605 1207 644 fr.
1229 606 1296 645 76.
1327 604 1550 643 'Enormem
1581 616 1692 655 pros-

162 671 292 711 odiam
322 670 505 711 τῶνδε-ων
541 673 679 711 tuetur
710 670 956 711 tralaticium
987 668 1197 720 τοῐςδεσσι,
1229 670 1335 721 quod
1365 682 1470 709 nuuc
1501 668 1695 710 τοίσδεσσι

163 736 283 777 scribi
314 737 445 780 solet..

795 828 1060 882 127.[112]

283 915 395 954 Eust.
422 914 493 954 Od.
524 917 650 965 1759,
678 917 751 955 27;
777 912 897 968 Λέγει
923 911 966 954 δὲ
997 909 1293 967 (ςΗρακλείὸης)
1325 911 1392 953 καὶ
1423 914 1562 965 χρῆσιν
1593 907 1694 952 εἶναι

163 981 232 1020 τοῦ
263 977 341 1020 ἔον
371 975 478 1031 παρὰ
505 975 683 1035 Ἀλκαίῳ.
745 980 803 1020 Cf.
835 981 978 1020 Pavor.
1011 981 1110 1019 222.

886 1107 982 1151 128.

285 1193 475 1245 Hesych.:
510 1189 787 1243 Ἐπαίνους·
829 1189 899 1242 τὰς
937 1192 1082 1245 κρίσεις
1123 1191 1190 1233 καὶ
1234 1188 1302 1240 τὰς
1346 1192 1588 1245 συμβουλίας
1630 1191 1697 1232 καὶ

163 1255 231 1308 τ’ἆς
267 1255 526 1312 ἀρχαιρεσίας.
588 1261 804 1311 Σοφοκλῆς
850 1255 1002 1314 Θυέστῃ
1046 1258 1256 1312 Σικυωνίῳ
1300 1255 1367 1297 καὶ
1398 1253 1578 1305 ’Λλκαῖος
1613 1261 1697 1306 ταῖς

163 1321 421 1378 ἐπαινήτεσιν.
481 1326 620 1366 Alcaei
661 1338 806 1365 nomen
849 1325 1116 1364 restituerunt
1158 1323 1390 1363 Maussacus
1436 1325 1478 1362 et.
1515 1322 1694 1372 Vossius,

163 1423 302 1460 contra
344 1421 534 1460 Heinsius
567 1416 814 1472 Ἀλκμαίωνι.
866 1419 972 1462 ,Cod.
1002 1417 1068 1458 καὶ
1111 1414 1242 1459 ἆλκέοι
1284 1420 1367 1466 ταῖς
1410 1391 1693 1470 ἐπαινητιῖισιν.

163 1486 302 1525 Alcaei
320 1499 473 1526 nomen*
484 1487 517 1525 si
537 1489 644 1526 recte
663 1486 899 1526 restitutum
918 1487 992 1535 est,
1017 1487 1161 1535 poetae
1185 1496 1465 1535 recuperamus
1491 1484 1694 1524 laciniam:

733 1570 817 1617 ταῖς
847 1565 1122 1609 ἐπαινέταισιν.

163 1651 242 1691 Sed
266 1652 440 1692 fortasse
467 1652 565 1692 haec
590 1651 796 1702 Sophoclis
827 1651 951 1691 verba.
975 1651 1016 1690 in
1041 1651 1219 1702 Thyeste
1245 1651 1427 1691 fuerunt:
1452 1646 1497 1699 ὃς
1522 1646 1695 1690 ἆλκοὶθοι

163 1720 244 1765 τοῖς
267 1714 540 1757 ἐπαινέταισιν.
578 1717 668 1757 Nisi
693 1718 798 1757 forte
822 1717 1003 1756 nonnulli
1022 1716 1177 1756 doctius
1199 1729 1318 1767 quam
1338 1716 1473 1757 verius
1492 1717 1551 1756 ita
1569 1716 1695 1755 inter-

163 1782 312 1833 pretati
343 1785 438 1822 sunt
467 1783 605 1823 Alcaei
641 1783 741 1822 illud
773 1778 857 1836 μέγ’
893 1780 1138 1830 ἐπαινέοντες
1169 1782 1218 1823 fr.
1249 1784 1304 1821 37
1338 1782 1386 1831 A,
1425 1785 1472 1822 ut
1510 1783 1563 1822 sit
1600 1782 1693 1822 scri-

163 1847 338 1887 bendum
355 1850 568 1900 Σοφοκλῆς
589 1845 743 1901 Θυέστῃ
762 1847 991 1902 Σικυωνίῳ·
1015 1850 1097 1896 τοῖς
1116 1844 1395 1888 ἐπαινέταισινι
1416 1845 1483 1887 καὶ
1503 1842 1694 1895 Ἀλκαῖος.

796 1993 1061 2047 129.[102]

282 2078 397 2119 Eust.
430 2079 502 2119 Od.
538 2082 663 2130 1687,
695 2081 769 2119 52·
805 2075 885 2120 Τὸν
915 2075 1104 2131 ἕφιᾶλτην
1135 2075 1364 2132 ἕπιαλτην
1394 2094 1491 2118 κατα
1523 2075 1696 2119 παλαιὰν

163 2144 481 2195 παρασημείωσιν
518 2140 539 2185 ὁ
572 2137 750 2192 Ἀλκαῐος
789 2142 900 2197 λέγει.
962 2145 1025 2184 Et.
1059 2146 1248 2195 M.434‚
1282 2147 1355 2185 12:
1393 2140 1415 2184 ὃ
1447 2141 1491 2184 δὲ
1517 2140 1696 2192 Ἀλκαῖος

165 2206 361 2248 ε’πίαλον
391 2202 514 2249 αὐτὸν
542 2207 654 2263 λέγει.

798 2326 1062 2380 130.[101]

284 2409 349 2449 Et.
381 2409 432 2448 M.
466 2412 563 2460 377,
599 2413 669 2450 19:
705 2406 913 2463 Ἐρρεντὶ
949 2408 1058 2463 παρὰ
1092 2406 1257 2467 Ἀλκαίῳ
1299 2407 1377 2452 ἀπὸ
1420 2414 1489 2452 τοῦ
1530 2411 1630 2464 ἔρρω
1668 2407 1693 2463 ἢ

165 2472 265 2527 ἐρρῶ
302 2471 621 2526 περισπωμένου,
658 2469 683 2526 ἡ
724 2471 862 2528 μετοχὴ
903 2474 1026 2529 ἕρρεὶς
1063 2475 1257 2530 ἕρρέντος,
1294 2476 1359 2517 καὶ
1397 2473 1450 2526 ὡς
1486 2473 1594 2530 παρὰ
1624 2478 1695 2517 τοῦ

165 2537 371 2588 ἐθέλοντος
402 2538 591 2590 ἕθελοντί,
622 2535 724 2580 οὕτω
756 2539 822 2581 καὶ
852 2537 960 2593 παρὰ
990 2537 1032 2581 τὸ
1065 2539 1240 2594 ἔρρέντος
1270 2540 1428 2595 ἕρρεντί.
1483 2543 1542 2582 Of.
1563 2542 1695 2581 Miller

168 2604 277 2644 Misc.
304 2606 407 2645 127.
1393 2626 1400 2632 ·

882 2692 978 2735 131.

284 2775 349 2814 Et.
389 2775 442 2816 M.
481 2777 584 2825 385,
624 2779 667 2816 9:
705 2770 980 2828 Ἐσυνῆκεν·
1018 2770 1195 2825 ’Λλκαῐος
1237 2776 1437 2830 ἕσυνῆκε
1477 2778 1543 2819 καὶ
1579 2774 1694 2820 Ἀνα-

166 2837 292 2891 κρέων
322 2839 486 2893 ἐξυνῆκε
515 2843 758 2897 πλεονασμῷ.
819 2842 867 2880 In
896 2843 1043 2883 Alcaeo
1074 2844 1355 2894 grammaticos
1387 2845 1601 2886 verisimile
1632 2849 1696 2887 est

168 2900 374 2958 ἕσύνηκεν,
416 2908 460 2946 ut
490 2903 676 2958 σύνοιδα,
708 2909 930 2959 scripsisse,
961 2908 1040 2949 vid.
1071 2909 1136 2949 Et.
1169 2910 1220 2949 M.
1253 2910 1351 2961 484,
1384 2910 1422 2949 4.
1454 2905 1574 2964 (617,
1606 2906 1694 2965 52.)
