1864 3126
203 157 288 198 336
531 156 533 160 ’
766 156 959 192 ΡΟΕΤΑΕ
984 156 1162 193 MELICI.

271 263 320 308 τὸ
348 263 429 320 μὲν
455 262 693 320 ἐκπέφευγε
717 262 918 322 κέντρον,
1058 263 1258 320 κρατέειν
1289 263 1430 323 κόρην
1461 268 1669 322 νομίζων,

273 333 449 390 φύσεως
468 331 509 377 δ’
539 332 697 391 ἄμειψε
722 334 917 392 μορφήν,
1055 333 1243 394 χλοερὸν
1257 334 1433 393 δρέπων
1448 336 1497 380 δὲ
1510 335 1684 393 φύλλον

273 403 417 462 φυτὸν
429 402 616 458 εὐθαλὲς
628 403 869 463 δ’ἐπήχθη.
892 418 981 450 1075
1057 405 1199 450 ἐδόκει
1230 412 1372 451 τελεῖν
1403 406 1639 464 Κυθήρην.

203 489 247 520 20
274 474 297 520 ὁ
332 475 381 520 δὲ
417 480 584 533 Φοῖβος
613 471 680 535 ᾖε,
716 480 881 534 Φοῖβος
1578 504 1582 508 -

934 609 1002 651 59.

262 688 366 745 ’Ἀγε
397 690 529 746 θυμέ,
560 692 620 746 πῆ
653 689 850 746 μέμηνας
1058 688 1138 734 τὸν
1170 687 1378 746 ἀοίδιμον
1409 690 1630 748 μελιστήν.

276 763 440 816 μανίην
472 760 626 817 μανεὶς
657 759 861 818 ἀρίστην,
1059 761 1227 817 φιάλην
1259 760 1445 819 πρόπινε
1475 765 1643 818 παισίν,

273 829 322 875 τὸ
354 829 497 887 βέλος,
530 830 651 889 φέρε,
682 830 921 889 κράτυνον,
990 844 1033 875 10
1060 831 1227 888 φιάλην
1258 831 1407 889 λόγων
1439 833 1643 890 ἐραννήν.

275 900 444 945 σκοπὸν
465 899 524 954 ὡς
537 901 688 958 βαλὼν
705 901 920 960 ἀπέλθῃς·
1060 901 1147 947 ἀπὸ
1179 903 1389 962 νέκταρος
1418 913 1572 948 ποτοῖο

228 985 248 1016 5
274 971 323 1016 τὸ
358 971 407 1016 δὲ
438 972 570 1026 τόξον
599 972 863 1031 Ἀφροδίτης
1058 973 1349 1031 παραμύθιον
1381 974 1606 1031 λαβόντες,

274 1045 398 1100 ἄφες,
431 1038 466 1101 ᾧ
498 1044 634 1096 θεοὺς
666 1046 801 1089 ἐνίκα.
1056 1044 1282 1103 ’φλογερὸν
1302 1045 1521 1102 φυγόντες
1532 1045 1701 1104 ἄστρον

273 1113 355 1159 τὸν
383 1112 676 1173 Ἀνακρέοντα
707 1117 860 1172 μιμοῦ,
977 1113 985 1119 ’
1060 1150 1496 1162 .......

594 1260 596 1262 ’
633 1254 811 1315 σαόφρων
837 1254 926 1314 γάρ,
952 1251 1035 1293 εὖτε
1062 1259 1178 1303 (Γαΐα

632 1317 710 1339 οπα
736 1305 802 1362 τῆς
826 1302 954 1364 κόρης)
982 1302 1158 1350 ἄκουσεν,

632 1349 837 1396 φύσεώς
838 1348 872 1387 τ’
901 1350 1040 1398 αμειψε
1069 1350 1238 1399 μορφήν,

630 1398 671 1434 τὸ
699 1412 779 1445 μεν
795 1397 1007 1445 ἐκπέφευγε
1036 1403 1110 1436 κτλ.

205 1481 291 1506 nam
316 1483 351 1506 v.
380 1473 435 1515 18,
453 1480 572 1526 quem
585 1469 740 1529 traieci,
766 1471 959 1507 commode
984 1471 1075 1507 licet
1093 1471 1142 1507 ad
1161 1471 1325 1506 alienum
1345 1471 1525 1506 auxilium
1544 1480 1737 1507 revocare-

205 1539 248 1544 —
275 1518 318 1553 V.
343 1521 397 1553 17.
424 1514 465 1552 τὸ
487 1513 595 1563 μέν’
578 1515 790 1562 εκπέφευγε
817 1517 983 1563 κέντρον,
1010 1518 1241 1578 Stephanum
1266 1519 1413 1554 secutus
1439 1530 1533 1563 sum,
1559 1518 1638 1554 cod.
1663 1514 1731 1553 τὸν

205 1564 273 1610 μὲν
300 1562 520 1622 ἐκπέφευγα
547 1577 669 1610 κεντρ,
694 1566 790 1600 unde
816 1564 914 1600 Rose
940 1566 1006 1601 τοῦ
1033 1564 1102 1612 μὲν
1127 1567 1165 1602 et
1184 1564 1358 1612 κέντρα»
1341 1566 1501 1602 scribere
1521 1565 1730 1601 maluit.—

204 1613 247 1648 V.
277 1615 328 1648 18.
357 1609 496 1658 ἄμειψε
525 1611 746 1672 Stephanus,
775 1613 856 1648 cod.
882 1626 906 1648 α
910 1621 1041 1659 μειψα.
1074 1634 1118 1640 -
1150 1614 1195 1651 V.
1223 1617 1276 1649 19.
1315 1610 1464 1659 ἐπήχθη
1496 1613 1520 1648 1.
1547 1624 1578 1648 e.
1612 1609 1733 1670 ἐπάγη
1822 1650 1826 1654 ,

206 1660 352 1705 scripsi,
389 1660 458 1695 cod
503 1655 565 1695 ἐπ’
593 1656 685 1705 ἠχεῖ
702 1659 725 1695 i.
753 1671 783 1695 e.
810 1657 950 1719 ἐπηχεῖ
967 1661 1011 1696 ut
1037 1655 1246 1716 Stephanus
1273 1660 1404 1706 edidit,
1435 1660 1532 1696 Rose
1559 1656 1732 1705 ἐπήνθει

203 1728 250 1734 -
276 1711 329 1742 20.
358 1700 402 1752 ἦε
430 1706 564 1742 Aemil.
589 1706 735 1764 Portus,
761 1707 842 1743 cod.
868 1705 925 1753 ἠέ,
954 1709 1019 1743 sed
1046 1720 1129 1744 cum
1157 1708 1266 1744 nimis
1291 1708 1470 1753 langueat
1494 1708 1564 1743 hoc
1584 1706 1735 1752 potissi-

204 1767 307 1790 mum
334 1720 425 1799 loco,
451 1754 582 1790 malim
606 1748 704 1801 ᾖξε,
727 1721 961 1791 'Medenbach
987 1754 1074 1792 εἷλε.
1101 1777 1144 1782 —
1171 1756 1216 1792 V.
1237 1759 1294 1791 22.
1319 1755 1435 1791 Pauw
1457 1755 1616 1791 coniecit
1634 1757 1734 1800 χλια-

139 1834 142 1838 .
205 1799 274 1848 ρὸν
301 1803 333 1837 ὃ.
361 1800 402 1837 δε
417 1783 575 1847 φλοιόν.

301 1865 356 1896 59.
408 1861 451 1896 In
477 1860 604 1896 codice
630 1861 690 1896 hic
717 1861 882 1897 versibus
910 1866 952 1897 13
980 1862 1190 1899 absolvitur
1209 1873 1358 1898 carmen
1375 1872 1645 1908 praegressum,
1669 1872 1734 1897 ne-

205 1920 277 1953 que
303 1908 507 1944 editoribus
532 1907 572 1942 id
589 1907 783 1945 offensioni
801 1909 889 1952 fuit3
916 1921 986 1955 ego
1007 1910 1187 1955 separavi,
1213 1910 1352 1946 frustra
1371 1910 1591 1946 adversante
1609 1908 1734 1944 Rosio.

207 1957 304 1991 Nam
331 1967 360 1991 c.
383 1959 438 2000 58,
466 1955 635 2000 quamvis
660 1936 972 2001 inaequabilitate
998 1957 1159 2002 quadam
1184 1957 1359 2002 partium,
1385 1958 1428 1992 ut
1453 1968 1566 2011 supra
1595 1955 1734 1999 monui,

207 2003 362 2047 laboret,
391 1984 686 2038 eo’nsummatum
712 2005 786 2039 est:
814 2015 908 2048 quae
934 2004 1108 2059 deinceps
1134 2006 1338 2050 sequuntur
1362 2005 1409 2039 ab
1430 2003 1602 2039 instituto
1621 2014 1731 2048 argu-

207 2053 332 2086 mento
358 2061 509 2096 prorsus
536 2051 622 2084 sunt
647 2050 787 2086 aliena.
813 2062 933 2096 neque
959 2051 1058 2087 enim
1082 2051 1132 2087 ad
1156 2051 1371 2097 Apollinem
1396 2053 1436 2086 et
1459 2051 1635 2096 Daphnes
1660 2051 1734 2086 for·

207 2100 336 2133 tunam
364 2097 546 2143 spectant,
573 2096 639 2132 sed
663 2098 711 2133 ad
737 2109 934 2143 puerorum
959 2110 1114 2135 amores.
1158 2099 1281 2144 Atque
1306 2099 1378 2133 hoe
1402 2109 1550 2144 quoque
1574 2108 1734 2141 carmen,

208 2146 308 2191 quod
335 2145 535 2180 admodum
559 2144 701 2180 inficeti
724 2145 987 2182 versificatoris
1014 2157 1093 2182 esse
1125 2147 1293 2200 apparet,
1326 2145 1592 2181 detrimentum
1616 2143 1732 2190 cepit:

207 2194 246 2246 iu
272 2193 438 2228 extrema
462 2192 568 2238 parte
587 2192 696 2237 plura
720 2193 999 2239 interciderunt,
1024 2205 1093 2229 nec
1117 2194 1263 2239 mirum,
1291 2204 1374 2228 cum
1401 2193 1470 2229 hoc
1496 2203 1645 2228 carmen
1669 2203 1732 2227 no-

206 2239 399 2276 vissimum
425 2240 549 2276 locum
575 2240 772 2285 archetypi
790 2241 879 2276 olim
906 2240 1119 2277 obtinuerit.
1146 2261 1190 2266 —
1217 2241 1261 2276 V.
1282 2244 1303 2276 2
1331 2240 1399 2276 cod
1426 2242 1537 2286 μ.ανς
1564 2260 1608 2265 —-
1634 2239 1678 2275 V.
1700 2243 1732 2295 3.

207 2285 394 2347 κράτυνον
421 2286 562 2332 scripsi,
588 2287 785 2332 legebatur
810 2286 1017 2333 κρατύνων,
1045 2289 1160 2324 codex
1185 2290 1383 2333 utrumque
1402 2287 1626 2323 testificatur
1645 2300 1736 2329 κρα-

206 2334 340 2370 τύνων.
392 2335 504 2370 Rosio
534 2334 682 2370 videtur
706 2335 805 2370 idem
813 2336 940 2392 quod
971 2336 1065 2371 mihi
1089 2334 1128 2371 in
1151 2338 1316 2372 mentem
1348 2334 1512 2378 venisse,
1543 2334 1611 2370 sed
1634 2334 1733 2377 male

208 2383 359 2428 scripsit
383 2382 581 2428 κρατῦνον.
602 2402 646 2408 —-
676 2382 719 2417 V.
740 2386 771 2418 6.
799 2376 828 2430 ᾧ
854 2382 990 2419 Aemil
1013 2384 1158 2440 Portus,
1185 2384 1266 2419 cod.
1293 2379 1352 2423 ὡς,
1376 2401 1417 2407 ——
1447 2382 1488 2419 V.
1512 2386 1565 2417 13.
1593 2378 1735 2426 φυγόν-

208 2443 279 2474 τες,
300 2430 508 2474 Mehlhorn‚
534 2431 577 2464 ut
595 2440 745 2465 sensum
763 2419 984 2475 ab‘solveret,
1011 2427 1192 2476 φύγωμεν
1211 2429 1415 2474 substituit,
1441 2429 1541 2474 quod
1560 2429 1667 2464 Rose-
1677 2438 1734 2464 se-

210 2479 319 2513 cutus
344 2478 539 2522 praeterea
565 2474 712 2522 οἶστρον
732 2477 867 2513 edidit.
893 2478 933 2513 in
953 2459 1134 2514 eiusmodi
1153 2477 1285 2514 rudere
1305 2475 1526 2513 coniecturis
1547 2475 1735 2512 abstinere

210 2525 328 2560 satius
354 2527 420 2560 est.

304 2572 476 2608 Editores
502 2572 843 2607 Anacreonteorum
870 2573 1064 2618 praeterea
1089 2571 1276 2608 Theodori
1294 2571 1488 2607 Prodi-omi
1512 2580 1661 2606 carmen
1679 2579 1735 2604 re-

210 2620 388 2665 ceperunt
413 2618 593 2664 (Fischeri
618 2618 675 2655 ed
701 2618 832 2665 LXII),
865 2620 965 2674 quod
989 2620 1215 2656 Boissonade
1241 2619 1289 2655 ab
1315 2618 1390 2654 alio
1423 2617 1584 2663 quodam
1609 2616 1735 2653 condi-

211 2668 292 2702 tum
318 2668 441 2712 p,utat
467 2677 552 2702 cum
576 2666 684 2702 istius
710 2666 870 2702 hominis
893 2667 1044 2713 ingenio
1075 2667 1267 2703 venustius
1291 2665 1480 2710 videatur,
1512 2675 1586 2700 non
1612 2664 1734 2709 credo,

211 2725 438 2759 quamquam
462 2713 527 2749 ille
546 2713 703 2749 fortasse
723 2713 826 2750 aliud
845 2714 1037 2760 antiquius
1057 2723 1205 2750 carmen
1222 2712 1391 2749 imitatus
1411 2714 1478 2758 est,
1505 2723 1625 2757 neque
1646 2711 1734 2747 olim

209 2762 247 2796 in
273 2761 423 2797 exordio
449 2759 582 2797 θεαων
609 2758 757 2797 ἄνασσα
782 2759 908 2807 Κύπρι
932 2763 1003 2798 fuit
1027 2762 1218 2808 scriptum,
1243 2761 1325 2796 sed.

684 2830 908 2879 Θαλάμων
934 2844 1100 2879 ανασσα,
1126 2830 1260 2878 Κύπρι.

211 2903 256 2939 cf.
285 2904 399 2939 etiam
426 2902 603 2948 Hesychii
627 2903 806 2948 glossam:
832 2900 1016 2950 θαλάμων
1041 2900 1207 2939 ἄνασσα·
1229 2899 1434 2948 Ἀφροδίτη.
