1864 3126
229 106 316 149 486
528 128 530 131 -
792 106 982 144 POETAE
1007 107 1182 143 MELICI.

386 220 546 269 παῖδας
578 214 901 273 Δεινομένευς,
932 213 1011 259 τὸν
1042 213 1215 272 τρίποδ’
1250 213 1516 272 άνθέμεναι,
1661 226 1751 259 1167

328 290 371 342 ἓξ
403 286 559 332 ἑκατὸν
591 290 754 345 λιτρῶν
785 286 859 330 καὶ
890 287 1162 343 πεντήκοντα
1193 285 1423 330 ταλάντων

388 358 655 417 Δαμαρέτου
687 361 876 416 χρυσοῦ,
907 361 984 410 τᾶς
1016 357 1200 410 δεκάτας
1231 351 1434 413 δεκάταν,

209 455 218 466 ‹
282 445 301 475 5
328 432 530 488 βάρβαρα
563 430 826 486 νικήσαντας
858 431 987 485 ἔθνη·
1020 427 1190 485 πολλὴν
1221 428 1270 472 δὲ
1301 437 1542 486 παρασχεῖν
1580 463 1584 468 ,

229 500 240 507 ⁷¹
389 502 619 559 σύμμαχον
639 498 850 558 ’Ἑλλησιν
883 497 992 558 χεῖρ’
1028 500 1070 555 ἐς
1102 500 1374 557 ἐλευθερίην.

236 694 336 718 mam
370 681 566 717 victoriam
597 692 729 715 munus
760 681 803 715 ut
835 680 984 715 videtur
1009 679 1127 715 multo
1152 678 1275 714 minus
1300 679 1466 724 Apollini
1492 678 1758 715 dedicaverunt

237 732 275 766 et
305 729 528 765 Pausaniam
560 727 664 764 tituli
694 728 833 763 honore
866 727 1101 770 orbaverunt,
1134 738 1209 762 non
1240 725 1360 761 solum
1390 736 1456 762 sua
1485 726 1638 762 nomina
1672 737 1756 762 con·

236 778 392 812 fidenter
417 775 695 821 inscripserunt,
721 775 784 810 sed
814 773 928 809 etiam
954 773 1140 819 tripodem
1166 784 1211 808 ex
1230 784 1320 809 auro
1346 775 1467 809 totum
1488 773 1640 808 maximi
1663 784 1754 818 pon·

236 824 335 860 deris
356 824 425 859 deo
445 824 676 865 obtulerunt3
699 833 786 856 nam
806 822 868 856 hic
887 822 1007 867 tripus
1025 820 1124 856 inter
1142 819 1416 866 pretiosissima
1433 820 1607 866 Delphici
1623 819 1758 867 templi

237 872 478 907 monumenta
508 871 570 906 vel
599 868 815 915 primarium
849 868 1044 904 obtinebat
1073 868 1207 904 locum.
1258 868 1331 904 Sed
1361 868 1408 903 de
1439 868 1509 904 hac
1540 867 1758 912 quaestione

236 931 348 965 quam
375 929 419 953 ea
450 929 523 962 qua
548 918 656 953 decet
681 928 769 953 cura
803 916 975 962 persequi
1008 927 1083 951 non
1112 915 1336 961 permittunt
1365 914 1474 950 huius
1505 914 1759 951 adnotationis

235 966 444 1012 angustiae,
470 965 676 1000 accuratius
703 964 763 1010 egi
786 964 825 998 in
851 964 1037 999 conventu
1060 962 1338 1008 philologorum
1368 962 1542 1007 Halensi,
1577 961 1649 998 vid.
1675 962 1758 998 Act.

237 1026 340 1050 conv.
367 1026 402 1058 p.
429 1017 473 1048 25
489 1024 564 1057 seq.
591 1022 710 1056 neque
737 1011 939 1056 quidquam
963 1011 1122 1056 repperi,
1148 1010 1246 1055 quod
1273 1010 1552 1045 retractandum
1572 1009 1759 1046 videatun

236 1073 324 1097 nam
350 1071 446 1106 quae
471 1060 633 1094 Hultsch
656 1070 732 1094 non
755 1069 942 1104 praesens,
969 1058 1032 1093 sed
1059 1068 1155 1092 anno
1181 1058 1264 1102 post
1290 1056 1384 1102 (Act.
1406 1069 1441 1102 p.
1456 1061 1500 1092 37
1515 1057 1606 1102 seq.)
1631 1058 1760 1093 contra

237 1108 428 1151 disseruit,
465 1106 560 1142 nihil
585 1117 720 1142 moror.
771 1105 878 1148 Quod
904 1104 1085 1140 Simonidi
1111 1104 1269 1149 denique
1295 1104 1492 1149 abrogavit
1515 1104 1759 1150 epigramma,

237 1155 328 1192 satis
366 1166 548 1200 superque
583 1153 723 1199 arguit,
767 1163 879 1198 quam
915 1152 1082 1187 infirmae
1118 1151 1256 1187 fuerint
1291 1152 1472 1197 rationes,
1515 1162 1606 1196 quas
1649 1153 1761 1187 antea

237 1203 295 1238 his
332 1203 422 1248 ipsis
459 1202 627 1237 versibus
663 1203 854 1245 tanquam*
884 1199 1071 1245 germanis
1114 1211 1200 1234 usus
1238 1199 1525 1244 excogitaverat.
1561 1218 1608 1224 —-
1644 1198 1688 1233 V.
1722 1202 1759 1234 ·1.

238 1249 496 1286 Schneidewin
528 1262 627 1293 φαμι
664 1250 703 1283 et
727 1244 944 1290 Πολύζαλον
981 1245 1235 1292 probabiliter.
1268 1267 1311 1271 —
1344 1245 1388 1282 V.
1427 1251 1460 1281 2.
1499 1245 1761 1291 Δεινομένευς,

239 1298 318 1333 cod.
355 1296 434 1332 Pal.
469 1295 676 1341 διομένενς.
710 1316 754 1320 —-
786 1292 852 1329 τὸν
890 1290 1038 1339 τρίποδ’
1083 1290 1298 1339 (ἐνθέμεναι
1338 1293 1450 1328 Anth.
1487 1292 1639 1338 (Suid.)‚
1675 1289 1762 1334 τοὺς

240 1346 419 1390 τρίποδας
449 1342 613 1388 θέμεναι
640 1343 761 1378 Schol.
794 1341 910 1386 male,
942 1352 1055 1376 unum
1079 1341 1227 1376 tantum
1257 1340 1442 1385 tripodem
1466 1340 1579 1375 fuisse
1603 1341 1762 1375 testatur

240 1392 354 1428 etiam
379 1391 486 1426 Diod.
514 1390 585 1425 Sic.
611 1390 661 1425 XI
686 1394 743 1425 26.
789 1388 861 1424 Sed
886 1400 1011 1424 versus
1036 1388 1081 1423 de
1106 1387 1395 1433 interpolatione
1422 1389 1626 1433 suspectus,
1650 1389 1764 1432 poeta

240 1440 386 1475 videtur
411 1439 453 1473 ut
478 1438 573 1473 solet
597 1435 731 1473 τόνδε
758 1433 855 1480 ποτ’
885 1432 1098 1482 ἀνθέμεναι
1124 1435 1326 1480 scripsisse.
1353 1455 1395 1460 -
1415 1434 1460 1471 V.
1486 1440 1519 1471 3.
1541 1433 1585 1478 ἓξ
1611 1433 1760 1470 Boeckh

241 1485 402 1528 (Metrol.
431 1484 580 1527 Quaest.
608 1488 676 1520 295
702 1486 741 1520 et
766 1488 846 1527 304,
871 1483 935 1518 ubi
959 1483 1030 1519 hoc
1055 1482 1242 1518 distichon
1259 1481 1425 1517 vindicat
1449 1493 1472 1517 a
1491 1480 1764 1517 Schneidewini

241 1533 467 1578 suspicione,
499 1545 535 1567 v.
561 1536 582 1567 3
609 1534 647 1567 et
678 1536 700 1567 4
733 1531 925 1566 subditicii
955 1530 1160 1574 videntur),
1191 1529 1387 1574 legebatur
1419 1526 1475 1572 ἐξ,
1506 1529 1608 1574 quod
1635 1530 1764 1565 tuetur

240 1581 401 1616 Hultsch
426 1592 461 1625 p.
491 1584 545 1615 16.
573 1601 617 1605 —
643 1579 787 1624 λιτρῶν,
814 1578 1004 1623 corrigunt
1021 1578 1160 1623 λιτρᾶν.
1187 1597 1229 1602 -
1259 1575 1483 1622 Δαμαρέτου
1509 1575 1650 1622 scripsi,
1675 1587 1763 1612 nam

242 1629 482 1674 Δαμαρετίου
510 1627 608 1671 quod
634 1626 792 1671 Bentley
817 1624 1104 1668 commendavit,
1131 1624 1193 1659 vix
1217 1623 1428 1659 ferendum:
1453 1623 1614 1660 debebat
1632 1627 1762 1669 Δαμα·

242 1677 387 1719 ρετείου
414 1675 499 1717 dici,
516 1676 582 1709 aut
602 1674 632 1708 si
652 1675 823 1719 correpta
840 1673 1076 1718 paenultima
1093 1673 1226 1717 poetae
1246 1670 1354 1706 licuit
1370 1670 1544 1716 proferre,
1571 1672 1671 1706 certe
1689 1681 1763 1706 non

242 1724 399 1758 decebat
423 1722 600 1757 continuo
626 1720 792 1756 litteram
817 1720 987 1756 vocalem
1013 1722 1223 1764 correptam
1247 1717 1394 1764 penitus
1420 1718 1564 1761 eiicere,
1589 1718 1654 1754 sed
1679 1729 1763 1754 cum

242 1769 407 1815 vulgaris
432 1770 552 1805 forma
575 1768 700 1804 versui
725 1779 800 1803 non
825 1767 914 1803 satis
942 1767 1133 1803 commoda
1165 1768 1273 1810 esset,
1304 1777 1414 1801 ausus
1440 1767 1498 1801 est
1521 1763 1658 1811 χρυσὸν
1685 1769 1763 1800 Δα-

242 1815 403 1862 μάρετον
436 1817 611 1860 scribere,
644 1816 744 1860 quod
774 1825 848 1850 non
879 1815 998 1860 magis
1031 1815 1087 1849 est
1110 1813 1394 1858 improbandum
1422 1824 1532 1857 quam
1558 1812 1765 1858 virgiliana

243 1865 403 1900 Romula
428 1864 531 1898 tellus
557 1865 594 1898 et
618 1862 768 1898 Lavina
794 1863 930 1906 littora,
957 1862 1023 1896 aut
1047 1862 1147 1906 quod
1170 1860 1347 1896 Horatius
1373 1860 1418 1895 de
1443 1862 1522 1896 arte
1547 1863 1647 1905 poet.
1674 1863 1762 1896 288:

243 1912 296 1946 Et
320 1912 385 1956 qui
406 1914 615 1955 praeteaetas
639 1914 671 1945 et
690 1911 753 1954 qui
778 1910 927 1944 docuere
946 1912 1088 1954 toyatas
1107 1919 1201 1943 novo
1222 1907 1333 1943 modo
1352 1907 1460 1943 dixit:
1490 1909 1602 1951 atque
1626 1907 1667 1942 in
1685 1907 1762 1943 sch.

243 1959 347 1994 Pind.
377 1958 432 1992 Ol.
461 1957 495 1991 ΙΙ
522 1962 539 1991 1
569 1955 805 2002 Δημαρέτην,
831 1952 903 2000 ἀφ’
929 1950 974 2000 ἧς
1000 1955 1065 1990 καὶ
1090 1953 1348 2000 Δημαρέτειον
1372 1951 1675 2013 προσωνομάσθη
1702 1951 1763 1989 νό-

243 2017 359 2051 μισμα
386 2005 463 2040 cod.
491 2003 595 2039 Vrat.
621 2005 653 2038 A
678 2005 774 2039 teste
807 2002 1030 2039 Schneidero
1057 2002 1209 2043 exbibet
1239 1998 1496 2047 δημάρετον
1529 1998 1764 2046 ωνομάσθαι.

246 2054 377 2097 Itaque
403 2063 487 2087 cum
513 2051 603 2087 olim
629 2051 743 2087 etiam
770 2048 993 2095 Δαμαρέτας
1017 2049 1055 2084 in
1074 2050 1236 2085 mentem
1257 2047 1429 2091 venisset,
1455 2048 1493 2083 id
1517 2047 1640 2094 ipsum
1658 2047 1763 2083 resti-

243 2100 310 2142 tui,
336 2099 532 2145 legebatur
564 2099 751 2143 Δαρετίου
786 2097 828 2143 (Ρ
854 2095 1047 2142 δᾶρετίου,
1078 2096 1143 2132 ubi
1169 2107 1196 2133 e.
1223 2107 1270 2131 m.
1303 2097 1499 2131 accentum
1524 2106 1638 2141 supra
1661 2108 1675 2130 ι
1699 2095 1764 2131 ad—

244 2147 345 2192 iecit)
371 2157 490 2191 neque
517 2146 628 2181 aliter
647 2145 789 2181 Suidas.
828 2144 998 2180 Meineke
1016 2145 1199 2188 Λαρετίου
1219 2143 1416 2188 legendum
1435 2141 1642 2188 proposuit,
1666 2143 1765 2187 quod

244 2193 479 2239 Lycophroni
513 2195 550 2228 et
574 2193 706 2238 poetis,
744 2192 807 2237 qui
838 2191 1000 2238 figurata
1031 2191 1196 2227 carmina
1221 2190 1447 2236 scripserunt
1471 2189 1766 2234 condonandum,

246 2254 320 2277 non
346 2240 541 2284 Simonidi,
567 2251 677 2285 quem
703 2251 777 2276 non
802 2240 959 2275 decebat
982 2238 1215 2274 tenebricoso
1240 2236 1423 2273 vocabulo
1453 2236 1605 2283 reginae
1629 2247 1764 2273 nomen

245 2289 449 2324 occultare:
476 2299 563 2323 nam
589 2288 622 2323 si
641 2287 844 2333 Sophocles
870 2285 1016 2322 veniam
1041 2286 1229 2331 impetrat,
1255 2296 1338 2320 cum
1357 2283 1601 2320 Macedonum
1626 2295 1765 2330 regem,

246 2337 309 2380 qui
335 2348 357 2371 a
383 2335 457 2371 suis
482 2334 724 2380 popularibus
745 2331 934 2379 Ἀρχέλαος
958 2332 1258 2378 nuncupabatur,
1290 2332 1500 2367 Atticorum
1524 2342 1627 2367 more
1648 2327 1764 2376 Ἀρχέ-

244 2387 339 2419 λεων
372 2385 499 2427 vocat,
530 2382 641 2418 facile
674 2382 830 2427 apparet
865 2380 961 2416 nulli
991 2382 1124 2426 poetae
1160 2379 1307 2415 licuisse
1337 2378 1504 2425 reginam
1536 2377 1764 2424 Δαμαρέταν

246 2430 412 2466 inaudito
445 2441 594 2486 prorsus
624 2429 772 2465 nomine
804 2428 976 2472 Λαρέταν
1008 2427 1208 2473 appellare.
1237 2447 1279 2451 —
1312 2427 1396 2470 τᾶς,
1429 2425 1565 2461 Suidae
1590 2425 1698 2462 codd.
1722 2427 1766 2461 ut

246 2478 394 2513 videtur
426 2490 502 2517 τας.
537 2497 581 2502 -
613 2475 658 2512 V.
683 2480 715 2512 5.
751 2474 1008 2511 Schneidewin
1039 2471 1267 2514 νικάσαντας
1297 2476 1336 2509 et
1365 2470 1523 2518 πολλὰν,
1556 2472 1654 2508 sicut
1681 2484 1715 2508 v.
1742 2476 1763 2508 6

238 2521 414 2560 Ἕλλασιν
440 2526 478 2559 et
501 2521 737 2569 ἐλευθερίαν.
788 2522 962 2559 Offendor
986 2522 1152 2558 vanitate
1176 2521 1389 2564 verborum,
1420 2530 1514 2565 quae
1543 2520 1583 2554 in
1612 2519 1764 2564 publico

247 2573 506 2616 monumento,
542 2571 640 2616 quod
673 2569 914 2607 celeberrimo
947 2570 1028 2605 loco
1061 2569 1237 2605 Graeciae
1267 2567 1342 2603 fuit
1372 2568 1496 2611 situm,
1526 2565 1588 2603 vix
1618 2565 1766 2602 videtur

250 2619 419 2655 ferenda:
445 2630 533 2654 nam
545 2619 687 2654 certum
707 2620 765 2654 est
783 2617 994 2653 Sicilienses
1011 2618 1189 2662 tyrannos
1209 2614 1315 2650 nulla
1333 2614 1472 2650 auxilia
1490 2613 1634 2649 misisse
1654 2613 1765 2649 Grae-

249 2667 301 2702 cis
333 2667 507 2702 adversus
543 2665 674 2701 Persas
710 2665 979 2711 pugnantibus3
1016 2675 1102 2699 nam
1133 2659 1248 2707 πολλὴ
1303 2661 1360 2707 εὶρ
1391 2661 1486 2697 nihil
1515 2660 1616 2696 aliud
1652 2672 1765 2705 quam

250 2725 402 2759 magnas
438 2712 565 2759 copias
595 2712 799 2759 significat,
831 2712 876 2748 cf.
908 2711 1043 2747 Herod.
1069 2710 1140 2746 VII
1165 2714 1232 2746 15⁷
1263 2706 1356 2754 αλὴς
1386 2706 1454 2754 μὲν
1484 2705 1554 2752 γὰρ
1585 2706 1764 2754 γινομένη

250 2761 349 2795 πᾶσα
375 2758 398 2805 ἡ
420 2757 568 2804 Ἑλλάς,
595 2759 674 2805 χεὶρ
695 2757 836 2805 μεγάλη
855 2757 1068 2804 συνάγεται.
1105 2757 1314 2793 Herodotus
1332 2755 1446 2791 refert
1463 2755 1655 2800 Gelonem,
1680 2766 1762 2790 cum

252 2808 475 2843 Graecorum
510 2807 629 2853 legati
664 2807 854 2843 venissent
883 2806 1062 2842 auxilium
1088 2807 1274 2858 petentes,
1310 2802 1560 2857 respondisse,
1602 2802 1701 2838 velle
1726 2813 1764 2838 se

252 2855 430 2890 maximas
464 2866 591 2900 copias
623 2853 789 2891 subsidio
822 2853 990 2898 mittere,
1022 2852 1056 2888 si
1086 2861 1230 2888 summa
1259 2849 1409 2896 imperii
1439 2849 1511 2885 sibi
1540 2849 1763 2886 traderetur:
1819 2889 1828 2896 ,
