1864 3126
185 126 239 168 16
703 122 705 124 ’
750 124 942 160 ΡΟΕΤΑΕ
967 123 1142 161 MELICI.

854 246 892 288 3.
927 247 1031 299 [78]

287 328 378 384 Τμέ
405 344 451 370 τε
483 327 555 370 καὶ
589 327 810 383 σφετέρως

282 401 422 450 ἴππως
453 432 669 442 ......

869 496 909 536 4.
946 495 1020 548 [2.]
1247 495 1253 498 ”
1563 549 1567 553 .
1639 507 1709 539 820

281 576 369 620 Καὶ
402 574 510 627 ναὸς
541 572 679 631 ἁγνὸς
711 573 918 633 εὐπύργω
951 575 1200 633 Σεράπνας.

924 695 962 736 5.

307 783 436 822 Schol.
457 782 592 832 Eurip.
615 782 756 820 Troad.
776 795 813 820 v.
834 782 936 819 ⁶210:
970 777 1193 832 οἰκητήριον
1219 779 1263 820 δέ
1287 794 1386 833 φησι
1409 778 1477 829 τὰς
1500 776 1711 834 Θεράπνας

183 850 261 888 τῶν
281 843 536 895 Διοσκούρων
562 843 738 898 παρόσον
762 841 841 884 ὑπὸ
866 841 938 895 τὴν
962 848 1038 898 γῆν
1063 848 1130 897 τῆς
1160 841 1371 898 Θεράπνης
1402 842 1503 886 εἶναι
1533 847 1710 901 λέγονται

183 914 342 963 ζῶντες,
375 908 427 959 ὡς
455 907 625 963 Ἀλκμάν
656 907 712 964 (A
743 906 815 949 ἆλκ
836 943 843 950 .
866 943 872 949 .
897 939 924 960 .,
955 911 994 949 N
1025 907 1218 964 ἆλμαίων)
1252 923 1385 963 φησιν.

907 1026 984 1068 *6.

279 1109 507 1167 Χερσόνὸε
539 1107 694 1165 κωφὸν
728 1109 776 1152 ἐν
809 1107 999 1164 φύκεσσι
1030 1117 1182 1152 πιτνεῖ.

280 1263 338 1299 Fr.
366 1267 399 1299 3.
448 1262 620 1309 Apollon
648 1262 693 1297 de
718 1274 822 1319 pron.
849 1262 961 1297 399Β
997 1262 1043 1298 de
1079 1263 1341 1307 pronominum
1372 1263 1549 1299 abusione
1587 1263 1708 1321 dispu-

184 1312 288 1346 tans:
315 1314 467 1346 πλεῖστα
494 1311 585 1354 γοῦν
613 1308 689 1345 ἔστι
714 1306 805 1354 παρ’
835 1305 975 1354 ἑτέροις
1001 1306 1143 1355 εὑρεῖν,
1176 1310 1400 1369 σφέτερον
1426 1310 1600 1355 πατέρα
1624 1311 1710 1346 αντὶ

183 1359 249 1394 τοῦ
277 1355 468 1416 ὑμέτερον.
520 1355 605 1392 ἀντὶ
631 1371 697 1393 του
723 1355 790 1392 τεά
816 1370 874 1392 τοι
898 1355 1019 1401 κήδεα
1045 1356 1152 1400 λέξον
1180 1355 1224 1393 έὰ
1239 1356 1354 1415 παρὰ
1379 1356 1620 1406 Καλλιμάχῳ,
1646 1358 1711 1394 καὶ

183 1403 298 1441 πάλιν
324 1402 415 1450 παρ’
443 1403 544 1453 αὐτῷ
570 1402 655 1440 άντὶ
681 1405 747 1439 τοῦ
773 1403 993 1449 σφωῖτέρου.
1035 1401 1205 1448 Ἀλκμάν-
1239 1402 1327 1450 Τμὲ
1361 1409 1435 1441 κτλ.
1481 1395 1710 1441 Callimacho

182 1453 400 1488 Alcmanica
434 1442 598 1488 tribuere
632 1452 714 1487 vult
745 1452 889 1487 Ahrens
919 1451 1077 1487 Dialeet.
1108 1451 1195 1488 Dor.
1228 1457 1315 1498 263,
1351 1452 1567 1511 existimans
1599 1452 1711 1488 Calli-

183 1501 357 1536 machum
389 1500 428 1534 in
458 1501 598 1544 hymno
630 1499 757 1544 aliquo
787 1499 826 1533 in
859 1499 1028 1534 Castores
1060 1499 1213 1535 dixisse.
1245 1481 1349 1545 Ἀλκμ
1351 1497 1400 1534 ἂν
1425 1497 1495 1546 ὑμέ
1521 1513 1559 1535 τε
1586 1514 1619 1536 κ.
1646 1512 1708 1545 σφ.

184 1549 305 1588 ἵππως
326 1545 555 1593 (ἐκλέισσεν.)
594 1547 678 1582 Non
698 1546 1042 1582 animadverterunt
1059 1547 1227 1582 homines
1245 1547 1347 1583 docti
1366 1547 1588 1583 Callima-ehi
1606 1547 1711 1583 testi·

183 1595 349 1631 monium
370 1596 462 1630 satis
481 1593 759 1630 incommodum
784 1594 908 1628 locum
929 1594 1115 1650 obtinere3
1141 1606 1186 1630 118
1205 1594 1325 1630 iustus
1346 1595 1609 1640 disputationis
1630 1606 1711 1630 eur-

185 1654 246 1678 sus
271 1643 458 1687 turbetur,
486 1642 681 1678 eximenda
706 1642 793 1676 sunt
817 1642 948 1677 verba·
974 1637 1059 1676 ἀντὶ
1084 1642 1151 1676 τοῦ
1176 1639 1242 1677 veo}
1269 1639 1310 1677 τὸ

397 1709 528 1757 Κήὸεα
552 1710 660 1754 λέξον
688 1709 732 1746 ἕόι

183 1781 284 1830 παρὰ
298 1781 549 1837 Καλλιμάχῳ,
580 1794 674 1827 quae
699 1783 833 1828 postea
858 1795 880 1818 a
906 1783 1149 1829 grammatico
1176 1783 1302 1828 aliquo
1329 1784 1519 1829 adscripta
1543 1795 1588 1819 ex
1612 1795 1705 1819 mar-

183 1831 270 1877 gine
295 1831 334 1866 in
359 1821 557 1867 verborum
587 1830 756 1865 mdinem
787 1842 826 1865 88
850 1831 1142 1866 insinuaverunt.
1193 1830 1413 1876 Apollonius
1444 1843 1532 1867 usus
1557 1831 1719 1867 Hesiodi*

185 1878 346 1924 Operum
372 1878 524 1914 exordio
551 1877 747 1923 (σφέτερον
773 1876 931 1923 πατέρα)
958 1879 1049 1914 dicit
1078 1878 1235 1914 eundem
1260 1880 1411 1924 poetam
1437 1877 1618 1923 σφέτερος
1642 1890 1711 1924 pro

185 1926 390 1971 σφωΐτερος
414 1926 649 1971 usurpavisse
676 1926 726 1969 (in
753 1926 900 1970 perdito
926 1925 1052 1970 aliquo
1078 1925 1273 1971 earmine);
1307 1926 1388 1961 tum
1420 1927 1578 1962 eundem
1603 1937 1710 1962 usum

183 1973 328 2009 duobus
352 1972 580 2008 Alcmanicis
613 1973 792 2017 exemplis
825 1973 1029 2009 confirmat.
1080 1974 1210 2019 Neque
1243 1973 1342 2008 enim
1373 1973 1473 2008 iusta
1505 1975 1563 2009 est
1586 1985 1710 2018 causa,

185 2033 249 2056 cur
274 2020 545 2065 antiquioribus
577 2019 697 2066 poetis
729 2021 826 2056 hunc
851 2032 959 2055 usum
986 2020 1255 2065 abiudicemus,
1289 2021 1335 2056 de
1367 2031 1440 2066 quo
1473 2032 1567 2065 quae
1594 2020 1712 2056 Cobet

185 2066 334 2114 (Ερμῆς
359 2066 482 2113 λόγιος
507 2068 524 2101 I·
543 2072 612 2103 260
626 2069 741 2113 seqq.)
768 2067 993 2113 disputavit,
1025 2068 1199 2114 religiose
1225 2068 1471 2104 examinanda
1495 2070 1596 2104 sunt.
1622 2079 1710 2104 nam

183 2117 227 2150 ut
251 2116 346 2151 solet
371 2115 597 2151 confidenter
622 2117 661 2150 et
684 2126 751 2161 pro
776 2115 933 2161 imperio
960 2117 1102 2151 veteres
1127 2115 1325 2161 scriptores
1351 2116 1533 2162 castigat,
1557 2115 1708 2162 imperi-

186 2163 263 2199 tiae
288 2162 382 2198 alios
406 2163 644 2206 insimulans,
669 2162 748 2208 ipse
775 2163 907 2198 erroris
933 2174 1007 2199 non
1031 2163 1216 2198 immunis.

283 2210 341 2245 Fr.
368 2215 400 2245 4.
445 2210 621 2246 Priscian.
648 2210 694 2245 de
718 2212 824 2246 metr
853 2210 1000 2267 Terent
1022 2214 1088 2245 251
1110 2209 1164 2267 (ΙΙ
1188 2213 1257 2245 428
1276 2210 1376 2256 Keil)
1401 2212 1599 2256 postquam
1623 2210 1667 2245 fr.
1689 2214 1707 2245 1
1733 2210 1745 2222 ⁶

187 2271 220 2293 v.
244 2262 264 2294 3
291 2257 435 2293 attulit:
462 2258 538 2293 Καὶ
562 2254 655 2298 ναὸς
679 2255 800 2302 ἁγνάς
825 2254 998 2303 εὖπύργω
1017 2255 1221 2302 Σεράπνας
1245 2259 1449 2303 (ευτυργων
1476 2270 1642 2303 εραπνας
1665 2256 1708 2302 A,

187 2317 335 2341 versum
361 2305 488 2341 omisit
514 2306 576 2350 R):
614 2304 708 2351 „Hic
733 2306 866 2350 quarto
890 2306 974 2341 loco
1000 2305 1205 2351 spondeum
1230 2306 1378 2341 habetf‘
1429 2306 1472 2340 ut
1495 2305 1636 2341 eertum
1661 2304 1712 2339 sit

184 2354 283 2388 hunc
307 2364 454 2389 versum
480 2353 527 2388 ad
551 2353 652 2388 idem
678 2364 825 2389 carmen
850 2353 1052 2409 pertinere,
1079 2364 1123 2388 ex
1149 2363 1222 2397 quo
1247 2352 1407 2398 petitum
1434 2354 1491 2388 est
1512 2352 1556 2388 fr.
1579 2355 1609 2387 1.
1654 2351 1707 2387 cf.

185 2401 362 2458 Harpocr.
384 2404 440 2445 95,
454 2404 516 2435 20:
545 2398 743 2456 Θεράπναι
768 2399 875 2445 (ABG
897 2397 1090 2445 Θεράπνη)
1115 2398 1229 2440 τόπος
1255 2397 1354 2436 ἐστὶν
1380 2397 1422 2435 ἐν
1441 2400 1708 2445 Λακεδαίμονι,

186 2442 584 2540 3⁴:11&ssssssssAEst
610 2444 1108 2540 ῗίἒῖξὲηἱὲΑυζέἷῖῖῗέῃῖ
1124 2445 1711 2550 ssfi1p12ff1²³2220¹t³1¹33i13231⁵13‚⁷vi?1¹5

185 2543 317 2589 fragm.
339 2547 372 2578 5.
397 2543 554 2578 Pausan.
575 2542 626 2577 ΠΙ
645 2546 701 2586 20,
723 2547 739 2577 1
763 2544 801 2578 et
825 2541 948 2578 Schol.
967 2542 1072 2579 Pind.
1094 2543 1220 2579 Isthm.
1241 2543 1331 2577 143.
1361 2562 1402 2567 -
1429 2537 1544 2586 ἁγνὸς
1568 2540 1708 2587 scripsi,

189 2591 289 2635 quod
313 2590 502 2626 Hermann
528 2591 701 2635 correxit,
727 2589 922 2644 legebatur
946 2587 1075 2635 ἁγνᾶς.

281 2638 340 2674 Fr.
368 2641 399 2673 6.
443 2638 619 2673 Priscian.
646 2618 735 2693 ibid
761 2636 902 2683 pergit.
937 2637 1142 2682 „Similiter
1165 2640 1242 2682 Χερ
1244 2634 1355 2672 σόνὸε
1382 2634 1584 2692 (Χέρσονδε
1613 2635 1707 2679 Α1(1.,

186 2687 462 2720 ΧΕΡΣΑΝΔΕ
486 2684 601 2730 RVA)
633 2682 765 2730 κωφὸν
798 2687 998 2730 (ΚΩΦΩΝ
1019 2685 1066 2730 Α)
1100 2682 1141 2720 ἐν
1174 2683 1334 2729 φύκεσσι
1365 2683 1462 2729 (Ald.
1490 2680 1642 2728 φύκεσι,
1675 2681 1709 2716 A

187 2730 384 2778 φούκεσσι)
411 2737 539 2768 πιτνεῖ
557 2738 643 2778 (om.
664 2732 707 2777 R,
734 2733 846 2768 antea
864 2732 993 2778 scripsi
1019 2733 1197 2777 πίτνει).
1237 2732 1378 2775 Quarto
1400 2731 1482 2766 loco
1502 2730 1707 2776 spondeum

187 2780 330 2825 posuit,
361 2791 448 2815 nam
480 2793 538 2825 φυ
570 2762 787 2825 produe'itur
817 2781 913 2815 teste
943 2779 1163 2825 Heliodoro,
1197 2781 1259 2824 qui
1293 2778 1348 2814 ait
1379 2778 1606 2813 Simonidem
1636 2777 1727 2812 hoc'

186 2826 398 2871 frequenter
427 2826 574 2864 facere}
565 2829 586 2847 “
635 2828 802 2873 Apparet
825 2827 924 2863 hune
949 2836 1096 2873 quoque
1121 2838 1266 2863 versum
1291 2825 1480 2862 Alcmanis
1507 2836 1550 2860 ex
1577 2824 1708 2861 eodem

189 2874 351 2910 carmine
377 2885 465 2911 esse.
