1864 3126
192 119 249 162 38
729 127 731 129 ’
753 120 946 156 ΡΟΕΤΑΕ
971 119 1148 156 MELICI.

406 211 576 285 ἁμέραν
610 228 873 286 (δι)απλε’κει
882 261 894 282 9

406 316 687 350 .κ.....ος.
745 295 932 355 ἑγώνδ’
967 296 1101 342 ἀείδω
1693 313 1715 346 5
1777 317 1782 322 ’

333 382 378 414 40
402 367 583 425 Ἀγιδῶς
614 368 663 413 τὸ
698 372 809 426 φῶς·
844 367 955 427 ὀρῶ-

408 439 448 497 ρ’
485 438 558 501 ᾧτ’
595 439 740 496 ἅλιος,
774 438 910 498 ὅνπερ
942 434 1050 497 ἇμιν

403 508 560 567 'Aproni
593 509 860 569 μαρτύρεται
1378 566 1384 567 7
1588 552 1591 556 .
1647 526 1716 558 833
1766 564 1769 565 ⁷

408 586 588 640 φαίυευ·
621 581 696 639 ἐμὲ
727 579 768 626 δ’
805 580 899 626 οὔτ’
937 581 1115 626 §wamhs

409 652 511 698 οὔτε
542 652 783 711 μωμήσθαι
815 670 889 697 νιν
922 651 949 696 ἁ
980 652 1142 697 κλεννὰ
1177 652 1368 712 χοραγὸς
1673 668 1716 701 10

192 830 405 879 Ἀρχίλοχος.
433 852 475 858 --
503 832 546 868 V.
568 836 623 868 39.
651 832 774 884 Egger
805 827 1016 877 ἀκήρυκτος
1042 831 1197 877 scripsit,
1224 831 1324 876 quod
1349 833 1387 867 et
1411 843 1539 869 versus
1565 845 1719 870 numero

196 882 234 917 et
259 879 438 916 sermonis
463 879 589 915 Dorici
622 879 699 924 legl
725 879 955 924 adversatur,
981 877 1125 914 Ahrens
1151 880 1190 914 et
1221 878 1326 914 Blass
1352 875 1569 926 ἄκλαυστος,
1596 880 1720 917 Christ

195 925 384 968 ἄκλυστος.
411 948 458 953 -
482 927 526 962 V.
560 930 615 963 40.
642 926 760 962 Poeta
791 926 950 961 fabulari
973 925 1188 972 perfunctus
1218 929 1438 972 argumento
1471 927 1519 963 ad
1543 927 1719 983 virgines,

196 986 292 1021 quae
317 976 387 1011 hoc
413 985 562 1011 carmen
588 974 783 1015 canebant,
810 985 848 1009 se
874 972 1069 1019 convertit,
1101 976 1212 1018 atque
1237 972 1277 1008 in
1301 975 1371 1009 hac
1403 975 1523 1010 altera
1547 975 1720 1012 carminis

195 1023 302 1069 parte
328 1023 489 1058 suaviter
521 1023 559 1057 et
587 1020 816 1067 puellaribus
841 1020 1000 1067 ingeniis
1027 1020 1291 1066 convenienter
1315 1021 1423 1057 ludit.
1473 1025 1527 1058 Ac
1553 1022 1718 1059 nomina.-

195 1070 264 1106 tim
296 1070 447 1115 quidem
477 1069 645 1115 appellat
682 1068 803 1114 Agido
839 1071 876 1104 et
912 1068 1189 1114 Agesichoram.
1246 1068 1493 1114 Agesichorae
1532 1070 1645 1106 etiam
1681 1070 1721 1106 in

196 1117 348 1154 scholiis
380 1115 521 1163 passim
552 1117 596 1152 fit
626 1116 778 1151 mentio.
827 1115 970 1162 Agidus
995 1127 1131 1151 nomen
1162 1116 1434 1151 restituendum
1459 1117 1572 1153 schol.
1598 1117 1632 1153 11
1657 1121 1716 1153 34:

195 1163 263 1211 τὴν
296 1193 303 1200 .
327 1194 334 1201 .
357 1166 403 1207 ζω
436 1166 540 1209 (ιαζω
573 1163 710 1209 Egger)
742 1163 806 1198 καὶ
839 1160 1078 1209 ζΑγησιχόραν
1115 1168 1350 1208 περιστεραῖς
1387 1162 1618 1210 εἰκάζουσιν,
1649 1165 1722 1201 fuit

196 1213 296 1248 haud
322 1212 433 1247 dubie
473 1212 666 1256 (ΑΓΙ)Δω;
704 1210 831 1246 littera
856 1211 888 1245 Δ
927 1210 1088 1256 speciem
1112 1211 1144 1246 Ζ
1175 1211 1307 1256 refert,
1340 1212 1516 1256 quoniam
1548 1212 1720 1248 librarius

198 1260 295 1296 solet
324 1259 465 1305 passim
491 1259 636 1294 litteras
669 1258 824 1293 hastulis
856 1259 1096 1303 coniungere:
1127 1269 1214 1293 nam
1240 1258 1285 1293 de
1310 1258 1424 1294 tertia
1448 1259 1588 1304 puella,
1615 1258 1719 1295 cuius

195 1306 484 1352 pulcritudinem
514 1307 627 1352 poeta
656 1305 883 1350 laudaverit,
916 1317 991 1341 non
1023 1316 1101 1341 esse
1133 1305 1383 1351 cogitandum,
1417 1318 1554 1350 versus,
1587 1307 1721 1352 quibus

196 1354 363 1391 scholion
388 1354 483 1389 illud
509 1353 748 1399 adscriptum,
774 1354 994 1399 argumento
1021 1355 1118 1389 sunt.
1163 1351 1301 1399 Scripsi
1325 1353 1421 1389 sicut
1445 1353 1552 1390 Blass
1574 1351 1723 1400 Ἀγιδῶς
1792 1378 1797 1382 -

196 1399 238 1438 τὸ
266 1403 364 1447 φῶς,
399 1401 700 1447 quandoquidem
731 1412 806 1436 non
836 1400 926 1436 licet
956 1400 1148 1436 commode
1182 1397 1224 1436 τὸ
1253 1400 1334 1445 φῶς
1367 1412 1451 1436 cum
1482 1401 1722 1446 sequentibus

196 1449 368 1495 iungere:
406 1449 444 1483 in
485 1449 617 1484 charta
653 1449 760 1483 ΑΓΙΔ
786 1476 793 1483 .
822 1477 829 1484 .
868 1447 1091 1492 litterarum,
1126 1458 1222 1493 quae
1258 1447 1395 1493 partim
1431 1447 1582 1484 chartae
1617 1449 1723 1484 hiatu

199 1497 418 1542 absumptae
451 1497 551 1540 sunt,
583 1495 763 1540 reliquiae
793 1495 975 1539 incertae,
1007 1494 1112 1530 Blass
1142 1494 1212 1530 sibi
1243 1495 1346 1530 visus
1377 1496 1435 1531 est
1465 1496 1570 1530 ΑΓΙΔ
1591 1524 1598 1531 .
1620 1496 1646 1531 C
1671 1496 1724 1532 le-

197 1544 306 1591 gisse.
364 1543 563 1588 Perperam
596 1543 710 1578 Brink
747 1540 881 1578 ἀείδω·
917 1539 1061 1587 Ἀγίὸαο
1098 1539 1139 1577 τὸ
1181 1542 1262 1587 φῶς
1299 1539 1372 1587 ὁρῶ
1412 1542 1458 1578 de
1494 1542 1724 1589 Agesichora
1796 1583 1804 1590 ⁴

196 1593 291 1627 haec
310 1591 588 1636 interpretatus,
618 1601 712 1636 quae
739 1590 883 1636 Agidae
909 1589 1022 1625 fuerit
1047 1590 1283 1625 consobrina:
1309 1589 1470 1635 Agidam
1488 1590 1586 1626 hunc
1611 1591 1723 1627 fuisse

197 1638 387 1675 Alcmanis
424 1640 623 1684 patronum
663 1638 895 1682 eundemque
938 1638 1027 1672 tunc
1057 1637 1209 1683 choregi
1247 1648 1400 1672 munere
1430 1637 1597 1673 functum
1631 1649 1721 1674 esse.

199 1688 248 1722 At
278 1686 469 1722 Alcmanis
501 1687 658 1731 patrono
691 1685 871 1730 Ayesidae
901 1683 975 1720 fuit
1003 1695 1155 1728 nomen,
1187 1684 1263 1720 vid.
1289 1684 1475 1719 Heraclid.
1508 1685 1615 1721 Pont.
1642 1685 1720 1722 Pol.

198 1746 227 1771 c.
249 1738 280 1770 2.
333 1733 456 1779 Agido
482 1734 607 1768 autem
633 1731 884 1778 Agesichorae
921 1731 994 1766 fuit
1025 1731 1262 1776 consobrina,
1294 1734 1337 1767 nt
1366 1731 1445 1776 ipse
1475 1733 1588 1781 poeta
1617 1744 1652 1767 v.
1678 1735 1723 1768 52

199 1782 369 1817 testatur.
419 1780 566 1815 Nomen
587 1776 732 1824 Ἆγιδώ,
765 1789 989 1824 quamquam
1022 1779 1114 1814 alibi
1137 1790 1211 1814 non
1236 1778 1391 1824 legitur,
1423 1780 1523 1814 recte
1548 1780 1676 1816 tamen
1700 1790 1724 1815 a.

196 1829 346 1865 nomine
366 1821 459 1873 Ἀγις
483 1827 685 1870 descendit,
712 1826 1024 1872 quemadmodum
1048 1825 1232 1872 Λαμπιδώ
1258 1826 1381 1872 (Plato
1406 1825 1526 1861 Alcib.
1550 1826 1567 1860 I
1595 1831 1662 1863 123
1676 1827 1723 1872 E)

199 1889 222 1912 a
247 1874 396 1912 nomine
423 1873 580 1920 Λάμπις.
615 1895 657 1900 -
696 1874 787 1910 Cum
818 1874 930 1910 antea
963 1870 1077 1919 ὅρωρ’
1112 1873 1357 1919 scripsissem,
1387 1875 1488 1909 ratus
1518 1873 1723 1919 librarium,

198 1924 262 1969 qui
299 1920 373 1968 ὁρῶ
406 1921 479 1957 sibi
514 1922 698 1957 videretur
729 1922 871 1967 legere,
901 1923 1124 1967 peccavisse,
1149 1933 1247 1968 nunc
1271 1917 1385 1967 ὀρῶρ’
1418 1923 1540 1964 tueor,
1571 1924 1724 1958 auctore

197 1970 389 2014 Ahrensio,
426 1969 490 2014 qui
523 1970 672 2005 doricae
702 1969 900 2015 prosodiae
931 1969 1200 2015 proprietatem
1226 1968 1390 2014 agnovit.
1423 1989 1466 1994 -
1500 1965 1530 2016 ᾧ
1554 1965 1590 2003 τ’
1618 1966 1724 2010 ἅλιος

198 2017 340 2064 scripsi,
366 2017 496 2053 charta
521 2013 550 2065 ᾧ
576 2013 610 2051 τ’
639 2014 745 2052 ἅλιον
765 2016 961 2052 manifesto
981 2028 1114 2060 errore,
1139 2028 1226 2052 nam
1245 2016 1316 2052 1100
1335 2015 1428 2052 dicit
1446 2017 1575 2061 poeta:
1601 2015 1739 2062 Agidor

199 2065 263 2101 ubi
288 2068 356 2109 est,
383 2064 488 2120 quasi
514 2064 570 2100 sol
596 2064 723 2100 oritur.
759 2060 857 2099 Ὤιτε
884 2064 945 2100 vel
977 2060 1045 2100 ὥτε
1079 2064 1281 2099 secundum
1310 2064 1478 2099 veterum
1508 2063 1724 2108 grammati—

199 2125 325 2149 corum
350 2113 553 2158 praecepta
579 2112 831 2156 scribendum,
856 2122 930 2147 non
956 2105 1044 2158 ᾧτε,
1069 2112 1109 2147 id
1133 2111 1233 2156 quod
1258 2112 1406 2147 secutus
1424 2122 1516 2155 sum,
1542 2109 1581 2146 in
1600 2111 1724 2147 medio

198 2160 427 2206 relinquens,
459 2161 607 2195 rectene
641 2171 688 2194 an
719 2170 821 2195 secus
853 2157 915 2194 isti
946 2157 1203 2195 iudicaverint.
1237 2179 1284 2186 —
1314 2154 1552 2204 μαρτύρεται,
1578 2158 1722 2194 Ahrens

203 2205 430 2254 μαρτυρέται
461 2205 627 2251 requirit.
667 2227 710 2232 —-
750 2207 907 2251 φαίνεν,
939 2217 1088 2242 carmen
1126 2206 1196 2242 1100
1233 2205 1390 2241 fortasse
1422 2204 1621 2263 pervigilio
1652 2205 1726 2242 fuit

200 2255 444 2299 destinatum,
478 2253 522 2289 cf.
549 2254 647 2289 infra
671 2266 703 2289 v.
732 2258 786 2290 62.
813 2275 861 2279 —
885 2253 993 2289 Blass
1024 2252 1170 2299 scripsit
1194 2250 1268 2298 ὁρῶ
1301 2249 1340 2299 ῥ’
1369 2249 1419 2301 ᾦτ
1461 2249 1580 2298 ἅλιον,
1606 2249 1723 2298 ὅνπερ

200 2300 291 2349 ἅμιν
314 2299 439 2347 Ἀγιδώ
467 2299 705 2347 μαρτύρεται,
733 2302 883 2346 φαίνεν,
907 2301 1109 2347 praeeunte
1129 2300 1303 2345 Christio,
1329 2300 1394 2358 qui
1417 2297 1491 2346 ὁρῶ
1517 2296 1554 2344 ῤ’
1577 2299 1723 2346 excogi-

199 2350 313 2394 tavit,
345 2349 489 2385 Ahrens
520 2347 561 2383 τὰ
596 2348 675 2393 φῶς
701 2345 812 2392 ὀρῶρ’
847 2343 875 2384 ὦ
908 2347 1050 2385 ,Ιῑάὸιον
1083 2346 1197 2393 ἕνπερ
1222 2342 1313 2393 ἆμιυ
1344 2346 1466 2393 Αγιὸὠ
1498 2346 1724 2393 μαρτυρὲται

201 2395 337 2444 φήνην.
359 2418 402 2422 --
430 2396 473 2431 V.
494 2399 550 2432 43.
578 2393 746 2440 ἔπαινὲν,
767 2395 910 2432 Ahrens
937 2393 1097 2441 ἐπαιυῆν
1121 2395 1289 2441 requirit.
1310 2416 1355 2421 —
1377 2395 1420 2430 V.
1438 2398 1495 2430 44.
1522 2392 1725 2440 μωμήσθαι

201 2445 342 2491 scripsi,
368 2444 499 2480 charta
523 2445 649 2479 utrum
669 2442 874 2489 μωμᾶσθαι
892 2455 940 2479 an
960 2442 1159 2489 μωμέσθαι
1179 2443 1363 2486 exhibeat,
1388 2442 1582 2485 incertum,
1603 2440 1723 2488 μωμέ-

201 2495 294 2528 σθαι
313 2490 409 2537 legit
427 2491 544 2535 Blass‚
570 2491 640 2527 hoc
659 2491 689 2526 si
708 2502 848 2535 verum,
868 2492 1043 2535 antiquae
1063 2490 1269 2536 scripturae
1282 2489 1482 2535 vestigium
1495 2490 1563 2524 est.
1598 2489 1725 2535 Egger

200 2540 298 2575 male
318 2538 411 2584 legit
429 2537 633 2584 καμέσθαι,
648 2538 745 2574 unde
759 2540 902 2574 Ahrens
921 2537 1144 2584 παλλέσθαι,
1165 2537 1333 2582 quamvis
1346 2536 1426 2582 ipse
1440 2536 1516 2572 iam
1534 2535 1574 2570 in
1586 2536 1722 2572 adden-

201 2587 258 2622 dis
277 2586 415 2633 Eggeri
434 2597 594 2622 errorem
615 2586 855 2622 sustulissem.
878 2606 921 2612 —
943 2582 966 2620 ἁ
987 2582 1123 2621 κλεννὰ
1143 2582 1301 2631 χοραγὸς
1319 2583 1481 2627 Ahrens,
1501 2594 1586 2618 cum
1601 2583 1725 2629 Egger

201 2631 224 2669 ἁ
252 2631 388 2670 κλεννά
416 2636 453 2669 et
478 2633 516 2669 in
542 2633 708 2679 margine
732 2634 910 2677 tanquam
937 2633 1160 2669 scholiastae
1178 2632 1549 2678 interpretamentum
1569 2643 1726 2676 χορηγος

203 2680 440 2724 exhibuisset,
460 2681 524 2726 qui
545 2692 644 2716 error
670 2692 753 2716 cum
772 2679 867 2716 alios
886 2681 965 2716 tum
985 2692 1044 2716 me
1065 2680 1228 2716 vexavit:
1256 2677 1466 2715 existimavi
1485 2677 1583 2714 enim
1602 2678 1724 2724 ipsum

201 2730 351 2774 poetam
365 2741 388 2764 a
407 2727 650 2773 grammatico
666 2729 866 2774 choregum
886 2727 971 2772 dici,
990 2739 1078 2763 usus
1093 2726 1276 2763 Athenaei
1294 2727 1377 2762 loco
1388 2725 1477 2761 XIV
1490 2725 1616 2760 633A:
1637 2722 1724 2761 ἐκοί-

202 2778 291 2811 λουν
311 2774 352 2811 δὲ
375 2774 427 2821 (οῖ
436 2772 746 2822 Λακεδαιμόνιοι)
761 2775 826 2811 καὶ
839 2773 1031 2833 χορηγούς,
1052 2771 1101 2814 ὥς
1122 2787 1236 2820 φησιν
1256 2770 1276 2809 ὃ
1291 2770 1494 2817 Βυζάντιος
1513 2770 1725 2818 Δημήτριος

204 2820 246 2859 ἐν
264 2820 426 2870 τετάρτῳ
452 2823 538 2867 περὶ
557 2820 789 2869 ποιημάτων,
815 2836 884 2868 ουχ
903 2833 1026 2867 ωσπερ
1046 2822 1117 2858 νῦν
1143 2820 1229 2862 τοὺς
1254 2819 1537 2879 μισθουμένους-Ι
1550 2817 1638 2860 τοὺς
1662 2832 1726 2865 χο-

206 2867 305 2916 ρούς,
331 2867 423 2906 ἀλλὰ
450 2868 536 2911 τοὺς
561 2869 873 2917 καθηγουμένους
902 2870 968 2907 τοῦ
1001 2870 1126 2916 χοροῦ,
1151 2867 1329 2914 καθάπερ
1355 2880 1446 2904 αυτο
1472 2879 1638 2914 τουνομα
1663 2879 1724 2913 ση-
