1864 3126
0 2155 10 2302 5

800 97 1075 138 summo-ss.
1517 156 1522 161 ⁴
1614 98 1701 142 487

544 244 548 249 .
846 234 893 242 —
936 211 1032 254 142.

261 288 331 347 Ἐξ
363 285 418 338 οὗ
447 289 488 338 τ’
523 290 749 352 Εὐρώπην
778 290 924 348 Ἀσίας
955 295 1057 352 δίχα
1088 292 1253 348 πόντος
1283 298 1456 354 ἔνειμεν

192 423 268 461 uod
309 435 393 461 cum
429 425 549 472 legati
584 427 816 470 recusarent,
855 425 996 462 infecta
1032 436 1071 463 re
1108 426 1261 462 domum
1293 427 1457 464 rediisse.
1515 427 1589 464 Sed
1619 427 1712 474 ipse.

202 472 379 509 erodotus
392 471 463 508 VII
479 476 546 509 165
559 472 667 510 addit
690 473 888 510 Siceliotas
907 473 1051 518 testari,
1072 470 1122 515 ὡς
1142 469 1241 519 ὅμως
1259 474 1324 510 καὶ
1349 474 1492 521 μέλλων
1511 471 1702 530 ἄρχεσθαι

166 516 243 556 ὑπὸ
271 521 583 567 Λακεδαιμονίων
609 516 630 557 ὁ
651 519 778 557 Γέλων
810 517 1023 567 ἐβοήθησεν
1048 517 1097 557 ἂν
1123 525 1218 557 τοῖσι
1246 517 1416 567 Ἕλλησι,
1452 521 1526 558 nisi
1557 524 1700 559 instans

167 578 254 604 oum
288 566 459 604 finitimis
495 567 587 605 belli
622 579 737 615 grave
767 567 967 605 discrimen
998 568 1264 616 prohibuisset:
1299 580 1419 615 neque
1453 581 1591 606 vanum
1628 570 1699 607 hoc

167 625 248 652 esse
273 616 538 652 commentum·
547 616 771 653 documento
796 618 855 653 est
878 627 1006 663 pugna
1030 616 1078 652 ad
1104 616 1305 662 Himeram,
1332 628 1406 662 qua
1425 617 1518 654 Gelo
1543 629 1700 664 magnas

167 661 296 709 copias
314 661 429 699 Carth
483 662 679 700 ’niensium
704 663 804 700 fudit
829 675 873 700 ac
898 663 1046 710 fugavit
1064 663 1197 700 eodem
1217 663 1290 710 die,
1309 676 1383 710 quo
1403 665 1452 711 ad
1472 665 1699 702 Salaminem

165 709 349 756 proelium
368 721 466 747 nava
482 722 502 747 e
522 711 773 757 commissum,
799 713 842 747 nt
860 711 1070 748 Herodotus
1094 712 1225 748 auctor
1251 714 1319 755 est,
1345 713 1600 749 consentiente
1619 713 1702 749 Ari-

165 757 302 794 stotele
325 757 429 795 Poet.
457 770 487 794 o.
518 762 582 804 23,
607 759 808 795 secundum
833 758 1038 795 Diodorum
1064 758 1128 794 XL
1154 763 1199 795 26
1226 770 1270 796 eo
1295 759 1375 804 die,
1408 772 1482 806 quo
1514 759 1698 797 Leonidas

164 804 214 842 ad
233 803 502 852 Thermopylas
521 806 673 843 cecidit:
701 806 809 843 addit
826 809 952 843 autem
973 805 1169 850 Diodorus,
1189 818 1273 843 cum
1294 806 1387 844 Gelo
1405 807 1445 843 in
1464 819 1508 844 eo
1530 810 1638 852 esset,
1657 810 1700 844 ut

165 851 331 889 subsidio
356 852 504 890 veniret
527 852 679 890 Graecis
704 851 1021 900 (παρεσκεύαζετο
1052 855 1168 902 πολλῇ
1202 852 1364 901 δυνάμει
1394 858 1502 891 πλεῖν
1534 852 1596 892 ἐπὶ
1628 853 1697 902 τὴν

159 896 323 936 Ἐλλάδα
359 900 425 937 καὶ
456 905 666 956 συμμαχεῖν
697 906 776 943 τοῖς
812 903 949 957 Ελλησι
987 899 1084 938 κατὰ
1116 904 1190 938 τῶν
1219 903 1403 947 Περσῶν),
1441 903 1613 939 nuntium
1651 904 1698 940 de

165 946 323 984 victoria
342 947 547 985 Salaminia
566 949 724 985 allatum
743 960 843 993 esse,
868 951 995 995 itaque
1017 961 1061 986 ex
1091 949 1267 985 editionis
1286 949 1486 986 consilium
1505 949 1697 988 abiecisse.

166 994 287 1032 Gelon
311 994 445 1042 igitur,
472 996 644 1042 quamvis
669 1008 792 1033 rerum
817 996 963 1033 Medico
996 997 1097 1034 belo
1128 999 1319 1043 gestarum
1344 1009 1421 1034 non
1444 997 1559 1034 fuerit
1582 999 1698 1044 parti-

164 1053 269 1090 ceps,
299 1043 463 1080 alacrem
494 1045 594 1080 certe
625 1044 791 1080 animum
816 1044 864 1081 ad
888 1044 1162 1080 defendendam
1187 1056 1422 1081 communem
1447 1045 1610 1091 patriam
1636 1057 1698 1082 ex-

164 1089 368 1137 prompsit,
411 1101 455 1127 ao
498 1090 656 1128 devictis
693 1091 807 1128 Carth
863 1091 1065 1128 'niensibus
1104 1091 1331 1128 Graecorum
1374 1093 1588 1130 libertatem
1624 1105 1699 1130 non

163 1137 286 1174 minus
311 1137 559 1185 stabiliverat,
585 1151 699 1185 quam
713 1139 790 1185 ¹qui
865 1150 993 1176 versus
1011 1139 1144 1176 Persas
1169 1142 1443 1187 pugnaverunt.
1492 1140 1590 1177 Hinc
1614 1141 1698 1177 Pin-

162 1185 275 1221 darus
289 1185 397 1232 Pytb.
413 1187 428 1222 I
444 1190 489 1223 76
503 1198 579 1233 seq.
594 1187 776 1242 proelium
803 1188 851 1224 ad
877 1187 1069 1224 Himeram
1094 1187 1411 1233 aequiperandum
1438 1190 1566 1224 censet
1591 1188 1696 1224 Sala-

163 1232 278 1269 minio
311 1234 467 1280 tropaeo
499 1236 538 1271 et
568 1234 751 1271 notoriae
783 1234 1012 1280 Plataeensi,
1047 1235 1175 1281 itaque
1206 1233 1378 1282 Ephorus
1418 1236 1548 1282 (schol.
1587 1235 1696 1272 Pind.

162 1279 272 1327 Pyth.
302 1282 383 1327 146)
409 1280 590 1318 Gelonem
616 1281 710 1318 dicit
736 1281 1105 1328 Carthaginiensibus
1140 1281 1474 1329 διαμαχησάμενον
1500 1280 1550 1330 μὴ
1578 1281 1696 1330 μόνον

162 1324 253 1370 τοὺς
271 1326 502 1371 Σικελιώτας
522 1326 788 1375 ἐλευθερῶσαι,
810 1326 903 1366 ἀλλὰ
922 1330 989 1366 καὶ
1008 1327 1077 1376 τὴν
1092 1328 1254 1366 Ἑλλάδα
1276 1328 1488 1377 σύμπασαν.
1527 1331 1696 1368 Eandem

162 1375 313 1412 laudem
338 1376 473 1413 Geloni
497 1378 537 1413 et
559 1376 738 1414 fratribus
765 1377 975 1414 Simonides
1001 1378 1184 1423 vindicat,
1210 1389 1279 1414 nec
1303 1381 1439 1424 poetae
1466 1378 1696 1437 singularem

164 1422 388 1460 modestiam
426 1424 674 1469 desiderabis,
713 1425 745 1461 si
776 1426 951 1473 σπουδῇ
985 1423 1027 1462 δὲ
1061 1429 1271 1472 παρασχεῖν
1301 1423 1498 1473 σύμμαχον
1534 1428 1695 1472 Ελλησιν

162 1467 260 1517 χεῖρ’
288 1467 327 1512 ἐς
353 1467 578 1518 ἐλευθερίην
601 1472 819 1509 restitueris.

257 1518 387 1565 Epigr.
414 1522 493 1556 142.
538 1519 668 1557 Affert.
693 1520 845 1557 Aristid.
871 1519 906 1554 ΙΙ
932 1523 1018 1556 209:
1044 1517 1137 1556 ὥστε
1163 1525 1241 1562 τοῖς
1264 1519 1461 1567 προτέροις
1487 1521 1610 1568 ἔργοις
1636 1519 1695 1558 έκ-

161 1564 436 1613 πεπληγμένων
466 1567 542 1603 τῶν
573 1568 740 1614 ποιητῶν
770 1572 847 1609 τοῖς
878 1564 937 1603 ὅτ’
972 1564 1139 1615 ἐπῄεσαν
1171 1566 1210 1604 οἱ
1239 1566 1424 1617 βάρβαροι
1454 1572 1694 1616 πραχθεῖσιν,

160 1610 262 1660 ὅμως
285 1627 353 1656 τις
377 1610 546 1661 ὕμνησεν
571 1612 697 1651 αὐτῶν
723 1614 778 1657 εἰς
802 1616 922 1651 ταῦτα
947 1611 1121 1660 ὅστεροτθ,
1142 1612 1188 1651 οὗ
1208 1614 1346 1662 πάντα,
1372 1613 1465 1653 ἀλλὰ
1486 1619 1576 1664 μιᾶς
1594 1631 1695 1659 τινος

161 1658 303 1708 ἡμέρας
333 1660 443 1717 ἔργα,
476 1659 521 1706 ἐξ
554 1657 606 1699 οὗ
637 1660 673 1698 τ’
707 1666 782 1699 κτλ.
810 1664 848 1699 et
879 1663 1082 1699 secundum
1114 1662 1303 1700 distichon
1327 1664 1376 1700 ib.
1404 1669 1474 1700 210
1499 1665 1694 1711 repetitur.

163 1709 415 1746 Simonidis
440 1721 522 1746 esse
547 1710 647 1747 idem
673 1710 859 1757 significat
885 1714 972 1755 513,
1004 1711 1069 1747 ubi
1093 1722 1219 1747 rursus
1249 1711 1436 1758 integrum
1463 1713 1696 1759 epigramma

161 1767 237 1792 una
261 1767 346 1793 cum
371 1757 457 1794 aliis
483 1757 684 1794 Simonidis
708 1758 934 1795 carminibus
966 1758 1129 1795 affertur.
1178 1757 1284 1795 Adde
1321 1760 1435 1795 schol.
1462 1760 1615 1796 Aristid„
1643 1761 1694 1796 111

161 1808 231 1840 209
256 1804 459 1850 (Frommel
485 1809 530 1841 '10
555 1806 595 1841 et
619 1807 721 1851 366):
753 1804 808 1847 εἰς
838 1803 905 1847 τὰς
931 1802 1154 1852 αὐθημερὸν
1180 1803 1320 1848 ταύτας
1344 1809 1453 1849 νίκας
1477 1809 1694 1854 Σιμωνίδης

159 1847 322 1898 ὕμνησε,
347 1850 390 1888 λε’
415 1865 467 1888 ων
494 1850 539 1896 ἐξ
566 1846 618 1889 οὗ
643 1849 679 1888 τ’
705 1856 782 1890 κτλ.
831 1852 944 1889 Anth.
971 1853 1051 1889 Pal.
1077 1853 1148 1890 VII
1174 1857 1244 1890 296
1270 1865 1362 1891 corr.
1389 1857 1593 1902 σιμωνίδου
1626 1856 1693 1891 τοῦ

162 1895 275 1946 κὴου·
306 1897 334 1935 C
361 1912 377 1936 ε
397 1913 416 1941 ς
446 1897 532 1942 τοὺς
558 1898 651 1947 μετὰ
677 1902 840 1948 κίμωνος
865 1899 1212 1947 στρατευσαμένους
1244 1898 1285 1938 έν
1311 1899 1441 1950 κύπρῳ
1467 1900 1693 1949 ἆθηναιόυς,

160 1941 224 1982 ὅτε
257 1943 325 1988 τὰς
356 1945 387 1993 ρ’
420 1948 515 1989 ναῦς
538 1948 613 1984 τῶν
638 1949 823 1994 φοινίκων
851 1948 998 1996 ἔλαβον.
1048 1948 1156 1986 Diod.
1184 1949 1255 1985 Sic.
1282 1948 1332 1985 XI
1359 1954 1417 1994 62,
1443 1950 1509 1996 qui
1534 1951 1642 1987 dicit:
1670 1949 1691 1986 ὁ

161 1991 203 2030 δὲ
230 1994 349 2040 δῆμος
373 1995 447 2031 τῶν
469 1993 533 2031 Ἀθ
559 1996 677 2032 ναίων
703 1993 820 2032 δεκάτ
847 2010 868 2032 ν
896 1993 1117 2043 ἐξελόμενος
1143 1994 1185 2033 ἐκ
1211 1997 1285 2032 τῶν
1313 1997 1495 2043 λαφύρων
1521 1995 1691 2044 ἀνέθηκε

159 2041 210 2089 τῷ
235 2042 332 2088 θεῷ,
357 2042 422 2078 καὶ
446 2040 516 2088 τὴν
533 2009 759 2090 7ἐπιγραφὴν
785 2041 832 2080 ἐπ
874 2040 915 2079 τὸ
942 2043 1258 2081 κατασκευασθὲν
1284 2041 1471 2092 ἀνάθημα
1499 2042 1692 2091 ἐπέγραψε

160 2086 292 2134 τήνδε·
320 2087 365 2134 ἐξ
392 2083 443 2126 οὖ
469 2087 508 2136 γ’
535 2094 611 2127 κτλ.
661 2091 831 2138 Denique
849 2090 1200 2137 Apostol.V1157a,
1226 2093 1266 2128 et
1290 2093 1368 2129 sine
1387 2106 1423 2139 p.
1443 2105 1542 2130 nom.
1563 2096 1692 2129 Arsen.

160 2139 241 2173 329.
269 2157 313 2164 —
340 2136 496 2174 Carmen
522 2138 610 2183 hoc,
643 2139 745 2185 quod
776 2139 975 2186 Iunghahn
1004 2138 1194 2175 novicium
1225 2142 1377 2186 poetam
1402 2141 1556 2177 ludendi
1582 2152 1693 2177 causa

161 2183 335 2229 panxisse
360 2185 552 2231 perhibet,
578 2185 774 2232 antiquum
793 2188 834 2223 et
851 2186 978 2223 nobile
996 2186 1112 2223 fuisse
1131 2189 1294 2233 arguunt
1312 2188 1385 2224 duo
1406 2189 1693 2234 epigrammata,

161 2242 318 2277 quorum
349 2231 543 2269 exordium
581 2234 630 2269 ad
667 2234 789 2270 huius-
813 2234 995 2281 poematii
1025 2233 1311 2271 similitudinem
1343 2236 1591 2281 compositum
1623 2237 1692 2281 est,

160 2278 328 2315 Atticum
358 2279 450 2315 satis
481 2280 613 2327 pingui
643 2281 740 2317 illud
771 2281 923 2327 quidem
955 2281 1124 2318 Minerva
1156 2282 1347 2318 edolatum
1379 2285 1417 2318 et
1448 2283 1606 2318 incisum
1633 2282 1689 2319 01.

164 2330 243 2370 101,
258 2330 276 2362 1
292 2325 417 2370 (CIGr.
438 2327 455 2362 I
474 2329 550 2372 85):
575 2324 637 2372 Ἐξ
658 2323 704 2364 οὗ
718 2327 897 2374 Κέκροπα
921 2326 1012 2371 λαὸς
1031 2325 1239 2375 Ἀθηναίων
1260 2326 1451 2376 ὀνομάζει,
1476 2330 1542 2366 καὶ
1566 2327 1692 2376 χώραν

160 2371 314 2415 Παλλὰς
350 2370 458 2419 τήνδ’
493 2373 613 2411 ἔκτισε
647 2373 753 2424 δήμῳ
781 2373 960 2423 Ἀθηνῶν,
990 2373 1118 2418 οὐδεὶς
1150 2378 1340 2425 Σωσιβίου
1367 2378 1432 2413 καὶ
1453 2378 1585 2423 Πυρρᾶ
1613 2380 1691 2423 μεί-

161 2423 252 2464 ζονα
279 2449 286 2457 .
315 2449 323 2457 .
350 2422 404 2466 .*)
441 2419 564 2468 φυλὴν
590 2423 837 2468 Κεκροπιδῶν
876 2422 971 2479 ἔργῳ
1012 2421 1143 2469 ἔδρασ’
1177 2421 1331 2471 ἀγαθοί,
1370 2425 1530 2461 alterum
1556 2424 1623 2460 illo
1649 2428 1692 2461 ut

161 2468 309 2504 videtur
333 2469 459 2505 aetate
484 2469 561 2505 fere
587 2481 727 2527 suppar
751 2469 892 2507 Xanthi
917 2483 956 2507 in
981 2471 1098 2516 Lycia
1123 2473 1311 2518 repertum
1337 2471 1459 2516 (CIGr.
1486 2472 1539 2508 III
1564 2474 1689 2516 4269):

159 2512 254 2574 (Ἑὶξ
282 2511 327 2552 οὗ
352 2513 388 2551 τ’
417 2512 605 2562 Εὐρώπην
630 2518 780 2563 (Α)σίας
803 2519 891 2575 δίχα
915 2517 1083 2565 πόν(τ)ος
1113 2518 1276 2565 ἔνε(ιμεν
1303 2516 1444 2566 ο)ὖδείς
1461 2533 1519 2555 πω
1540 2520 1690 2555 Λυκίων

160 2566 297 2609 στηλην
329 2560 506 2610 το(ι)ἅνδ’
539 2561 765 2611 ἅνέθηκ(ε)ν
809 2566 960 2602 δωδεκα
984 2569 1094 2607 θεοῖς
1118 2564 1261 2612 α’γορᾶς
1287 2564 1328 2603 ἐν
1353 2567 1515 2615 καθαρῷ
1541 2565 1691 2613 τεμένει

160 2610 327 2657 (νικ)έων
351 2611 416 2647 καὶ
449 2610 615 2658 πολέμου
648 2612 778 2658 μνῆμα
808 2609 891 2648 τόδ’
926 2609 1126 2650 ἀθάνατον
1152 2613 1301 2659 κτλ.**).
1331 2635 1373 2640 -
1401 2614 1444 2651 V.
1475 2618 1504 2650 1.
1539 2611 1578 2658 ἐξ
1605 2608 1687 2650 οὔτ’

256 2720 291 2764 *)
318 2718 456 2765 Scripsi
480 2718 631 2763 Πυρρᾶ,
663 2718 815 2754 Boeckh
842 2716 975 2766 Πύρρα
1000 2719 1115 2756 dedit.
1166 2719 1420 2756 Novissimum
1454 2721 1688 2768 vocabulum,

159 2764 263 2801 cuius
288 2766 434 2811 aliquot
457 2766 644 2802 elementa
667 2767 826 2811 restant,
850 2777 925 2803 non
949 2765 1117 2812 expedio.

234 2811 288 2859 **)
314 2813 559 2850 Memorabile
585 2815 643 2849 est
666 2813 705 2849 in
730 2815 887 2859 utroque
911 2815 1154 2850 monumento
1180 2816 1356 2850 ΟΤΔΕΣ
1378 2817 1569 2852 exaratum
1595 2827 1688 2859 esse,

160 2859 226 2905 qni
250 2871 448 2898 consensus
472 2871 557 2898 cum
582 2871 657 2898 non
679 2860 856 2898 fortuitus
882 2861 1086 2908 videretur,
1112 2861 1257 2899 conieci
1280 2862 1320 2899 in
1345 2862 1548 2910 archetypo
1573 2864 1686 2900 fuisse
