1864 3126
217 138 303 181 398
545 133 547 138 ’
787 139 978 176 POETAE
1003 139 1180 177 MELICI.

764 252 806 296 Π
832 253 866 295 Α
893 252 913 296 Ι
937 253 975 296 Α
1001 252 1042 296 Ν
1069 253 1106 296 Ε
1132 253 1192 297 Σ.

674 363 755 395 ΕΙΣ
780 363 1058 396 ΑΠΟΛΛΩΝΑ
1084 363 1286 399 menon

852 447 908 488 26
924 446 975 489 A.
1010 448 1115 500 [4Ο.]

332 531 473 570 Iulian.
499 531 571 582 Ep.
594 531 725 569 XXIV
746 533 898 571 395D
929 533 1179 585 Σιμωνίδῃ
1212 530 1254 572 δὲ
1286 529 1362 584 ἄρα
1392 535 1444 588 τῷ
1476 535 1615 589 μελικῷ
1645 528 1743 584 πρὸς

215 656 396 711 καθαπερ
427 656 512 699 ἄντ’
548 657 667 701 α’λλου
699 657 805 708 τινὸς
835 661 943 712 ἱεροῦ
974 663 1240 714 γνωρίσματος
1271 659 1393 702 αὐτοῦ
1416 658 1489 714 τὴν
1514 661 1742 715 ἐπωνυμίαν

213 726 423 776 κοσμῆσαι,
468 722 591 765 διότι
633 715 713 766 τὸν
754 721 970 765 Πυθωνα
1013 723 1091 766 τὸν
1136 723 1370 779 δράκοντα
1411 725 1598 779 βέλεσιν
1639 725 1738 766 ἕκα-

213 785 311 839 τόν,
349 786 401 837 ὥς
440 803 581 842 φησιν,
625 788 923 843 ἐχειρωσατο·
967 789 1044 831 καὶ
1081 793 1258 842 μᾶλλον
1301 787 1446 831 αὐτὸν
1475 788 1678 831 Ἐκατον
1713 786 1740 843 ἢ

213 852 408 895 Πύθιον
450 856 634 908 χαίρειν
676 853 1181 909 προσαγορευόμενον,
1231 852 1335 896 οἷον
1383 853 1558 908 κλήρου
1607 852 1742 904 τινὸς

214 918 488 972 ἐπωνυμίας
519 917 740 975 συμβόλῳ
773 908 1230 973 προσφωνούμενον.
1280 921 1339 960 Of.
1365 922 1477 960 Eusb.
1504 922 1551 961 Il.
1577 923 1647 972 52,
1675 923 1740 961 12.

216 986 340 1025 Tzetz.
374 987 498 1037 Exeg.
529 987 570 1024 in
602 988 647 1026 11.
681 1001 718 1037 p.
754 990 858 1037 117,
892 990 956 1027 17.

873 1103 992 1154 ,²⁸26
1008 1102 1055 1145 Β.

309 1215 332 1218 -
356 1202 380 1218 υ
404 1185 454 1218 εὖ
477 1197 499 1218 ‚L
523 1201 549 1218 υ
571 1184 619 1217 OE
643 1197 666 1217 -f

312 1327 583 1384 Δαλογενές,
617 1331 701 1370 εἴτε
733 1330 906 1370 Λυκίαν
940 1361 1114 1370 .....

311 1397 613 1457 χρυσεοκόμας
634 1395 812 1453 “’Έκατε,
845 1406 927 1440 παῖ
957 1395 1079 1448 Διός.

723 1593 1247 1638 ΔΙΘΥΡΑΜΒΟΙ.
1651 1598 1740 1631 112ss

873 1694 940 1735 27.
975 1693 1080 1746 [41.]

838 1777 874 1808 M
887 1777 918 1807 E
932 1776 1014 1808 MN
1027 1774 1116 1808 RN.

337 1851 480 1890 Strabo
500 1851 574 1889 XV
597 1853 698 1890 728:
731 1848 897 1903 Λέγεται
921 1846 995 1903 γὰρ
1021 1845 1070 1900 δὴ
1098 1845 1272 1903 (Σοῦσα)
1300 1847 1366 1888 καὶ
1390 1849 1527 1901 κτίσμα
1555 1850 1740 1888 Τιθωνοῦ

213 1918 281 1955 τοῦ
307 1914 523 1966 Μέμνονος
553 1912 699 1967 πατρὸς
726 1946 734 1954 .
761 1946 769 1954 .
797 1945 806 1953 .
831 1911 856 1966 ἡ
889 1911 926 1957 δ’
961 1911 1171 1966 ἀκρόπολις
1202 1914 1370 1954 ἐκαλεῖτο
1396 1911 1650 1966 Μεμνόνιον·
1681 1911 1739 1953 λε’-

212 1995 346 2032 γονται
378 1978 421 2019 δὲ
451 1978 517 2019 καὶ
542 1979 698 2019 Κίσσιοι
730 1979 771 2018 οἱ
792 1975 970 2029 Σούσιοι,
1002 1978 1101 2030 φησὶ
1127 1977 1170 2018 δὲ
1195 1978 1261 2018 καὶ
1283 1976 1476 2031 Αἰσχύλος
1500 1976 1572 2030 τὴν
1597 1977 1740 2030 μητέρα

180 2039 183 2041 Δ
212 2044 429 2097 Μέμνονος
460 2045 642 2095 Κισσίαν,
673 2047 847 2097 ταφῆναι
878 2042 920 2083 δὲ
951 2043 1097 2097 λέγεται
1121 2043 1303 2095 Μέμνων
1327 2043 1414 2096 περὶ
1439 2040 1597 2083 Πάλτον
1624 2039 1739 2097 (παλ-

306 2171 370 2206 Fr.
385 2171 478 2207 263.
523 2170 715 2206 Aristotel.
737 2170 845 2207 Rhet
865 2171 970 2206 1118:
990 2168 1093 2206 Ἔστι
1113 2169 1155 2206 δὲ
1176 2170 1347 2210 Παιᾶνος
1366 2167 1435 2204 δύο
1456 2170 1551 2214 εἶ’,δη
1577 2171 1739 2204 αντικει-

214 2231 309 2263 μενα
335 2216 529 2276 αλλήλοις·
548 2213 603 2253 ὧν
629 2216 670 2253 τὸ
698 2217 766 2275 μὲν
789 2217 835 2253 ἓν
857 2215 952 2275 αρχῇ
973 2215 1162 2264 ἁρμόττει,
1188 2229 1311 2262 ωσπερ
1337 2217 1402 2252 καὶ
1427 2217 1604 2262 χρῶνται·
1631 2210 1740 2256 οὗτος

215 2264 252 2300 δ’
282 2264 392 2310 ἐστι’,ν
427 2259 471 2301 οὗ
504 2279 612 2311 αρχει
644 2279 712 2311 μεν
739 2263 760 2310 ἡ
787 2263 931 2322 μακρά,
967 2266 1164 2301 τελευτῶσι
1189 2263 1231 2300 δε
1258 2268 1356 2309 τρεῖς
1382 2266 1570 2311 βραχεῖαι·
1597 2266 1738 2298 Accio·

211 2313 343 2358 γενές
369 2316 443 2348 κτλ.
488 2315 580 2348 Καί
606 2310 907 2359 Χρυσεοκόμα
933 2316 1007 2348 κτλ.
1052 2323 1158 2357 quae,
1184 2322 1406 2357 quamquam
1431 2310 1640 2346 Simonides
1665 2322 1739 2346 non

214 2361 438 2402 nominamur,
462 2360 536 2395 huc
561 2361 684 2396 retuli.
705 2382 749 2387 —
774 2360 813 2395 V.
842 2365 872 2395 1.
899 2362 988 2403 εἴτε,
1015 2359 1136 2395 Schol
1163 2359 1316 2395 Aristot.
1342 2370 1390 2404 ap
1427 2359 1547 2394 Cram.
1568 2359 1635 2393 An.
1655 2358 1737 2392 Par.

215 2409 316 2443 [308
348 2405 428 2453 ἥτε,
461 2407 631 2453 cogitans
657 2408 703 2443 de
729 2409 866 2452 hymno
892 2408 932 2443 in
957 2389 1170 2453 Apollinem
1196 2409 1234 2442 et
1257 2406 1425 2441 Dianam.
1453 2426 1499 2432 —
1523 2406 1679 2448 Λυκίαν,
1706 2404 1736 2447 Q

212 2457 350 2499 Λυκία,
390 2455 528 2490 Osanni
553 2456 632 2490 cod.
658 2453 811 2499 Λύκιε,
829 2456 943 2491 schol.
969 2466 1076 2490 anon.
1104 2451 1215 2489 Αῐίε17.
1249 2454 1370 2490 editus
1396 2450 1620 2497 Δαλογενές·
1656 2449 1736 2487 εἷτα

212 2500 326 2538 Λύκιε
349 2499 540 2547 Εκαεργε.
562 2523 606 2529 -
626 2502 669 2537 In
688 2504 759 2538 fine
781 2501 877 2548 ἔχεις
896 2503 1106 2538 addendum
1131 2505 1233 2547 puto,
1258 2504 1452 2558 praeterea
1470 2501 1595 2535 antem
1613 2499 1737 2544 plures

211 2550 384 2585 videntur
416 2561 543 2585 versus
574 2549 741 2585 adiuncti
771 2550 895 2585 fuisse.
927 2570 972 2575 —-
1006 2550 1051 2584 V.
1078 2554 1109 2584 2.
1148 2546 1403 2594 χρυσεοκόμας
1439 2546 1587 2591 scripsi,
1623 2545 1736 2591 vulgo

212 2595 457 2643 χρυσεοκόμα.
490 2618 533 2622 —
556 2594 714 2641 Ἑκατε,
747 2597 886 2633 Osanni
916 2597 995 2632 cod.
1023 2593 1215 2641 Ε.καεργε
1251 2615 1294 2621 -
1327 2595 1445 2652 Quod
1463 2593 1597 2629 deinde
1630 2593 1738 2628 addit

212 2645 451 2701 Aristoteles,
483 2644 640 2680 fortasse
673 2626 714 2680 et:
735 2645 857 2701 ipsum
891 2645 948 2679 est
974 2643 1191 2679 Simonidis:
1223 2639 1376 2687 ’Ἕτερος
1407 2638 1445 2676 δ’
1479 2638 1518 2684 ἐξ
1551 2638 1735 2684 ἐναντίας,

217 2687 260 2726 οὗ
289 2694 460 2739 βραχειαι
485 2704 643 2737 αρχουσι
667 2696 780 2737 τρεῖς·
805 2687 829 2736 ἡ
856 2689 899 2726 δε
926 2705 1050 2737 μακρα
1077 2691 1288 2726 τελευταία·

494 2763 1134 2821 wussCGu-twu-JCD’u-r„

425 2807 552 2846 Μετα
587 2809 634 2845 δὲ
667 2811 751 2855 γᾶν
783 2807 928 2844 vaano}
954 2807 990 2845 τ’
1017 2805 1225 2849 ὠκεανὸν
1257 2804 1455 2853 ἧφανισε
1484 2803 1591 2849 Νύξ.

218 2881 280 2915 ubi
306 2881 453 2916 videtur
479 2878 685 2916 ὠκεανοῦ
714 2877 913 2930 α’φοῖνισι.
934 2881 1178 2916 scribendum.
