<?xml version="1.0" encoding="UTF-8"?>
<!DOCTYPE html PUBLIC "-//W3C//DTD XHTML 1.0 Transitional//EN"
    "http://www.w3.org/TR/xhtml1/DTD/xhtml1-transitional.dtd">
<html xmlns="http://www.w3.org/1999/xhtml" xml:lang="en" lang="en">
 <head>
  <title>
</title>
<meta http-equiv="Content-Type" content="text/html;charset=utf-8" />
  <meta name='ocr-system' content='tesseract 3.04.00' />
  <meta name='ocr-capabilities' content='ocr_page ocr_carea ocr_par ocr_line ocrx_word'/>
</head>
<body>
  <div class='ocr_page' id='page_1' title='image "./poetaelyricigrae03berguoft_0057.png"; bbox 0 0 1864 3126; ppageno 0'>
   <div class='ocr_carea' id='block_1_1' title="bbox 0 0 130 650">
    <p class='ocr_par' dir='ltr' id='par_1_1' title="bbox 0 0 130 650">
     <span class='ocr_line' id='line_1_1' title="bbox 0 0 130 650; baseline 0 2476"><span class='ocrx_word' id='word_1_1' title='bbox 0 0 130 650; x_wconf 95' lang='lat' dir='ltr'><strong><em> </em></strong></span> 
     </span>
    </p>
   </div>
   <div class='ocr_carea' id='block_1_2' title="bbox 805 104 1681 147">
    <p class='ocr_par' dir='ltr' id='par_1_2' title="bbox 805 104 1681 147">
     <span class='ocr_line' id='line_1_2' title="bbox 805 104 1681 147; baseline 0.007 -6"><span class='ocrx_word' id='word_1_2' title='bbox 805 105 1017 142; x_wconf 74' lang='lat' dir='ltr'>ALCMAN.</span> <span class='ocrx_word' id='word_1_3' title='bbox 1622 104 1681 147; x_wconf 77' lang='grc'><strong><em>47</em></strong></span> 
     </span>
    </p>
   </div>
   <div class='ocr_carea' id='block_1_3' title="bbox 214 213 1679 416">
    <p class='ocr_par' dir='ltr' id='par_1_3' title="bbox 214 213 1679 416">
     <span class='ocr_line' id='line_1_3' title="bbox 214 213 1679 276; baseline -0.003 -14"><span class='ocrx_word' id='word_1_4' title='bbox 214 226 321 276; x_wconf 75' lang='grc' dir='ltr'><strong><em>γυῖα</em></strong></span> <span class='ocrx_word' id='word_1_5' title='bbox 352 215 507 275; x_wconf 85' lang='grc' dir='ltr'><strong><em>φέρειν</em></strong></span> <span class='ocrx_word' id='word_1_6' title='bbox 540 213 746 259; x_wconf 81' lang='grc' dir='ltr'><strong><em>δύναται·</em></strong></span> <span class='ocrx_word' id='word_1_7' title='bbox 778 213 885 271; x_wconf 85' lang='grc' dir='ltr'><strong><em>βάλε</em></strong></span> <span class='ocrx_word' id='word_1_8' title='bbox 918 213 973 271; x_wconf 79' lang='grc' dir='ltr'><strong><em>δὴ</em></strong></span> <span class='ocrx_word' id='word_1_9' title='bbox 1006 213 1115 270; x_wconf 87' lang='grc' dir='ltr'><strong><em>βάλε</em></strong></span> <span class='ocrx_word' id='word_1_10' title='bbox 1146 213 1340 272; x_wconf 76' lang='grc' dir='ltr'><strong><em>κηρύλος</em></strong></span> <span class='ocrx_word' id='word_1_11' title='bbox 1371 218 1490 271; x_wconf 77' lang='grc' dir='ltr'><strong><em>εἴην,</em></strong></span> <span class='ocrx_word' id='word_1_12' title='bbox 1612 226 1679 257; x_wconf 65' lang='grc'><strong><em>843</em></strong></span> 
     </span>
     <span class='ocr_line' id='line_1_4' title="bbox 215 283 1471 344; baseline -0.004 -10"><span class='ocrx_word' id='word_1_13' title='bbox 215 286 265 342; x_wconf 79' lang='grc' dir='ltr'><strong><em>ὃς</em></strong></span> <span class='ocrx_word' id='word_1_14' title='bbox 294 286 334 333; x_wconf 86' lang='grc' dir='ltr'><strong><em>τ’</em></strong></span> <span class='ocrx_word' id='word_1_15' title='bbox 370 286 439 332; x_wconf 79' lang='grc' dir='ltr'><strong><em>ἐπὶ</em></strong></span> <span class='ocrx_word' id='word_1_16' title='bbox 470 285 667 344; x_wconf 79' lang='grc' dir='ltr'><strong><em>κύματος</em></strong></span> <span class='ocrx_word' id='word_1_17' title='bbox 696 284 842 337; x_wconf 79' lang='grc' dir='ltr'><strong><em>ἄνθος</em></strong></span> <span class='ocrx_word' id='word_1_18' title='bbox 873 283 950 343; x_wconf 76' lang='grc' dir='ltr'><strong><em>ἅμ’</em></strong></span> <span class='ocrx_word' id='word_1_19' title='bbox 985 284 1253 331; x_wconf 79' lang='grc' dir='ltr'><strong><em>ἀλκυόνεσσι</em></strong></span> <span class='ocrx_word' id='word_1_20' title='bbox 1286 287 1471 343; x_wconf 79' lang='grc' dir='ltr'><strong><em>ποτῆται</em></strong></span> 
     </span>
     <span class='ocr_line' id='line_1_5' title="bbox 215 350 1386 416; baseline -0.002 -12"><span class='ocrx_word' id='word_1_21' title='bbox 215 357 399 416; x_wconf 74' lang='grc' dir='ltr'><strong><em>νηλεγὲς</em></strong></span> <span class='ocrx_word' id='word_1_22' title='bbox 429 350 539 415; x_wconf 83' lang='grc' dir='ltr'><strong><em>ἦτορ</em></strong></span> <span class='ocrx_word' id='word_1_23' title='bbox 571 359 700 415; x_wconf 81' lang='grc' dir='ltr'><strong><em>ἔχων,</em></strong></span> <span class='ocrx_word' id='word_1_24' title='bbox 732 354 1041 414; x_wconf 77' lang='grc' dir='ltr'><strong><em>ἁλιπόρφυρος</em></strong></span> <span class='ocrx_word' id='word_1_25' title='bbox 1072 361 1221 415; x_wconf 71' lang='grc' dir='ltr'><strong><em>εἴαρος</em></strong></span> <span class='ocrx_word' id='word_1_26' title='bbox 1252 356 1386 415; x_wconf 87' lang='grc' dir='ltr'><strong><em>ὅρνις.</em></strong></span> 
     </span>
    </p>
   </div>
   <div class='ocr_carea' id='block_1_4' title="bbox 240 477 1499 618">
    <p class='ocr_par' dir='ltr' id='par_1_4' title="bbox 240 477 1499 618">
     <span class='ocr_line' id='line_1_6' title="bbox 805 477 1015 531; baseline 0 -11"><span class='ocrx_word' id='word_1_27' title='bbox 805 477 1015 531; x_wconf 66' lang='lat'>27.[13]</span> 
     </span>
     <span class='ocr_line' id='line_1_7' title="bbox 240 556 1499 618; baseline -0.002 -12"><span class='ocrx_word' id='word_1_28' title='bbox 240 560 541 617; x_wconf 75' lang='grc' dir='ltr'><strong><em>Πολλαλέγων</em></strong></span> <span class='ocrx_word' id='word_1_29' title='bbox 573 556 705 617; x_wconf 83' lang='grc' dir='ltr'>ὄνυμ’</span> <span class='ocrx_word' id='word_1_30' title='bbox 740 556 896 618; x_wconf 75' lang='grc' dir='ltr'><strong><em>ἀνδρί,</em></strong></span> <span class='ocrx_word' id='word_1_31' title='bbox 927 559 1107 616; x_wconf 75' lang='grc' dir='ltr'><strong><em>γυναικὶ</em></strong></span> <span class='ocrx_word' id='word_1_32' title='bbox 1140 558 1189 603; x_wconf 74' lang='grc' dir='ltr'><strong><em>δὲ</em></strong></span> <span class='ocrx_word' id='word_1_33' title='bbox 1223 558 1499 617; x_wconf 86' lang='grc' dir='ltr'><strong><em>Πασιχάρηα.</em></strong></span> 
     </span>
    </p>
   </div>
   <div class='ocr_carea' id='block_1_5' title="bbox 804 693 1012 747">
    <p class='ocr_par' dir='ltr' id='par_1_5' title="bbox 804 693 1012 747">
     <span class='ocr_line' id='line_1_8' title="bbox 804 693 1012 747; baseline 0 -12"><span class='ocrx_word' id='word_1_34' title='bbox 804 693 1012 747; x_wconf 65' lang='lat'>28.[21]</span> 
     </span>
    </p>
   </div>
   <div class='ocr_carea' id='block_1_6' title="bbox 239 784 1105 919">
    <p class='ocr_par' dir='ltr' id='par_1_6' title="bbox 239 784 1105 919">
     <span class='ocr_line' id='line_1_9' title="bbox 239 784 1105 844; baseline -0.005 -10"><span class='ocrx_word' id='word_1_35' title='bbox 239 790 400 834; x_wconf 88' lang='grc' dir='ltr'><strong><em>Λῦσαν</em></strong></span> <span class='ocrx_word' id='word_1_36' title='bbox 432 784 474 831; x_wconf 81' lang='grc' dir='ltr'><strong><em>δ’</em></strong></span> <span class='ocrx_word' id='word_1_37' title='bbox 511 784 713 844; x_wconf 78' lang='grc' dir='ltr'><strong><em>ἄπρακτα</em></strong></span> <span class='ocrx_word' id='word_1_38' title='bbox 743 784 967 842; x_wconf 77' lang='grc' dir='ltr'><strong><em>νεάνιδες,</em></strong></span> <span class='ocrx_word' id='word_1_39' title='bbox 1001 784 1105 831; x_wconf 73' lang='grc' dir='ltr'><strong><em>ὥστ’</em></strong></span> 
     </span>
     <span class='ocr_line' id='line_1_10' title="bbox 239 855 956 919; baseline -0.004 -14"><span class='ocrx_word' id='word_1_40' title='bbox 239 859 388 919; x_wconf 82' lang='grc' dir='ltr'><strong><em>ὄρνεις</em></strong></span> <span class='ocrx_word' id='word_1_41' title='bbox 419 859 594 917; x_wconf 78' lang='grc' dir='ltr'><strong><em>ἱέρακος</em></strong></span> <span class='ocrx_word' id='word_1_42' title='bbox 624 855 956 916; x_wconf 84' lang='grc' dir='ltr'><strong><em>ὑπερπταμένω.</em></strong></span> 
     </span>
    </p>
   </div>
   <div class='ocr_carea' id='block_1_7' title="bbox 143 1010 1684 2921">
    <p class='ocr_par' dir='ltr' id='par_1_7' title="bbox 143 1010 1684 2299">
     <span class='ocr_line' id='line_1_11' title="bbox 143 1010 1678 1062; baseline -0.002 -11"><span class='ocrx_word' id='word_1_43' title='bbox 143 1011 310 1062; x_wconf 79' lang='grc' dir='ltr'><strong><em>λιγυρός,</em></strong></span> <span class='ocrx_word' id='word_1_44' title='bbox 334 1010 496 1060; x_wconf 85' lang='grc' dir='ltr'><strong><em>λιαρός),</em></strong></span> <span class='ocrx_word' id='word_1_45' title='bbox 521 1012 656 1049; x_wconf 88' lang='lat' dir='ltr'>Philol.</span> <span class='ocrx_word' id='word_1_46' title='bbox 683 1012 824 1049; x_wconf 89' lang='lat' dir='ltr'>XXVII</span> <span class='ocrx_word' id='word_1_47' title='bbox 848 1017 930 1050; x_wconf 82' lang='lat'>590.</span> <span class='ocrx_word' id='word_1_48' title='bbox 958 1034 1001 1040; x_wconf 97' lang='lat'>—</span> <span class='ocrx_word' id='word_1_49' title='bbox 1029 1014 1072 1049; x_wconf 90' lang='lat' dir='ltr'><strong><em>V.</em></strong></span> <span class='ocrx_word' id='word_1_50' title='bbox 1088 1018 1121 1050; x_wconf 86' lang='grc'><strong>2.</strong></span> <span class='ocrx_word' id='word_1_51' title='bbox 1148 1012 1294 1059; x_wconf 79' lang='grc' dir='ltr'><strong><em>φέρειν,</em></strong></span> <span class='ocrx_word' id='word_1_52' title='bbox 1319 1013 1557 1050; x_wconf 85' lang='lat' dir='ltr'>scribendum</span> <span class='ocrx_word' id='word_1_53' title='bbox 1578 1013 1678 1049; x_wconf 88' lang='lat' dir='ltr'>vide-</span> 
     </span>
     <span class='ocr_line' id='line_1_12' title="bbox 144 1058 1680 1109; baseline -0.001 -11"><span class='ocrx_word' id='word_1_54' title='bbox 144 1063 206 1099; x_wconf 88' lang='lat' dir='ltr'><strong><em>tur</em></strong></span> <span class='ocrx_word' id='word_1_55' title='bbox 230 1060 390 1108; x_wconf 79' lang='grc' dir='ltr'><strong><em>φέρην.</em></strong></span> <span class='ocrx_word' id='word_1_56' title='bbox 418 1082 461 1088; x_wconf 93' lang='lat'><strong><em>—-</em></strong></span> <span class='ocrx_word' id='word_1_57' title='bbox 489 1061 578 1098; x_wconf 80' lang='lat' dir='ltr'>eod.</span> <span class='ocrx_word' id='word_1_58' title='bbox 598 1060 677 1098; x_wconf 73' lang='lat' dir='ltr'>Pal.</span> <span class='ocrx_word' id='word_1_59' title='bbox 706 1059 794 1109; x_wconf 85' lang='grc' dir='ltr'><strong><em>βάλε</em></strong></span> <span class='ocrx_word' id='word_1_60' title='bbox 823 1059 888 1107; x_wconf 80' lang='grc' dir='ltr'><strong><em>δὴ,</em></strong></span> <span class='ocrx_word' id='word_1_61' title='bbox 917 1059 1006 1109; x_wconf 89' lang='grc' dir='ltr'><strong><em>βάλε</em></strong></span> <span class='ocrx_word' id='word_1_62' title='bbox 1035 1062 1073 1097; x_wconf 85' lang='lat' dir='ltr'>et</span> <span class='ocrx_word' id='word_1_63' title='bbox 1097 1062 1136 1097; x_wconf 88' lang='lat' dir='ltr'><strong><em>in</em></strong></span> <span class='ocrx_word' id='word_1_64' title='bbox 1161 1062 1330 1108; x_wconf 81' lang='lat' dir='ltr'><strong>margine</strong></span> <span class='ocrx_word' id='word_1_65' title='bbox 1356 1058 1452 1097; x_wconf 78' lang='grc' dir='ltr'><strong><em>κατὰ</em></strong></span> <span class='ocrx_word' id='word_1_66' title='bbox 1479 1058 1680 1104; x_wconf 76' lang='grc' dir='ltr'><strong><em>ἀποκοπὴν</em></strong></span> 
     </span>
     <span class='ocr_line' id='line_1_13' title="bbox 143 1105 1681 1157; baseline -0.001 -11"><span class='ocrx_word' id='word_1_67' title='bbox 143 1110 212 1147; x_wconf 79' lang='grc' dir='ltr'><strong><em>τοῦ</em></strong></span> <span class='ocrx_word' id='word_1_68' title='bbox 243 1114 268 1145; x_wconf 78' lang='grc' dir='ltr'><em>ἅ</em></span> <span class='ocrx_word' id='word_1_69' title='bbox 303 1106 486 1155; x_wconf 81' lang='grc' dir='ltr'><strong><em>άρκτικοῦ</em></strong></span> <span class='ocrx_word' id='word_1_70' title='bbox 519 1110 722 1155; x_wconf 59' lang='grc' dir='ltr'><strong><em>στοιχείων</em></strong></span> <span class='ocrx_word' id='word_1_71' title='bbox 756 1107 834 1155; x_wconf 79' lang='grc' dir='ltr'><strong><em>ἔχει</em></strong></span> <span class='ocrx_word' id='word_1_72' title='bbox 866 1106 937 1155; x_wconf 76' lang='grc' dir='ltr'><strong><em>γὰρ</em></strong></span> <span class='ocrx_word' id='word_1_73' title='bbox 969 1106 1011 1144; x_wconf 87' lang='grc' dir='ltr'><strong><em>τὸ</em></strong></span> <span class='ocrx_word' id='word_1_74' title='bbox 1038 1105 1126 1145; x_wconf 79' lang='grc' dir='ltr'><strong><em>ὅλον</em></strong></span> <span class='ocrx_word' id='word_1_75' title='bbox 1151 1107 1282 1157; x_wconf 88' lang='grc' dir='ltr'><strong><em>άβάλε,</em></strong></span> <span class='ocrx_word' id='word_1_76' title='bbox 1308 1106 1539 1155; x_wconf 83' lang='grc' dir='ltr'><strong><em>σημαντικὸν</em></strong></span> <span class='ocrx_word' id='word_1_77' title='bbox 1567 1105 1681 1154; x_wconf 73' lang='grc' dir='ltr'><strong><em>εὐχῆς</em></strong></span> 
     </span>
     <span class='ocr_line' id='line_1_14' title="bbox 144 1153 1679 1204; baseline -0.002 -10"><span class='ocrx_word' id='word_1_78' title='bbox 144 1154 230 1204; x_wconf 63' lang='lat' dir='ltr'><strong><em>§ato</em></strong></span> <span class='ocrx_word' id='word_1_79' title='bbox 254 1170 332 1204; x_wconf 81' lang='grc' dir='ltr'><strong><em>ημα</em></strong></span> <span class='ocrx_word' id='word_1_80' title='bbox 351 1153 439 1193; x_wconf 73' lang='grc' dir='ltr'><strong><em>ἀντὶ</em></strong></span> <span class='ocrx_word' id='word_1_81' title='bbox 463 1157 531 1193; x_wconf 75' lang='grc' dir='ltr'><strong><em>τοῦ</em></strong></span> <span class='ocrx_word' id='word_1_82' title='bbox 557 1153 710 1202; x_wconf 84' lang='grc' dir='ltr'><strong><em>ὄφελεν,</em></strong></span> <span class='ocrx_word' id='word_1_83' title='bbox 735 1158 833 1201; x_wconf 64' lang='lat' dir='ltr'>effla,</span> <span class='ocrx_word' id='word_1_84' title='bbox 852 1157 955 1193; x_wconf 74' lang='grc' dir='ltr'><strong><em>αἴθε.</em></strong></span> <span class='ocrx_word' id='word_1_85' title='bbox 984 1157 1106 1203; x_wconf 83' lang='lat' dir='ltr'>Apoll.</span> <span class='ocrx_word' id='word_1_86' title='bbox 1127 1157 1172 1192; x_wconf 92' lang='lat' dir='ltr'>de</span> <span class='ocrx_word' id='word_1_87' title='bbox 1193 1157 1287 1194; x_wconf 85' lang='lat' dir='ltr'>coni.</span> <span class='ocrx_word' id='word_1_88' title='bbox 1309 1156 1425 1193; x_wconf 86' lang='lat' dir='ltr'>Bekk.</span> <span class='ocrx_word' id='word_1_89' title='bbox 1449 1158 1516 1193; x_wconf 90' lang='lat' dir='ltr'><strong><em>An.</em></strong></span> <span class='ocrx_word' id='word_1_90' title='bbox 1538 1156 1573 1191; x_wconf 92' lang='lat' dir='ltr'><strong><em>II</em></strong></span> <span class='ocrx_word' id='word_1_91' title='bbox 1593 1160 1679 1192; x_wconf 77' lang='lat'><strong>522:</strong></span> 
     </span>
     <span class='ocr_line' id='line_1_15' title="bbox 146 1199 1680 1250; baseline -0.003 -8"><span class='ocrx_word' id='word_1_92' title='bbox 146 1203 200 1242; x_wconf 83' lang='grc' dir='ltr'><strong><em>Τὸ</em></strong></span> <span class='ocrx_word' id='word_1_93' title='bbox 255 1208 344 1250; x_wconf 82' lang='grc' dir='ltr'><strong><em>βαλε</em></strong></span> <span class='ocrx_word' id='word_1_94' title='bbox 378 1202 526 1250; x_wconf 75' lang='grc' dir='ltr'><strong><em>ἐντελές</em></strong></span> <span class='ocrx_word' id='word_1_95' title='bbox 557 1202 651 1240; x_wconf 76' lang='grc' dir='ltr'><strong><em>ἐστι·</em></strong></span> <span class='ocrx_word' id='word_1_96' title='bbox 683 1204 749 1240; x_wconf 78' lang='grc' dir='ltr'><strong><em>καὶ</em></strong></span> <span class='ocrx_word' id='word_1_97' title='bbox 781 1203 902 1250; x_wconf 80' lang='grc' dir='ltr'><strong><em>σαφὲς</em></strong></span> <span class='ocrx_word' id='word_1_98' title='bbox 935 1201 977 1240; x_wconf 74' lang='grc' dir='ltr'><strong><em>ἐκ</em></strong></span> <span class='ocrx_word' id='word_1_99' title='bbox 1009 1205 1074 1250; x_wconf 87' lang='grc' dir='ltr'><strong><em>τῆς</em></strong></span> <span class='ocrx_word' id='word_1_100' title='bbox 1101 1201 1289 1247; x_wconf 73' lang='grc' dir='ltr'><strong><em>ἐκτάσεως</em></strong></span> <span class='ocrx_word' id='word_1_101' title='bbox 1312 1205 1380 1241; x_wconf 85' lang='grc' dir='ltr'><strong><em>τοῦ</em></strong></span> <span class='ocrx_word' id='word_1_102' title='bbox 1405 1215 1449 1239; x_wconf 87' lang='grc' dir='ltr'><strong><em>α·</em></strong></span> <span class='ocrx_word' id='word_1_103' title='bbox 1475 1203 1541 1240; x_wconf 77' lang='grc' dir='ltr'><strong><em>καὶ</em></strong></span> <span class='ocrx_word' id='word_1_104' title='bbox 1566 1199 1680 1249; x_wconf 84' lang='grc' dir='ltr'><strong><em>άφαι-</em></strong></span> 
     </span>
     <span class='ocr_line' id='line_1_16' title="bbox 144 1248 1680 1299; baseline -0.001 -10"><span class='ocrx_word' id='word_1_105' title='bbox 144 1251 263 1299; x_wconf 68' lang='grc' dir='ltr'><strong><em>ρεθὲν</em></strong></span> <span class='ocrx_word' id='word_1_106' title='bbox 287 1250 360 1299; x_wconf 76' lang='grc' dir='ltr'><strong><em>γὰρ</em></strong></span> <span class='ocrx_word' id='word_1_107' title='bbox 385 1249 428 1288; x_wconf 83' lang='grc' dir='ltr'><strong><em>τὸ</em></strong></span> <span class='ocrx_word' id='word_1_108' title='bbox 455 1248 552 1288; x_wconf 65' lang='grc' dir='ltr'><strong><em>αὐτὸ</em></strong></span> <span class='ocrx_word' id='word_1_109' title='bbox 577 1253 704 1298; x_wconf 74' lang='grc' dir='ltr'><strong><em>ὃηλοῖ’</em></strong></span> <span class='ocrx_word' id='word_1_110' title='bbox 730 1250 843 1288; x_wconf 89' lang='grc' dir='ltr'><strong><em>Βάλε</em></strong></span> <span class='ocrx_word' id='word_1_111' title='bbox 871 1249 944 1298; x_wconf 80' lang='grc' dir='ltr'><strong><em>δή,</em></strong></span> <span class='ocrx_word' id='word_1_112' title='bbox 969 1250 1079 1299; x_wconf 87' lang='grc' dir='ltr'><strong><em>βάλε</em></strong></span> <span class='ocrx_word' id='word_1_113' title='bbox 1106 1266 1139 1288; x_wconf 84' lang='grc' dir='ltr'><strong><em>κ.</em></strong></span> <span class='ocrx_word' id='word_1_114' title='bbox 1168 1266 1197 1288; x_wconf 88' lang='grc' dir='ltr'><strong><em>ε.</em></strong></span> <span class='ocrx_word' id='word_1_115' title='bbox 1230 1253 1270 1288; x_wconf 90' lang='lat' dir='ltr'>et</span> <span class='ocrx_word' id='word_1_116' title='bbox 1295 1264 1421 1288; x_wconf 87' lang='lat' dir='ltr'>rursus</span> <span class='ocrx_word' id='word_1_117' title='bbox 1447 1255 1527 1288; x_wconf 80' lang='lat'>568.</span> <span class='ocrx_word' id='word_1_118' title='bbox 1577 1251 1680 1287; x_wconf 86' lang='lat' dir='ltr'><strong>Idem</strong></span> 
     </span>
     <span class='ocr_line' id='line_1_17' title="bbox 144 1299 1680 1344; baseline -0.002 -7"><span class='ocrx_word' id='word_1_119' title='bbox 144 1301 181 1338; x_wconf 76' lang='lat' dir='ltr'>le</span> <span class='ocrx_word' id='word_1_120' title='bbox 211 1301 286 1337; x_wconf 78' lang='lat' dir='ltr'><strong><em>’tur</em></strong></span> <span class='ocrx_word' id='word_1_121' title='bbox 309 1301 348 1337; x_wconf 87' lang='lat' dir='ltr'><strong><em>in</em></strong></span> <span class='ocrx_word' id='word_1_122' title='bbox 372 1299 492 1336; x_wconf 79' lang='lat' dir='ltr'>Bekk.</span> <span class='ocrx_word' id='word_1_123' title='bbox 517 1301 588 1336; x_wconf 84' lang='lat' dir='ltr'><strong><em>An.</em></strong></span> <span class='ocrx_word' id='word_1_124' title='bbox 614 1299 648 1334; x_wconf 91' lang='lat'><strong><em>11</em></strong></span> <span class='ocrx_word' id='word_1_125' title='bbox 674 1303 754 1335; x_wconf 75' lang='lat'><strong><em>946.</em></strong></span> <span class='ocrx_word' id='word_1_126' title='bbox 794 1300 915 1336; x_wconf 68' lang='lat' dir='ltr'>Cram.</span> <span class='ocrx_word' id='word_1_127' title='bbox 942 1301 1010 1335; x_wconf 90' lang='lat' dir='ltr'><strong><em>An.</em></strong></span> <span class='ocrx_word' id='word_1_128' title='bbox 1038 1299 1105 1336; x_wconf 86' lang='lat' dir='ltr'><strong><em>Ox.</em></strong></span> <span class='ocrx_word' id='word_1_129' title='bbox 1130 1301 1147 1335; x_wconf 96' lang='grc' dir='ltr'>Ι</span> <span class='ocrx_word' id='word_1_130' title='bbox 1171 1304 1252 1344; x_wconf 84' lang='grc'><strong><em>265,</em></strong></span> <span class='ocrx_word' id='word_1_131' title='bbox 1280 1305 1310 1336; x_wconf 89' lang='grc'><strong>1.</strong></span> <span class='ocrx_word' id='word_1_132' title='bbox 1362 1299 1420 1335; x_wconf 87' lang='lat' dir='ltr'><strong><em>Et.</em></strong></span> <span class='ocrx_word' id='word_1_133' title='bbox 1447 1300 1495 1336; x_wconf 88' lang='lat' dir='ltr'><strong><em>M.</em></strong></span> <span class='ocrx_word' id='word_1_134' title='bbox 1524 1302 1602 1342; x_wconf 86' lang='grc'><strong><em>186,</em></strong></span> <span class='ocrx_word' id='word_1_135' title='bbox 1623 1303 1680 1334; x_wconf 84' lang='grc'><strong>43.</strong></span> 
     </span>
     <span class='ocr_line' id='line_1_18' title="bbox 146 1345 1681 1394; baseline -0.001 -10"><span class='ocrx_word' id='word_1_136' title='bbox 146 1347 194 1384; x_wconf 78' lang='lat' dir='ltr'><strong><em>Sc</em></strong></span> <span class='ocrx_word' id='word_1_137' title='bbox 221 1348 270 1385; x_wconf 90' lang='lat' dir='ltr'><strong><em>ol.</em></strong></span> <span class='ocrx_word' id='word_1_138' title='bbox 295 1347 410 1384; x_wconf 85' lang='lat' dir='ltr'>Arist.</span> <span class='ocrx_word' id='word_1_139' title='bbox 437 1349 506 1384; x_wconf 82' lang='lat' dir='ltr'><strong><em>Av.</em></strong></span> <span class='ocrx_word' id='word_1_140' title='bbox 525 1351 606 1384; x_wconf 88' lang='grc'><strong>299.</strong></span> <span class='ocrx_word' id='word_1_141' title='bbox 640 1346 744 1383; x_wconf 84' lang='lat' dir='ltr'>Suid.</span> <span class='ocrx_word' id='word_1_142' title='bbox 769 1360 803 1383; x_wconf 85' lang='lat' dir='ltr'><strong><em>v.</em></strong></span> <span class='ocrx_word' id='word_1_143' title='bbox 824 1345 1005 1393; x_wconf 81' lang='grc' dir='ltr'><strong><em>Κηρύλος.</em></strong></span> <span class='ocrx_word' id='word_1_144' title='bbox 1043 1347 1215 1394; x_wconf 86' lang='lat' dir='ltr'>Denique</span> <span class='ocrx_word' id='word_1_145' title='bbox 1234 1348 1293 1385; x_wconf 80' lang='lat' dir='ltr'><strong><em>Et.</em></strong></span> <span class='ocrx_word' id='word_1_146' title='bbox 1314 1347 1411 1384; x_wconf 88' lang='lat' dir='ltr'>Flor.</span> <span class='ocrx_word' id='word_1_147' title='bbox 1432 1346 1557 1383; x_wconf 84' lang='lat' dir='ltr'>Miller</span> <span class='ocrx_word' id='word_1_148' title='bbox 1575 1346 1681 1383; x_wconf 85' lang='lat' dir='ltr'>Misc.</span> 
     </span>
     <span class='ocr_line' id='line_1_19' title="bbox 145 1391 1679 1444; baseline -0.001 -12"><span class='ocrx_word' id='word_1_149' title='bbox 145 1399 210 1433; x_wconf 75' lang='lat'><strong><em>60:</em></strong></span> <span class='ocrx_word' id='word_1_150' title='bbox 246 1393 354 1444; x_wconf 81' lang='grc' dir='ltr'><strong><em>βάλε,</em></strong></span> <span class='ocrx_word' id='word_1_151' title='bbox 386 1392 472 1432; x_wconf 77' lang='grc' dir='ltr'><strong><em>άντὶ</em></strong></span> <span class='ocrx_word' id='word_1_152' title='bbox 496 1396 564 1432; x_wconf 82' lang='grc' dir='ltr'><strong><em>τοῦ</em></strong></span> <span class='ocrx_word' id='word_1_153' title='bbox 589 1391 727 1443; x_wconf 82' lang='grc' dir='ltr'><strong><em>άβάλε·</em></strong></span> <span class='ocrx_word' id='word_1_154' title='bbox 754 1392 843 1442; x_wconf 86' lang='grc' dir='ltr'><strong><em>βάλε</em></strong></span> <span class='ocrx_word' id='word_1_155' title='bbox 871 1393 918 1440; x_wconf 76' lang='grc' dir='ltr'><strong><em>δὴ</em></strong></span> <span class='ocrx_word' id='word_1_156' title='bbox 945 1393 1035 1441; x_wconf 89' lang='grc' dir='ltr'><strong><em>βάλε</em></strong></span> <span class='ocrx_word' id='word_1_157' title='bbox 1063 1392 1139 1431; x_wconf 85' lang='grc' dir='ltr'><strong><em>άπὸ</em></strong></span> <span class='ocrx_word' id='word_1_158' title='bbox 1171 1395 1238 1431; x_wconf 81' lang='grc' dir='ltr'><strong><em>τοῦ</em></strong></span> <span class='ocrx_word' id='word_1_159' title='bbox 1269 1394 1432 1441; x_wconf 76' lang='grc' dir='ltr'><strong><em>κήρυκος</em></strong></span> <span class='ocrx_word' id='word_1_160' title='bbox 1458 1396 1559 1440; x_wconf 76' lang='grc' dir='ltr'><strong><em>εἴην·</em></strong></span> <span class='ocrx_word' id='word_1_161' title='bbox 1591 1391 1611 1429; x_wconf 92' lang='grc' dir='ltr'><strong>ὁ</strong></span> <span class='ocrx_word' id='word_1_162' title='bbox 1638 1393 1679 1429; x_wconf 79' lang='grc' dir='ltr'><strong><em>δὲ</em></strong></span> 
     </span>
     <span class='ocr_line' id='line_1_20' title="bbox 143 1439 1683 1492; baseline -0.003 -12"><span class='ocrx_word' id='word_1_163' title='bbox 143 1440 298 1490; x_wconf 72' lang='grc' dir='ltr'><strong><em>Ἀλκμᾶν</em></strong></span> <span class='ocrx_word' id='word_1_164' title='bbox 322 1441 366 1479; x_wconf 83' lang='grc' dir='ltr'><strong><em>τὸ</em></strong></span> <span class='ocrx_word' id='word_1_165' title='bbox 392 1439 524 1491; x_wconf 84' lang='grc' dir='ltr'><strong><em>άβάλε,</em></strong></span> <span class='ocrx_word' id='word_1_166' title='bbox 550 1441 633 1478; x_wconf 80' lang='grc' dir='ltr'><strong><em>οἷον</em></strong></span> <span class='ocrx_word' id='word_1_167' title='bbox 658 1439 777 1491; x_wconf 85' lang='grc' dir='ltr'><strong><em>άβάλε</em></strong></span> <span class='ocrx_word' id='word_1_168' title='bbox 804 1443 871 1492; x_wconf 57' lang='lat' dir='ltr'><strong><em>nal</em></strong></span> <span class='ocrx_word' id='word_1_169' title='bbox 893 1442 1031 1478; x_wconf 83' lang='grc' dir='ltr'><strong><em>νέοντοι</em></strong></span> <span class='ocrx_word' id='word_1_170' title='bbox 1058 1471 1065 1478; x_wconf 93' lang='grc'><strong>.</strong></span> <span class='ocrx_word' id='word_1_171' title='bbox 1087 1472 1096 1480; x_wconf 94' lang='grc'><strong>.</strong></span> <span class='ocrx_word' id='word_1_172' title='bbox 1122 1444 1278 1489; x_wconf 77' lang='grc' dir='ltr'><strong><em>γίνεται.</em></strong></span> <span class='ocrx_word' id='word_1_173' title='bbox 1319 1444 1362 1479; x_wconf 87' lang='lat' dir='ltr'><strong><em>In</em></strong></span> <span class='ocrx_word' id='word_1_174' title='bbox 1386 1443 1446 1478; x_wconf 79' lang='lat' dir='ltr'><strong><em>his</em></strong></span> <span class='ocrx_word' id='word_1_175' title='bbox 1471 1441 1683 1478; x_wconf 76' lang='lat' dir='ltr'>novissimis</span> 
     </span>
     <span class='ocr_line' id='line_1_21' title="bbox 147 1486 1681 1536; baseline -0.002 -9"><span class='ocrx_word' id='word_1_176' title='bbox 147 1501 239 1528; x_wconf 71' lang='lat' dir='ltr'>cave</span> <span class='ocrx_word' id='word_1_177' title='bbox 258 1491 388 1527; x_wconf 81' lang='lat' dir='ltr'>credas</span> <span class='ocrx_word' id='word_1_178' title='bbox 407 1491 511 1526; x_wconf 79' lang='lat' dir='ltr'>aliud</span> <span class='ocrx_word' id='word_1_179' title='bbox 531 1490 722 1526; x_wconf 77' lang='lat' dir='ltr'>Alcmanis</span> <span class='ocrx_word' id='word_1_180' title='bbox 743 1490 993 1536; x_wconf 77' lang='lat' dir='ltr'><strong>fragmentum</strong></span> <span class='ocrx_word' id='word_1_181' title='bbox 1013 1491 1243 1535; x_wconf 82' lang='lat' dir='ltr'>delitescere,</span> <span class='ocrx_word' id='word_1_182' title='bbox 1263 1490 1499 1526; x_wconf 83' lang='lat' dir='ltr'>scribendum</span> <span class='ocrx_word' id='word_1_183' title='bbox 1516 1486 1681 1535; x_wconf 70' lang='grc' dir='ltr'><strong><em>Ἀλκμάν.</em></strong></span> 
     </span>
     <span class='ocr_line' id='line_1_22' title="bbox 144 1531 1682 1586; baseline -0.002 -11"><span class='ocrx_word' id='word_1_184' title='bbox 144 1535 195 1575; x_wconf 80' lang='grc' dir='ltr'><strong><em>τὸ</em></strong></span> <span class='ocrx_word' id='word_1_185' title='bbox 222 1536 272 1574; x_wconf 71' lang='grc' dir='ltr'><strong><em>δὲ</em></strong></span> <span class='ocrx_word' id='word_1_186' title='bbox 298 1532 324 1574; x_wconf 78' lang='grc' dir='ltr'><strong><em>ά</em></strong></span> <span class='ocrx_word' id='word_1_187' title='bbox 352 1534 456 1586; x_wconf 84' lang='grc' dir='ltr'><strong><em>βάλε,</em></strong></span> <span class='ocrx_word' id='word_1_188' title='bbox 482 1535 563 1574; x_wconf 77' lang='grc' dir='ltr'><strong><em>οἷον</em></strong></span> <span class='ocrx_word' id='word_1_189' title='bbox 589 1531 614 1572; x_wconf 82' lang='grc' dir='ltr'><strong><em>ά</em></strong></span> <span class='ocrx_word' id='word_1_190' title='bbox 641 1535 748 1584; x_wconf 87' lang='grc' dir='ltr'><strong><em>βάλε</em></strong></span> <span class='ocrx_word' id='word_1_191' title='bbox 776 1535 883 1583; x_wconf 76' lang='grc' dir='ltr'><strong><em>μηδ’</em></strong></span> <span class='ocrx_word' id='word_1_192' title='bbox 912 1536 1136 1583; x_wconf 72' lang='grc' dir='ltr'><strong><em>ἐγένοντο</em></strong></span> <span class='ocrx_word' id='word_1_193' title='bbox 1160 1540 1307 1584; x_wconf 81' lang='grc' dir='ltr'><strong><em>γίνεται</em></strong></span> <span class='ocrx_word' id='word_1_194' title='bbox 1332 1537 1396 1573; x_wconf 81' lang='grc' dir='ltr'><strong><em>καὶ</em></strong></span> <span class='ocrx_word' id='word_1_195' title='bbox 1421 1531 1446 1573; x_wconf 82' lang='grc' dir='ltr'><strong><em>ά</em></strong></span> <span class='ocrx_word' id='word_1_196' title='bbox 1471 1534 1569 1573; x_wconf 77' lang='grc' dir='ltr'><strong><em>κατὰ</em></strong></span> <span class='ocrx_word' id='word_1_197' title='bbox 1595 1549 1682 1582; x_wconf 76' lang='grc' dir='ltr'><strong><em>συγ-</em></strong></span> 
     </span>
     <span class='ocr_line' id='line_1_23' title="bbox 147 1578 1680 1632; baseline -0.002 -10"><span class='ocrx_word' id='word_1_198' title='bbox 147 1582 271 1632; x_wconf 85' lang='grc' dir='ltr'><strong><em>κοπήν</em></strong></span> <span class='ocrx_word' id='word_1_199' title='bbox 291 1588 384 1622; x_wconf 70' lang='grc' dir='ltr'><strong><em>κτλ.ε</em></strong></span> <span class='ocrx_word' id='word_1_200' title='bbox 410 1584 560 1621; x_wconf 77' lang='lat' dir='ltr'>initium</span> <span class='ocrx_word' id='word_1_201' title='bbox 579 1586 637 1620; x_wconf 88' lang='lat' dir='ltr'>est</span> <span class='ocrx_word' id='word_1_202' title='bbox 660 1585 778 1631; x_wconf 80' lang='lat' dir='ltr'>epigr.</span> <span class='ocrx_word' id='word_1_203' title='bbox 800 1585 1045 1622; x_wconf 77' lang='lat' dir='ltr'>Callimachei</span> <span class='ocrx_word' id='word_1_204' title='bbox 1067 1590 1122 1630; x_wconf 88' lang='grc'><strong><em>19,</em></strong></span> <span class='ocrx_word' id='word_1_205' title='bbox 1148 1586 1214 1622; x_wconf 87' lang='lat' dir='ltr'><strong><em>ubi</em></strong></span> <span class='ocrx_word' id='word_1_206' title='bbox 1238 1583 1361 1631; x_wconf 78' lang='grc' dir='ltr'><strong><em>ὤφελε</em></strong></span> <span class='ocrx_word' id='word_1_207' title='bbox 1390 1585 1539 1631; x_wconf 84' lang='lat' dir='ltr'>legitur,</span> <span class='ocrx_word' id='word_1_208' title='bbox 1565 1584 1629 1620; x_wconf 85' lang='lat' dir='ltr'>sed</span> <span class='ocrx_word' id='word_1_209' title='bbox 1655 1578 1680 1619; x_wconf 80' lang='grc' dir='ltr'><em>ἆ</em></span> 
     </span>
     <span class='ocr_line' id='line_1_24' title="bbox 148 1631 1682 1680; baseline -0.002 -10"><span class='ocrx_word' id='word_1_210' title='bbox 148 1631 239 1680; x_wconf 82' lang='grc' dir='ltr'><strong><em>βάλε</em></strong></span> <span class='ocrx_word' id='word_1_211' title='bbox 266 1633 506 1670; x_wconf 78' lang='lat' dir='ltr'>commendat</span> <span class='ocrx_word' id='word_1_212' title='bbox 530 1632 714 1678; x_wconf 74' lang='lat' dir='ltr'>Agathias</span> <span class='ocrx_word' id='word_1_213' title='bbox 738 1632 852 1669; x_wconf 79' lang='lat' dir='ltr'>Anth.</span> <span class='ocrx_word' id='word_1_214' title='bbox 871 1632 940 1669; x_wconf 86' lang='lat' dir='ltr'><strong><em>Vll</em></strong></span> <span class='ocrx_word' id='word_1_215' title='bbox 962 1636 1043 1679; x_wconf 84' lang='lat'>583,</span> <span class='ocrx_word' id='word_1_216' title='bbox 1068 1636 1112 1670; x_wconf 81' lang='lat' dir='ltr'><strong><em>ut</em></strong></span> <span class='ocrx_word' id='word_1_217' title='bbox 1136 1634 1277 1670; x_wconf 79' lang='lat' dir='ltr'>assolet</span> <span class='ocrx_word' id='word_1_218' title='bbox 1301 1633 1574 1669; x_wconf 79' lang='lat' dir='ltr'>Callimachum</span> <span class='ocrx_word' id='word_1_219' title='bbox 1599 1633 1682 1668; x_wconf 89' lang='lat' dir='ltr'>imi-</span> 
     </span>
     <span class='ocr_line' id='line_1_25' title="bbox 144 1677 1681 1727; baseline -0.002 -9"><span class='ocrx_word' id='word_1_220' title='bbox 144 1682 260 1718; x_wconf 66' lang='lat' dir='ltr'>tatus.</span> <span class='ocrx_word' id='word_1_221' title='bbox 294 1701 340 1707; x_wconf 92' lang='lat'><strong><em>—-</em></strong></span> <span class='ocrx_word' id='word_1_222' title='bbox 378 1680 422 1717; x_wconf 84' lang='lat' dir='ltr'><strong><em>V.</em></strong></span> <span class='ocrx_word' id='word_1_223' title='bbox 449 1684 483 1717; x_wconf 86' lang='grc'><strong>3.</strong></span> <span class='ocrx_word' id='word_1_224' title='bbox 516 1680 616 1716; x_wconf 76' lang='lat' dir='ltr'>Satis</span> <span class='ocrx_word' id='word_1_225' title='bbox 653 1680 921 1727; x_wconf 83' lang='lat' dir='ltr'>intempestive</span> <span class='ocrx_word' id='word_1_226' title='bbox 952 1681 1100 1717; x_wconf 80' lang='lat' dir='ltr'>Hecker</span> <span class='ocrx_word' id='word_1_227' title='bbox 1130 1678 1195 1717; x_wconf 76' lang='grc' dir='ltr'><strong><em>ἄν’</em></strong></span> <span class='ocrx_word' id='word_1_228' title='bbox 1229 1681 1304 1727; x_wconf 88' lang='lat' dir='ltr'>(vel</span> <span class='ocrx_word' id='word_1_229' title='bbox 1335 1677 1423 1726; x_wconf 80' lang='grc' dir='ltr'>ὑφ’)</span> <span class='ocrx_word' id='word_1_230' title='bbox 1455 1677 1681 1716; x_wconf 74' lang='grc' dir='ltr'><strong><em>ἀλκυόνεσσι</em></strong></span> 
     </span>
     <span class='ocr_line' id='line_1_26' title="bbox 145 1723 1680 1775; baseline -0.001 -10"><span class='ocrx_word' id='word_1_231' title='bbox 145 1733 330 1775; x_wconf 78' lang='grc' dir='ltr'><strong><em>φορεῖται.</em></strong></span> <span class='ocrx_word' id='word_1_232' title='bbox 379 1727 554 1764; x_wconf 75' lang='lat' dir='ltr'><strong>Imitatur</strong></span> <span class='ocrx_word' id='word_1_233' title='bbox 577 1727 766 1774; x_wconf 74' lang='lat' dir='ltr'>Aristoph.</span> <span class='ocrx_word' id='word_1_234' title='bbox 792 1729 860 1764; x_wconf 86' lang='lat' dir='ltr'><strong><em>Av.</em></strong></span> <span class='ocrx_word' id='word_1_235' title='bbox 887 1732 974 1764; x_wconf 80' lang='lat'>251:</span> <span class='ocrx_word' id='word_1_236' title='bbox 1001 1723 1052 1764; x_wconf 79' lang='grc' dir='ltr'><strong><em>ὧν</em></strong></span> <span class='ocrx_word' id='word_1_237' title='bbox 1073 1726 1108 1764; x_wconf 92' lang='grc' dir='ltr'><strong><em>τ’</em></strong></span> <span class='ocrx_word' id='word_1_238' title='bbox 1138 1726 1201 1764; x_wconf 79' lang='grc' dir='ltr'><strong><em>ἐπὶ</em></strong></span> <span class='ocrx_word' id='word_1_239' title='bbox 1226 1726 1382 1765; x_wconf 81' lang='grc' dir='ltr'><strong><em>πόντιον</em></strong></span> <span class='ocrx_word' id='word_1_240' title='bbox 1403 1726 1517 1774; x_wconf 77' lang='grc' dir='ltr'><strong><em>οἶδμα</em></strong></span> <span class='ocrx_word' id='word_1_241' title='bbox 1535 1725 1680 1764; x_wconf 80' lang='grc' dir='ltr'><strong><em>θαλάσ-</em></strong></span> 
     </span>
     <span class='ocr_line' id='line_1_27' title="bbox 144 1772 1680 1823; baseline -0.002 -10"><span class='ocrx_word' id='word_1_242' title='bbox 144 1788 212 1822; x_wconf 85' lang='grc' dir='ltr'><strong><em>σης</em></strong></span> <span class='ocrx_word' id='word_1_243' title='bbox 238 1775 342 1813; x_wconf 62' lang='lat' dir='ltr'><strong><em>maa</em></strong></span> <span class='ocrx_word' id='word_1_244' title='bbox 367 1772 451 1823; x_wconf 84' lang='grc' dir='ltr'><strong><em>μετ’</em></strong></span> <span class='ocrx_word' id='word_1_245' title='bbox 479 1772 705 1812; x_wconf 76' lang='grc' dir='ltr'><strong><em>ἀλκυόνεσσι</em></strong></span> <span class='ocrx_word' id='word_1_246' title='bbox 731 1776 904 1813; x_wconf 81' lang='grc' dir='ltr'><strong><em>ποτᾶται.</em></strong></span> <span class='ocrx_word' id='word_1_247' title='bbox 930 1776 995 1812; x_wconf 86' lang='lat' dir='ltr'><strong><em>nbi</em></strong></span> <span class='ocrx_word' id='word_1_248' title='bbox 1021 1775 1145 1812; x_wconf 89' lang='lat' dir='ltr'>Schol.</span> <span class='ocrx_word' id='word_1_249' title='bbox 1173 1775 1250 1812; x_wconf 77' lang='grc' dir='ltr'><strong><em>ἔστι</em></strong></span> <span class='ocrx_word' id='word_1_250' title='bbox 1275 1775 1318 1812; x_wconf 74' lang='grc' dir='ltr'><strong><em>δὲ</em></strong></span> <span class='ocrx_word' id='word_1_251' title='bbox 1344 1774 1448 1821; x_wconf 84' lang='grc' dir='ltr'><strong><em>παρὰ</em></strong></span> <span class='ocrx_word' id='word_1_252' title='bbox 1469 1773 1514 1811; x_wconf 82' lang='grc' dir='ltr'><strong><em>τὰ</em></strong></span> <span class='ocrx_word' id='word_1_253' title='bbox 1533 1772 1680 1821; x_wconf 82' lang='grc' dir='ltr'><strong><em>Ἀλκμᾶ-</em></strong></span> 
     </span>
     <span class='ocr_line' id='line_1_28' title="bbox 145 1819 1683 1870; baseline -0.001 -10"><span class='ocrx_word' id='word_1_254' title='bbox 145 1834 229 1870; x_wconf 79' lang='grc' dir='ltr'><strong><em>μος·</em></strong></span> <span class='ocrx_word' id='word_1_255' title='bbox 256 1819 353 1860; x_wconf 77' lang='grc' dir='ltr'><strong><em>ὅστ’</em></strong></span> <span class='ocrx_word' id='word_1_256' title='bbox 382 1820 456 1860; x_wconf 74' lang='grc' dir='ltr'><strong><em>ἐπὶ</em></strong></span> <span class='ocrx_word' id='word_1_257' title='bbox 483 1851 491 1859; x_wconf 94' lang='grc'><strong>.</strong></span> <span class='ocrx_word' id='word_1_258' title='bbox 518 1852 525 1859; x_wconf 94' lang='grc'><strong>.</strong></span> <span class='ocrx_word' id='word_1_259' title='bbox 555 1851 563 1859; x_wconf 92' lang='grc'><strong>.</strong></span> <span class='ocrx_word' id='word_1_260' title='bbox 588 1823 803 1859; x_wconf 83' lang='grc' dir='ltr'><strong><em>ποτᾶται·</em></strong></span> <span class='ocrx_word' id='word_1_261' title='bbox 830 1822 890 1859; x_wconf 76' lang='grc' dir='ltr'><strong><em>διὸ</em></strong></span> <span class='ocrx_word' id='word_1_262' title='bbox 916 1827 982 1860; x_wconf 77' lang='grc' dir='ltr'><strong><em>καὶ</em></strong></span> <span class='ocrx_word' id='word_1_263' title='bbox 1007 1825 1187 1869; x_wconf 83' lang='grc' dir='ltr'><strong><em>Δωρικῶς</em></strong></span> <span class='ocrx_word' id='word_1_264' title='bbox 1212 1825 1369 1870; x_wconf 71' lang='grc' dir='ltr'><strong><em>εἴρηται,</em></strong></span> <span class='ocrx_word' id='word_1_265' title='bbox 1400 1824 1499 1859; x_wconf 80' lang='lat' dir='ltr'>unde</span> <span class='ocrx_word' id='word_1_266' title='bbox 1524 1826 1683 1869; x_wconf 77' lang='lat' dir='ltr'>apparet</span> 
     </span>
     <span class='ocr_line' id='line_1_29' title="bbox 147 1870 1681 1928; baseline -0.002 -20"><span class='ocrx_word' id='word_1_267' title='bbox 147 1871 264 1908; x_wconf 77' lang='lat' dir='ltr'>etiam</span> <span class='ocrx_word' id='word_1_268' title='bbox 296 1871 395 1918; x_wconf 77' lang='lat' dir='ltr'>apud</span> <span class='ocrx_word' id='word_1_269' title='bbox 427 1870 719 1917; x_wconf 74' lang='lat' dir='ltr'>Aristophanem</span> <span class='ocrx_word' id='word_1_270' title='bbox 742 1872 911 1928; x_wconf 47' lang='grc' dir='ltr'><strong><em>’ποτῆται</em></strong></span> <span class='ocrx_word' id='word_1_271' title='bbox 942 1871 1212 1908; x_wconf 81' lang='lat' dir='ltr'>restituendum</span> <span class='ocrx_word' id='word_1_272' title='bbox 1245 1883 1337 1908; x_wconf 83' lang='lat' dir='ltr'>esse.</span> <span class='ocrx_word' id='word_1_273' title='bbox 1389 1871 1443 1907; x_wconf 82' lang='lat' dir='ltr'><strong><em>cf.</em></strong></span> <span class='ocrx_word' id='word_1_274' title='bbox 1480 1873 1568 1906; x_wconf 90' lang='lat' dir='ltr'>Zon.</span> <span class='ocrx_word' id='word_1_275' title='bbox 1598 1875 1681 1906; x_wconf 80' lang='lat'><strong>121:</strong></span> 
     </span>
     <span class='ocr_line' id='line_1_30' title="bbox 144 1915 1682 1966; baseline -0.002 -11"><span class='ocrx_word' id='word_1_276' title='bbox 144 1915 315 1965; x_wconf 77' lang='grc' dir='ltr'><strong><em>Ἅλκμᾶν·</em></strong></span> <span class='ocrx_word' id='word_1_277' title='bbox 363 1916 498 1964; x_wconf 79' lang='grc' dir='ltr'><strong><em>ὄρνεον</em></strong></span> <span class='ocrx_word' id='word_1_278' title='bbox 540 1922 786 1965; x_wconf 76' lang='grc' dir='ltr'><strong><em>θρηνητικον.</em></strong></span> <span class='ocrx_word' id='word_1_279' title='bbox 832 1919 898 1955; x_wconf 91' lang='lat' dir='ltr'><strong><em>ubi</em></strong></span> <span class='ocrx_word' id='word_1_280' title='bbox 936 1919 1149 1966; x_wconf 82' lang='lat' dir='ltr'>Goettling:</span> <span class='ocrx_word' id='word_1_281' title='bbox 1186 1917 1359 1955; x_wconf 81' lang='grc' dir='ltr'><strong><em>Ἀλκυοόν-</em></strong></span> <span class='ocrx_word' id='word_1_282' title='bbox 1393 1915 1425 1954; x_wconf 85' lang='grc' dir='ltr'><strong>ὀ.</strong></span> <span class='ocrx_word' id='word_1_283' title='bbox 1456 1921 1497 1954; x_wconf 73' lang='grc' dir='ltr'><strong>θ.</strong></span> <span class='ocrx_word' id='word_1_284' title='bbox 1528 1915 1682 1964; x_wconf 84' lang='grc' dir='ltr'><strong><em>Ἀλκμάν</em></strong></span> 
     </span>
     <span class='ocr_line' id='line_1_31' title="bbox 146 1962 1684 2013; baseline -0.001 -10"><span class='ocrx_word' id='word_1_285' title='bbox 146 1968 249 2003; x_wconf 83' lang='lat' dir='ltr'>recte</span> <span class='ocrx_word' id='word_1_286' title='bbox 274 1966 422 2003; x_wconf 83' lang='lat' dir='ltr'>videtur</span> <span class='ocrx_word' id='word_1_287' title='bbox 446 1966 645 2012; x_wconf 82' lang='lat' dir='ltr'>corrigere.</span> <span class='ocrx_word' id='word_1_288' title='bbox 671 1987 715 1993; x_wconf 92' lang='lat'><em>-</em></span> <span class='ocrx_word' id='word_1_289' title='bbox 744 1966 786 2002; x_wconf 94' lang='lat' dir='ltr'><strong><em>V.</em></strong></span> <span class='ocrx_word' id='word_1_290' title='bbox 813 1971 847 2002; x_wconf 84' lang='lat'><strong><em>4.</em></strong></span> <span class='ocrx_word' id='word_1_291' title='bbox 873 1966 1028 2013; x_wconf 73' lang='grc' dir='ltr'><strong><em>νηλεγὲς</em></strong></span> <span class='ocrx_word' id='word_1_292' title='bbox 1052 1967 1197 2013; x_wconf 82' lang='lat' dir='ltr'>scripsi,</span> <span class='ocrx_word' id='word_1_293' title='bbox 1231 1966 1360 2013; x_wconf 83' lang='lat' dir='ltr'>Antig.</span> <span class='ocrx_word' id='word_1_294' title='bbox 1392 1965 1539 2012; x_wconf 77' lang='grc' dir='ltr'><strong><em>νηλεὲς,</em></strong></span> <span class='ocrx_word' id='word_1_295' title='bbox 1571 1962 1684 2005; x_wconf 75' lang='grc' dir='ltr'><strong><em>ἀδεὲς</em></strong></span> 
     </span>
     <span class='ocr_line' id='line_1_32' title="bbox 146 2011 1679 2060; baseline -0.002 -9"><span class='ocrx_word' id='word_1_296' title='bbox 146 2014 304 2052; x_wconf 74' lang='lat' dir='ltr'>Photius</span> <span class='ocrx_word' id='word_1_297' title='bbox 327 2018 409 2059; x_wconf 79' lang='lat'>848,</span> <span class='ocrx_word' id='word_1_298' title='bbox 435 2018 498 2050; x_wconf 76' lang='lat'><strong><em>22:</em></strong></span> <span class='ocrx_word' id='word_1_299' title='bbox 524 2011 688 2059; x_wconf 82' lang='grc' dir='ltr'><strong><em>Ὄρνις·</em></strong></span> <span class='ocrx_word' id='word_1_300' title='bbox 722 2043 729 2051; x_wconf 97' lang='grc'><strong>.</strong></span> <span class='ocrx_word' id='word_1_301' title='bbox 758 2042 765 2050; x_wconf 95' lang='grc'><strong>.</strong></span> <span class='ocrx_word' id='word_1_302' title='bbox 795 2043 801 2050; x_wconf 96' lang='grc'><strong>.</strong></span> <span class='ocrx_word' id='word_1_303' title='bbox 835 2014 900 2050; x_wconf 74' lang='grc' dir='ltr'><strong><em>καὶ</em></strong></span> <span class='ocrx_word' id='word_1_304' title='bbox 932 2019 1092 2060; x_wconf 84' lang='grc' dir='ltr'><strong><em>Δωριεῖς</em></strong></span> <span class='ocrx_word' id='word_1_305' title='bbox 1123 2013 1246 2059; x_wconf 79' lang='grc' dir='ltr'><strong><em>ὄρνιξ,</em></strong></span> <span class='ocrx_word' id='word_1_306' title='bbox 1277 2011 1369 2060; x_wconf 78' lang='grc' dir='ltr'><strong><em>παρ’</em></strong></span> <span class='ocrx_word' id='word_1_307' title='bbox 1401 2011 1606 2060; x_wconf 83' lang='grc' dir='ltr'><strong><em>Ἀλκμᾶνι</em></strong></span> <span class='ocrx_word' id='word_1_308' title='bbox 1639 2012 1679 2048; x_wconf 77' lang='grc' dir='ltr'><strong><em>δὲ</em></strong></span> 
     </span>
     <span class='ocr_line' id='line_1_33' title="bbox 149 2057 1683 2108; baseline -0.002 -10"><span class='ocrx_word' id='word_1_309' title='bbox 149 2057 252 2105; x_wconf 75' lang='grc' dir='ltr'><strong><em>ἅπαξ</em></strong></span> <span class='ocrx_word' id='word_1_310' title='bbox 289 2058 435 2108; x_wconf 81' lang='grc' dir='ltr'><strong><em>ὅρνις·</em></strong></span> <span class='ocrx_word' id='word_1_311' title='bbox 472 2058 616 2102; x_wconf 55' lang='lat' dir='ltr'>’Adsis-</span> <span class='ocrx_word' id='word_1_312' title='bbox 646 2065 734 2105; x_wconf 64' lang='lat' dir='ltr'>nti„</span> <span class='ocrx_word' id='word_1_313' title='bbox 773 2062 871 2098; x_wconf 84' lang='lat' dir='ltr'>unde</span> <span class='ocrx_word' id='word_1_314' title='bbox 903 2062 1131 2099; x_wconf 79' lang='lat' dir='ltr'>Boissonade</span> <span class='ocrx_word' id='word_1_315' title='bbox 1163 2061 1297 2108; x_wconf 79' lang='grc' dir='ltr'><strong><em>νηδεές</em></strong></span> <span class='ocrx_word' id='word_1_316' title='bbox 1326 2062 1504 2105; x_wconf 84' lang='lat' dir='ltr'>coniecit,</span> <span class='ocrx_word' id='word_1_317' title='bbox 1536 2060 1683 2096; x_wconf 86' lang='lat' dir='ltr'>Hecker</span> 
     </span>
     <span class='ocr_line' id='line_1_34' title="bbox 149 2106 1681 2157; baseline -0.001 -13"><span class='ocrx_word' id='word_1_318' title='bbox 149 2107 323 2156; x_wconf 78' lang='grc' dir='ltr'><strong><em>νωλεμές.</em></strong></span> <span class='ocrx_word' id='word_1_319' title='bbox 372 2109 427 2146; x_wconf 85' lang='lat' dir='ltr'><strong><em>Cf.</em></strong></span> <span class='ocrx_word' id='word_1_320' title='bbox 452 2109 612 2155; x_wconf 72' lang='lat' dir='ltr'>Hesych.</span> <span class='ocrx_word' id='word_1_321' title='bbox 640 2108 827 2155; x_wconf 80' lang='grc' dir='ltr'><strong><em>Νηλεγές·</em></strong></span> <span class='ocrx_word' id='word_1_322' title='bbox 854 2107 1005 2157; x_wconf 84' lang='grc' dir='ltr'><strong><em>οἰκτρόν</em></strong></span> <span class='ocrx_word' id='word_1_323' title='bbox 1031 2111 1192 2155; x_wconf 87' lang='lat' dir='ltr'>(Alberti</span> <span class='ocrx_word' id='word_1_324' title='bbox 1216 2107 1423 2154; x_wconf 78' lang='grc' dir='ltr'><strong><em>ἅνοικτον),</em></strong></span> <span class='ocrx_word' id='word_1_325' title='bbox 1449 2106 1681 2154; x_wconf 78' lang='grc' dir='ltr'><strong><em>άθρήνητον.</em></strong></span> 
     </span>
     <span class='ocr_line' id='line_1_35' title="bbox 154 2153 1684 2202; baseline -0.001 -10"><span class='ocrx_word' id='word_1_326' title='bbox 154 2154 297 2193; x_wconf 69' lang='lat' dir='ltr'>Ultima</span> <span class='ocrx_word' id='word_1_327' title='bbox 319 2158 434 2193; x_wconf 80' lang='lat' dir='ltr'>verba</span> <span class='ocrx_word' id='word_1_328' title='bbox 458 2153 516 2193; x_wconf 80' lang='grc' dir='ltr'><strong><em>ἆλ.</em></strong></span> <span class='ocrx_word' id='word_1_329' title='bbox 542 2158 588 2193; x_wconf 77' lang='grc' dir='ltr'><strong><em>εἴ.</em></strong></span> <span class='ocrx_word' id='word_1_330' title='bbox 615 2153 650 2194; x_wconf 85' lang='grc' dir='ltr'><strong>ὅ.</strong></span> <span class='ocrx_word' id='word_1_331' title='bbox 681 2156 791 2194; x_wconf 76' lang='lat' dir='ltr'>affert</span> <span class='ocrx_word' id='word_1_332' title='bbox 821 2156 956 2194; x_wconf 79' lang='lat' dir='ltr'>Athen.</span> <span class='ocrx_word' id='word_1_333' title='bbox 983 2157 1034 2193; x_wconf 90' lang='lat' dir='ltr'><strong><em>IX</em></strong></span> <span class='ocrx_word' id='word_1_334' title='bbox 1060 2159 1190 2202; x_wconf 83' lang='grc'><strong><em>4731),</em></strong></span> <span class='ocrx_word' id='word_1_335' title='bbox 1222 2158 1370 2194; x_wconf 83' lang='lat' dir='ltr'>Hecker</span> <span class='ocrx_word' id='word_1_336' title='bbox 1395 2154 1498 2201; x_wconf 78' lang='grc' dir='ltr'><strong><em>ἱερὸς</em></strong></span> <span class='ocrx_word' id='word_1_337' title='bbox 1523 2154 1684 2201; x_wconf 79' lang='grc' dir='ltr'><strong><em>(ἴαρός)</em></strong></span> 
     </span>
     <span class='ocr_line' id='line_1_36' title="bbox 149 2201 1682 2251; baseline -0.001 -11"><span class='ocrx_word' id='word_1_338' title='bbox 149 2201 268 2250; x_wconf 83' lang='grc' dir='ltr'><strong><em>ὄρνις,</em></strong></span> <span class='ocrx_word' id='word_1_339' title='bbox 307 2204 466 2241; x_wconf 76' lang='lat' dir='ltr'>sortasse</span> <span class='ocrx_word' id='word_1_340' title='bbox 497 2206 617 2250; x_wconf 86' lang='lat' dir='ltr'>recte,</span> <span class='ocrx_word' id='word_1_341' title='bbox 648 2205 793 2241; x_wconf 83' lang='lat' dir='ltr'>Ahrens</span> <span class='ocrx_word' id='word_1_342' title='bbox 826 2203 954 2250; x_wconf 79' lang='grc' dir='ltr'><strong><em>εἰαρός</em></strong></span> <span class='ocrx_word' id='word_1_343' title='bbox 978 2206 1002 2241; x_wconf 89' lang='lat' dir='ltr'><strong><em>i.</em></strong></span> <span class='ocrx_word' id='word_1_344' title='bbox 1029 2217 1060 2241; x_wconf 90' lang='lat' dir='ltr'>e.</span> <span class='ocrx_word' id='word_1_345' title='bbox 1094 2203 1195 2251; x_wconf 87' lang='grc' dir='ltr'><strong><em>ἰερὸς</em></strong></span> <span class='ocrx_word' id='word_1_346' title='bbox 1220 2206 1297 2241; x_wconf 77' lang='lat' dir='ltr'>sive</span> <span class='ocrx_word' id='word_1_347' title='bbox 1324 2202 1466 2249; x_wconf 80' lang='grc' dir='ltr'><strong><em>διερὸς,</em></strong></span> <span class='ocrx_word' id='word_1_348' title='bbox 1493 2203 1557 2239; x_wconf 83' lang='lat' dir='ltr'>sed</span> <span class='ocrx_word' id='word_1_349' title='bbox 1586 2215 1682 2248; x_wconf 81' lang='lat' dir='ltr'>quae</span> 
     </span>
     <span class='ocr_line' id='line_1_37' title="bbox 150 2251 1387 2299; baseline 0 -12"><span class='ocrx_word' id='word_1_350' title='bbox 150 2251 196 2288; x_wconf 83' lang='lat' dir='ltr'>de</span> <span class='ocrx_word' id='word_1_351' title='bbox 222 2251 281 2287; x_wconf 88' lang='lat' dir='ltr'><strong><em>his</em></strong></span> <span class='ocrx_word' id='word_1_352' title='bbox 306 2251 499 2288; x_wconf 74' lang='lat' dir='ltr'>vocabulis</span> <span class='ocrx_word' id='word_1_353' title='bbox 524 2252 711 2297; x_wconf 81' lang='lat' dir='ltr'>disseruit,</span> <span class='ocrx_word' id='word_1_354' title='bbox 736 2253 961 2299; x_wconf 79' lang='lat' dir='ltr'>redarguere</span> <span class='ocrx_word' id='word_1_355' title='bbox 986 2264 1062 2288; x_wconf 91' lang='lat' dir='ltr'><strong><em>non</em></strong></span> <span class='ocrx_word' id='word_1_356' title='bbox 1087 2256 1144 2289; x_wconf 78' lang='lat' dir='ltr'>est</span> <span class='ocrx_word' id='word_1_357' title='bbox 1168 2253 1278 2288; x_wconf 84' lang='lat' dir='ltr'>huius</span> <span class='ocrx_word' id='word_1_358' title='bbox 1304 2252 1387 2288; x_wconf 89' lang='lat' dir='ltr'>loci.</span> 
     </span>
    </p>

    <p class='ocr_par' dir='ltr' id='par_1_8' title="bbox 150 2297 1682 2489">
     <span class='ocr_line' id='line_1_38' title="bbox 244 2297 1679 2346; baseline -0.001 -11"><span class='ocrx_word' id='word_1_359' title='bbox 244 2298 303 2335; x_wconf 81' lang='lat' dir='ltr'><strong><em>Fr.</em></strong></span> <span class='ocrx_word' id='word_1_360' title='bbox 329 2303 386 2336; x_wconf 79' lang='grc'><strong>27.</strong></span> <span class='ocrx_word' id='word_1_361' title='bbox 435 2298 589 2335; x_wconf 76' lang='lat' dir='ltr'>Aristid.</span> <span class='ocrx_word' id='word_1_362' title='bbox 618 2299 652 2335; x_wconf 87' lang='grc' dir='ltr'><strong>Π</strong></span> <span class='ocrx_word' id='word_1_363' title='bbox 676 2303 740 2337; x_wconf 78' lang='lat'><strong><em>40:</em></strong></span> <span class='ocrx_word' id='word_1_364' title='bbox 775 2301 832 2336; x_wconf 84' lang='grc' dir='ltr'><strong><em>Τί</em></strong></span> <span class='ocrx_word' id='word_1_365' title='bbox 853 2299 902 2336; x_wconf 73' lang='grc' dir='ltr'><strong><em>δὲ</em></strong></span> <span class='ocrx_word' id='word_1_366' title='bbox 929 2297 950 2336; x_wconf 80' lang='grc' dir='ltr'>ὁ</span> <span class='ocrx_word' id='word_1_367' title='bbox 977 2301 1062 2336; x_wconf 80' lang='grc' dir='ltr'><strong><em>τῶν</em></strong></span> <span class='ocrx_word' id='word_1_368' title='bbox 1088 2301 1340 2346; x_wconf 76' lang='grc' dir='ltr'><strong><em>παρθένων</em></strong></span> <span class='ocrx_word' id='word_1_369' title='bbox 1361 2297 1611 2344; x_wconf 74' lang='grc' dir='ltr'><strong><em>ἐπαινέτης</em></strong></span> <span class='ocrx_word' id='word_1_370' title='bbox 1636 2312 1679 2333; x_wconf 83' lang='grc' dir='ltr'><strong><em>τε</em></strong></span> 
     </span>
     <span class='ocr_line' id='line_1_39' title="bbox 150 2344 1682 2395; baseline -0.001 -12"><span class='ocrx_word' id='word_1_371' title='bbox 150 2349 242 2389; x_wconf 77' lang='grc' dir='ltr'><strong><em>καὶ,</em></strong></span> <span class='ocrx_word' id='word_1_372' title='bbox 265 2344 523 2394; x_wconf 75' lang='grc' dir='ltr'><strong><em>σύμβουλος</em></strong></span> <span class='ocrx_word' id='word_1_373' title='bbox 559 2344 662 2392; x_wconf 78' lang='grc' dir='ltr'><strong><em>λέγει</em></strong></span> <span class='ocrx_word' id='word_1_374' title='bbox 697 2344 719 2384; x_wconf 85' lang='grc' dir='ltr'><strong>ὁ</strong></span> <span class='ocrx_word' id='word_1_375' title='bbox 758 2346 1133 2395; x_wconf 76' lang='grc' dir='ltr'><strong><em>Λακεδαιμόνιος</em></strong></span> <span class='ocrx_word' id='word_1_376' title='bbox 1176 2346 1384 2394; x_wconf 82' lang='grc' dir='ltr'><strong><em>ποιητής;</em></strong></span> <span class='ocrx_word' id='word_1_377' title='bbox 1425 2345 1575 2383; x_wconf 75' lang='grc' dir='ltr'><strong><em>Πολλὰ</em></strong></span> <span class='ocrx_word' id='word_1_378' title='bbox 1612 2345 1682 2382; x_wconf 81' lang='grc' dir='ltr'><strong><em>λέ-</em></strong></span> 
     </span>
     <span class='ocr_line' id='line_1_40' title="bbox 150 2391 1682 2489; baseline -0.001 -12"><span class='ocrx_word' id='word_1_379' title='bbox 150 2397 342 2478; x_wconf 57' lang='grc' dir='ltr'><strong><em>ζεέῑῑὲι</em></strong></span> <span class='ocrx_word' id='word_1_380' title='bbox 365 2391 1001 2488; x_wconf 57' lang='lat' dir='ltr'><strong><em>3⁰22‘32.23⁶‘}f.;³23z?.⁰.2⁸2535.1.</em></strong></span> <span class='ocrx_word' id='word_1_381' title='bbox 1019 2391 1682 2489; x_wconf 48' lang='lat' dir='ltr'><strong><em>v&amp;222322-‘2235352‘ff“nme</em></strong></span> 
     </span>
    </p>

    <p class='ocr_par' dir='ltr' id='par_1_9' title="bbox 149 2469 1681 2583">
     <span class='ocr_line' id='line_1_41' title="bbox 316 2469 1619 2486; baseline 0 -8"><span class='ocrx_word' id='word_1_382' title='bbox 316 2469 341 2478; x_wconf 88' lang='lat'><strong><em>..</em></strong></span> <span class='ocrx_word' id='word_1_383' title='bbox 571 2469 578 2477; x_wconf 95' lang='lat'>.</span> <span class='ocrx_word' id='word_1_384' title='bbox 1006 2472 1013 2479; x_wconf 90' lang='lat'>.</span> <span class='ocrx_word' id='word_1_385' title='bbox 1079 2473 1087 2480; x_wconf 93' lang='lat'>.</span> <span class='ocrx_word' id='word_1_386' title='bbox 1380 2471 1388 2478; x_wconf 94' lang='lat'>.</span> <span class='ocrx_word' id='word_1_387' title='bbox 1609 2470 1619 2486; x_wconf 90' lang='lat'>,</span> 
     </span>
     <span class='ocr_line' id='line_1_42' title="bbox 149 2472 1681 2573; baseline -0.001 -48"><span class='ocrx_word' id='word_1_388' title='bbox 149 2486 313 2546; x_wconf 52' lang='lat' dir='ltr'><strong><em>&amp;papst</em></strong></span> <span class='ocrx_word' id='word_1_389' title='bbox 341 2486 639 2573; x_wconf 52' lang='lat' dir='ltr'><strong><em>-&#39;1{“⁶‘z⁰²⁰⁷³oe</em></strong></span> <span class='ocrx_word' id='word_1_390' title='bbox 664 2490 867 2537; x_wconf 73' lang='lat' dir='ltr'>Hermann,</span> <span class='ocrx_word' id='word_1_391' title='bbox 890 2491 982 2527; x_wconf 82' lang='grc' dir='ltr'><strong><em>πᾶσι</em></strong></span> <span class='ocrx_word' id='word_1_392' title='bbox 1008 2472 1130 2537; x_wconf 55' lang='grc' dir='ltr'><strong><em>ᾆαρηά</em></strong></span> <span class='ocrx_word' id='word_1_393' title='bbox 1159 2492 1202 2536; x_wconf 88' lang='grc' dir='ltr'><strong><em>Θ,</em></strong></span> <span class='ocrx_word' id='word_1_394' title='bbox 1234 2488 1335 2538; x_wconf 85' lang='grc' dir='ltr'><strong><em>πάσῃ</em></strong></span> <span class='ocrx_word' id='word_1_395' title='bbox 1362 2487 1455 2537; x_wconf 81' lang='grc' dir='ltr'><strong><em>χάσῇ</em></strong></span> <span class='ocrx_word' id='word_1_396' title='bbox 1483 2490 1606 2535; x_wconf 79' lang='grc' dir='ltr'><strong><em>χαρῆα</em></strong></span> <span class='ocrx_word' id='word_1_397' title='bbox 1633 2489 1681 2533; x_wconf 86' lang='grc' dir='ltr'><strong><em>Μ,</em></strong></span> 
     </span>
     <span class='ocr_line' id='line_1_43' title="bbox 149 2549 646 2583; baseline 0.004 -11"><span class='ocrx_word' id='word_1_398' title='bbox 149 2549 250 2583; x_wconf 83' lang='grc' dir='ltr'><strong><em>παση</em></strong></span> <span class='ocrx_word' id='word_1_399' title='bbox 277 2550 400 2583; x_wconf 76' lang='grc' dir='ltr'><strong><em>χαρηα</em></strong></span> <span class='ocrx_word' id='word_1_400' title='bbox 459 2566 467 2574; x_wconf 94' lang='grc'><strong>.</strong></span> <span class='ocrx_word' id='word_1_401' title='bbox 640 2562 646 2568; x_wconf 80' lang='lat'><em>-</em></span> 
     </span>
    </p>

    <p class='ocr_par' dir='ltr' id='par_1_10' title="bbox 149 2581 1684 2679">
     <span class='ocr_line' id='line_1_44' title="bbox 245 2581 1684 2631; baseline 0 -11"><span class='ocrx_word' id='word_1_402' title='bbox 245 2585 306 2620; x_wconf 78' lang='lat' dir='ltr'><strong><em>Fr.</em></strong></span> <span class='ocrx_word' id='word_1_403' title='bbox 326 2588 383 2621; x_wconf 87' lang='grc'><strong>28.</strong></span> <span class='ocrx_word' id='word_1_404' title='bbox 420 2584 557 2622; x_wconf 82' lang='lat' dir='ltr'>Athen.</span> <span class='ocrx_word' id='word_1_405' title='bbox 578 2584 629 2620; x_wconf 91' lang='lat' dir='ltr'><strong><em>IX</em></strong></span> <span class='ocrx_word' id='word_1_406' title='bbox 650 2589 719 2620; x_wconf 78' lang='lat'><strong><em>3⁷3</em></strong></span> <span class='ocrx_word' id='word_1_407' title='bbox 735 2584 782 2622; x_wconf 82' lang='lat' dir='ltr'><strong><em>E:</em></strong></span> <span class='ocrx_word' id='word_1_408' title='bbox 798 2582 880 2622; x_wconf 85' lang='grc' dir='ltr'><strong><em>Ὅτι</em></strong></span> <span class='ocrx_word' id='word_1_409' title='bbox 905 2585 947 2622; x_wconf 78' lang='grc' dir='ltr'><strong><em>δὲ</em></strong></span> <span class='ocrx_word' id='word_1_410' title='bbox 974 2586 1040 2622; x_wconf 75' lang='grc' dir='ltr'><strong><em>καὶ</em></strong></span> <span class='ocrx_word' id='word_1_411' title='bbox 1066 2583 1128 2623; x_wconf 75' lang='grc' dir='ltr'><strong><em>ἐπὶ</em></strong></span> <span class='ocrx_word' id='word_1_412' title='bbox 1154 2587 1221 2622; x_wconf 80' lang='grc' dir='ltr'><strong><em>τοῦ</em></strong></span> <span class='ocrx_word' id='word_1_413' title='bbox 1241 2584 1501 2631; x_wconf 76' lang='grc' dir='ltr'><strong><em>πληθυντικοῦ</em></strong></span> <span class='ocrx_word' id='word_1_414' title='bbox 1529 2581 1684 2629; x_wconf 81' lang='grc' dir='ltr'><strong><em>ὄρνεις</em></strong></span> 
     </span>
     <span class='ocr_line' id='line_1_45' title="bbox 149 2629 1681 2679; baseline 0 -12"><span class='ocrx_word' id='word_1_415' title='bbox 149 2629 335 2678; x_wconf 76' lang='grc' dir='ltr'><strong><em>λέγουσιν,</em></strong></span> <span class='ocrx_word' id='word_1_416' title='bbox 359 2630 557 2678; x_wconf 80' lang='grc' dir='ltr'><strong><em>πρόκειται</em></strong></span> <span class='ocrx_word' id='word_1_417' title='bbox 582 2630 624 2667; x_wconf 85' lang='grc' dir='ltr'><strong><em>τὸ</em></strong></span> <span class='ocrx_word' id='word_1_418' title='bbox 651 2630 917 2679; x_wconf 81' lang='grc' dir='ltr'><strong><em>Μενάνδρειον</em></strong></span> <span class='ocrx_word' id='word_1_419' title='bbox 942 2633 1156 2679; x_wconf 84' lang='grc' dir='ltr'><strong><em>μαρτύριον.</em></strong></span> <span class='ocrx_word' id='word_1_420' title='bbox 1190 2631 1284 2669; x_wconf 79' lang='grc' dir='ltr'><strong><em>ἀλλὰ</em></strong></span> <span class='ocrx_word' id='word_1_421' title='bbox 1311 2632 1375 2668; x_wconf 79' lang='grc' dir='ltr'><strong><em>καὶ</em></strong></span> <span class='ocrx_word' id='word_1_422' title='bbox 1398 2629 1581 2677; x_wconf 76' lang='grc' dir='ltr'><strong><em>Ἀλκμάν</em></strong></span> <span class='ocrx_word' id='word_1_423' title='bbox 1607 2639 1681 2667; x_wconf 70' lang='grc' dir='ltr'><strong><em>που</em></strong></span> 
     </span>
    </p>

    <p class='ocr_par' dir='ltr' id='par_1_11' title="bbox 149 2678 1682 2921">
     <span class='ocr_line' id='line_1_46' title="bbox 181 2678 1682 2727; baseline 0 -13"><span class='ocrx_word' id='word_1_424' title='bbox 181 2680 260 2725; x_wconf 78' lang='grc' dir='ltr'><strong><em>ησί·</em></strong></span> <span class='ocrx_word' id='word_1_425' title='bbox 292 2680 448 2715; x_wconf 82' lang='grc' dir='ltr'><strong><em>Λῦσαν</em></strong></span> <span class='ocrx_word' id='word_1_426' title='bbox 478 2683 554 2716; x_wconf 86' lang='grc' dir='ltr'><strong><em>κτλ.</em></strong></span> <span class='ocrx_word' id='word_1_427' title='bbox 605 2680 739 2716; x_wconf 84' lang='grc' dir='ltr'><strong><em>Δῦσαν</em></strong></span> <span class='ocrx_word' id='word_1_428' title='bbox 770 2681 919 2727; x_wconf 87' lang='lat' dir='ltr'>scripsi,</span> <span class='ocrx_word' id='word_1_429' title='bbox 952 2681 1122 2726; x_wconf 74' lang='lat' dir='ltr'>quamvis</span> <span class='ocrx_word' id='word_1_430' title='bbox 1154 2681 1302 2717; x_wconf 82' lang='lat' dir='ltr'>brevior</span> <span class='ocrx_word' id='word_1_431' title='bbox 1333 2680 1454 2716; x_wconf 79' lang='lat' dir='ltr'>forma</span> <span class='ocrx_word' id='word_1_432' title='bbox 1484 2678 1577 2715; x_wconf 76' lang='grc' dir='ltr'><strong><em>ἔδυν</em></strong></span> <span class='ocrx_word' id='word_1_433' title='bbox 1607 2690 1682 2715; x_wconf 89' lang='lat' dir='ltr'><strong><em>non</em></strong></span> 
     </span>
     <span class='ocr_line' id='line_1_47' title="bbox 170 2726 1680 2773; baseline 0.001 -11"><span class='ocrx_word' id='word_1_434' title='bbox 170 2728 293 2763; x_wconf 78' lang='grc' dir='ltr'><strong><em>δνσαν</em></strong></span> <span class='ocrx_word' id='word_1_435' title='bbox 318 2727 461 2764; x_wconf 71' lang='lat' dir='ltr'>usitato.</span> <span class='ocrx_word' id='word_1_436' title='bbox 485 2727 543 2764; x_wconf 86' lang='lat' dir='ltr'>sit.</span> <span class='ocrx_word' id='word_1_437' title='bbox 584 2726 761 2763; x_wconf 87' lang='lat' dir='ltr'>Welcker</span> <span class='ocrx_word' id='word_1_438' title='bbox 786 2728 894 2773; x_wconf 88' lang='lat' dir='ltr'>(Mus.</span> <span class='ocrx_word' id='word_1_439' title='bbox 923 2728 992 2764; x_wconf 87' lang='lat' dir='ltr'><strong><em>Rh.</em></strong></span> <span class='ocrx_word' id='word_1_440' title='bbox 1018 2728 1052 2763; x_wconf 90' lang='lat' dir='ltr'>X</span> <span class='ocrx_word' id='word_1_441' title='bbox 1077 2731 1161 2772; x_wconf 78' lang='lat'>406)</span> <span class='ocrx_word' id='word_1_442' title='bbox 1193 2728 1331 2763; x_wconf 76' lang='lat' dir='ltr'><strong><em>frustra</em></strong></span> <span class='ocrx_word' id='word_1_443' title='bbox 1361 2727 1529 2763; x_wconf 79' lang='lat' dir='ltr'>defendit</span> <span class='ocrx_word' id='word_1_444' title='bbox 1552 2727 1680 2764; x_wconf 79' lang='grc' dir='ltr'><strong><em>λῦσαν.</em></strong></span> 
     </span>
     <span class='ocr_line' id='line_1_48' title="bbox 153 2767 1682 2822; baseline -0.001 -12"><span class='ocrx_word' id='word_1_445' title='bbox 153 2773 252 2810; x_wconf 88' lang='lat' dir='ltr'>Olim</span> <span class='ocrx_word' id='word_1_446' title='bbox 272 2767 395 2811; x_wconf 79' lang='grc' dir='ltr'><strong><em>αὖσαν</em></strong></span> <span class='ocrx_word' id='word_1_447' title='bbox 414 2775 558 2821; x_wconf 76' lang='lat' dir='ltr'>scripsi,</span> <span class='ocrx_word' id='word_1_448' title='bbox 585 2778 623 2811; x_wconf 89' lang='lat' dir='ltr'>et</span> <span class='ocrx_word' id='word_1_449' title='bbox 642 2786 665 2810; x_wconf 80' lang='lat' dir='ltr'>a</span> <span class='ocrx_word' id='word_1_450' title='bbox 685 2786 743 2810; x_wconf 89' lang='lat' dir='ltr'>me</span> <span class='ocrx_word' id='word_1_451' title='bbox 763 2775 927 2811; x_wconf 86' lang='lat' dir='ltr'>monitus</span> <span class='ocrx_word' id='word_1_452' title='bbox 952 2775 1148 2822; x_wconf 78' lang='lat' dir='ltr'>proposuit</span> <span class='ocrx_word' id='word_1_453' title='bbox 1173 2774 1446 2818; x_wconf 81' lang='lat' dir='ltr'>Schneidewin,</span> <span class='ocrx_word' id='word_1_454' title='bbox 1472 2775 1532 2811; x_wconf 84' lang='lat' dir='ltr'>vel</span> <span class='ocrx_word' id='word_1_455' title='bbox 1556 2775 1682 2821; x_wconf 78' lang='lat' dir='ltr'>potius</span> 
     </span>
     <span class='ocr_line' id='line_1_49' title="bbox 149 2818 1681 2869; baseline 0 -13"><span class='ocrx_word' id='word_1_456' title='bbox 149 2818 272 2858; x_wconf 78' lang='grc' dir='ltr'><strong><em>ἅῢσαν</em></strong></span> <span class='ocrx_word' id='word_1_457' title='bbox 305 2819 498 2869; x_wconf 82' lang='grc' dir='ltr'><strong><em>ἄπρακτα,</em></strong></span> <span class='ocrx_word' id='word_1_458' title='bbox 537 2822 841 2868; x_wconf 79' lang='lat' dir='ltr'>quandoquidem</span> <span class='ocrx_word' id='word_1_459' title='bbox 879 2823 973 2858; x_wconf 81' lang='lat' dir='ltr'>alias</span> <span class='ocrx_word' id='word_1_460' title='bbox 1009 2823 1206 2868; x_wconf 73' lang='lat' dir='ltr'>trisyllaba.</span> <span class='ocrx_word' id='word_1_461' title='bbox 1235 2823 1383 2864; x_wconf 73' lang='lat' dir='ltr'>tantum</span> <span class='ocrx_word' id='word_1_462' title='bbox 1416 2823 1537 2858; x_wconf 73' lang='lat' dir='ltr'>forma</span> <span class='ocrx_word' id='word_1_463' title='bbox 1568 2826 1681 2859; x_wconf 78' lang='lat' dir='ltr'>extat.</span> 
     </span>
     <span class='ocr_line' id='line_1_50' title="bbox 151 2867 1680 2921; baseline 0.001 -18"><span class='ocrx_word' id='word_1_464' title='bbox 151 2867 203 2903; x_wconf 77' lang='lat' dir='ltr'><strong><em>At</em></strong></span> <span class='ocrx_word' id='word_1_465' title='bbox 226 2868 263 2905; x_wconf 88' lang='lat' dir='ltr'><strong><em>iu</em></strong></span> <span class='ocrx_word' id='word_1_466' title='bbox 288 2868 360 2906; x_wconf 75' lang='lat' dir='ltr'><strong><em>hac</em></strong></span> <span class='ocrx_word' id='word_1_467' title='bbox 385 2870 664 2916; x_wconf 73' lang='lat' dir='ltr'>comparatione</span> <span class='ocrx_word' id='word_1_468' title='bbox 689 2870 833 2906; x_wconf 85' lang='lat' dir='ltr'>timoris</span> <span class='ocrx_word' id='word_1_469' title='bbox 859 2871 983 2916; x_wconf 83' lang='lat' dir='ltr'>potius</span> <span class='ocrx_word' id='word_1_470' title='bbox 1010 2882 1121 2915; x_wconf 77' lang='lat' dir='ltr'>quam</span> <span class='ocrx_word' id='word_1_471' title='bbox 1149 2870 1323 2906; x_wconf 78' lang='lat' dir='ltr'>clamoris</span> <span class='ocrx_word' id='word_1_472' title='bbox 1349 2870 1427 2906; x_wconf 75' lang='lat' dir='ltr'>fleri</span> <span class='ocrx_word' id='word_1_473' title='bbox 1458 2870 1555 2907; x_wconf 88' lang='lat' dir='ltr'>solet</span> <span class='ocrx_word' id='word_1_474' title='bbox 1580 2882 1680 2921; x_wconf 76' lang='lat' dir='ltr'>men-</span> 
     </span>
    </p>
   </div>
  </div>
 </body>
</html>
