1864 3126
184 138 271 180 262
514 182 516 186 .
747 136 938 174 POETAE
965 136 1142 173 MEmcI.

278 244 383 303 πρὶν
415 244 496 301 μὲν
522 238 642 302 ἔχων
673 245 928 302 βερβέριον,
959 242 1207 302 καλύμματ’
1243 244 1554 301 ἐσφηκωμένα,

278 316 351 359 καὶ
384 317 590 368 ξυλίνους
621 314 930 373 ἀστραγάλους
961 317 1009 360 ἐν
1042 313 1144 372 ὠσί,
1176 315 1248 359 καὶ
1280 315 1414 369 ψιλὸν
1445 319 1549 374 περί

239 399 259 429 5
399 388 613 444 πλευρῇσι
645 385 789 444 (δέρμ’
825 385 913 444 ᾔει)
945 383 1072 443 βοός,

279 456 506 513 νήπλυτον
539 462 695 513 εἴλυμα
725 460 862 514 κακῆς
894 455 1101 513 ἀσπίδος,
1133 456 1432 515 ἀρτοπώλισιν

280 525 687 584 κάθελοπόρνοισιν
721 526 911 585 ὁμιλέων
944 526 967 572 ὁ
1002 526 1197 586 πονηρὸς
1224 526 1464 586 Ἀρτέμων,

335 600 340 604 “
399 601 616 655 κίβδηλον
648 597 867 656 εὑρίσκων
898 602 1018 655 βίον·

280 667 423 713 πολλὰ
454 669 535 726 μὲν
568 671 616 714 ἐν
649 670 779 728 δουρὶ
812 670 961 722 δεθεὶς
993 668 1180 727 αὐχένα,
1219 669 1361 714 πολλὰ
1393 668 1434 714 δ’
1470 672 1518 716 ἐν
1549 675 1712 733 τροχῷ,

219 752 261 784 10
281 739 422 784 πολλὰ
457 740 506 784 δὲ
535 742 683 785 νῶτον
716 744 899 798 σκυτίνῃ
932 740 1111 798 μάστιγι
1142 745 1410 798 θωμιχθείς,
1442 737 1586 799 κόμην

399 810 592 867 πώγωνά
623 810 661 855 τ’
697 812 1006 868 ἐκτετιλμένος.

283 884 370 926 νῦν
402 880 443 926 δ’
479 883 695 938 ἐπιβαίνει
727 883 966 938 σατινέων,
998 882 1163 940 χρύσεα
1196 884 1373 942 φορέων
1405 885 1661 942 καθέρματα

282 954 384 1006 πάϊς
414 953 587 1010 Κύκης,
619 954 693 998 καὶ
725 950 1315 1013 σκιαδίσκηνέλεφαντίνην
1348 964 1481 1013 φορεῖ

401 1024 607 1082 γυναιξὶν
639 1022 794 1077 αὕτως.

191 1191 314 1226 dictus
340 1191 412 1226 est:
440 1201 527 1226 nam
546 1190 585 1225 in
604 1191 676 1226 hoc
701 1189 851 1235 quidem
872 1190 1033 1226 carmine
1053 1203 1127 1227 non
1146 1192 1314 1237 lecticae,
1333 1193 1399 1228 sed
1418 1193 1592 1230 curriculi
1611 1206 1717 1229 usum

193 1238 394 1283 ‹xprobrat
418 1237 561 1273 homini
587 1237 820 1282 effeminato,
846 1237 891 1273 cf.
917 1238 1153 1274 Heraclidem
1171 1239 1367 1275 Ponticum
1387 1252 1446 1286 ap.
1466 1240 1563 1278 Plut.
1583 1241 1714 1277 Pericl.

193 1290 250 1330 27,
276 1285 340 1330 qui
366 1285 538 1342 quidem
542 1286 646 1320 locus
665 1284 757 1320 vitio
777 1285 975 1321 manifesto
993 1286 1152 1330 laborat,
1177 1298 1264 1322 nam
1283 1287 1397 1324 verba
1414 1289 1559 1347 χαλκῆν
1575 1285 1717 1324 ἀσπίδα

194 1333 259 1377 τῆς
291 1332 458 1390 κεφαλῆς
490 1328 608 1367 αὐτοῦ
643 1333 748 1368 δυεῖν
780 1331 936 1367 οἰκετῶν
967 1330 1242 1378 υπερεχόντων,
1271 1330 1362 1370 ὥστε
1396 1334 1514 1381 μηδὲν
1542 1333 1717 1381 ἐμπεσεῖν

194 1380 268 1414 τῶν
294 1376 450 1415 ἄνωθεν
476 1379 600 1415 aliena
623 1381 710 1415 sunt
734 1391 757 1416 a
780 1379 926 1415 Pontici
951 1381 1181 1417 narratione·
1214 1382 1386 1427 Ephorus
1415 1383 1510 1418 haec
1541 1383 1586 1418 de
1613 1384 1717 1419 Arte-

193 1438 302 1462 mone
327 1426 555 1472 mechanico,
569 1438 679 1472 quem
698 1426 853 1465 Periclis
873 1428 1067 1484 aequalem
1087 1427 1201 1464 fuisse
1220 1429 1396 1484 prodidit,
1422 1429 1577 1475 dixerat,
1603 1432 1717 1476 atquc

190 1474 257 1509 illa
281 1475 397 1510 verba
422 1474 643 1510 collocanda
667 1476 755 1510 sunt
779 1476 864 1520 post
894 1471 1151 1520 ὀνομάζεσθαι
1176 1474 1449 1522 περιφόρητον.
1475 1479 1609 1523 postea
1632 1477 1718 1514 sub

190 1521 280 1557 iecit
298 1521 532 1565 Plutarchus,
559 1532 654 1566 quae
673 1521 889 1557 Heraclides
909 1523 1039 1557 contra
1057 1523 1085 1557 E
1089 1522 1247 1568 phorum
1267 1523 1533 1570 disputaverat.
1556 1546 1600 1551 —
1619 1525 1663 1561 V.
1685 1529 1718 1561 3.

197 1567 389 1616 βερβέριον
409 1568 551 1613 ABPV,
578 1569 777 1626 βερβέρινα
796 1569 837 1612 L,
863 1568 1058 1627 κερβέριον
1078 1535 1419 1628 Spchweighaeuser.
1441 1593 1482 1597 —-
1504 1569 1716 1630 καλύμματ’

193 1617 242 1660 L,
280 1616 343 1651 sed
379 1616 475 1673 ΒΡῨ
506 1614 681 1662 καλυμμα
713 1630 761 1659 τ,
798 1616 971 1673 Hartung
1007 1614 1233 1662 κανδύματῖ
1272 1617 1443 1654 Meineke
1474 1617 1649 1665 κάλυμμα
1682 1615 1716 1655 τ’

193 1661 475 1709 έσφηκωμένον
509 1684 552 1689 -—
587 1663 631 1699 V.
657 1668 689 1699 4.
723 1660 807 1707 ὠσί,
840 1663 869 1697 Β
896 1660 997 1699 ωσίν.
1036 1685 1079 1690 —
1118 1664 1161 1700 V.
1194 1669 1227 1701 5.
1261 1662 1369 1711 δέρμ’
1403 1663 1464 1712 ᾔει
1497 1667 1574 1702 sive
1607 1664 1715 1713 δέρμ’

192 1710 259 1756 ἔβη
285 1711 393 1746 malis
419 1711 541 1746 adieci
571 1712 614 1746 ut
644 1712 683 1747 et
708 1722 835 1746 versus
866 1722 1059 1747 numerum
1087 1713 1125 1747 et
1156 1713 1379 1749 sententiam
1405 1713 1718 1759 redintegrat-em:

191 1769 277 1793 nam
303 1758 457 1794 verbum
482 1755 543 1805 ἤει
573 1759 636 1794 vel
665 1759 742 1794 tale
775 1757 866 1803 quid
897 1758 1046 1795 omnino
1072 1759 1284 1805 requiritur,
1315 1761 1491 1806 quoniam
1521 1762 1609 1797 ante
1634 1763 1719 1797 acta

191 1806 271 1841 vita
295 1806 506 1841 Artemonis
533 1804 766 1848 describitur,
813 1807 918 1841 ostea
942 1807 1028 1842 inde
1048 1818 1070 1842 a
1095 1819 1129 1843 v.
1152 1811 1195 1842 12
1221 1819 1394 1852 praesens
1414 1808 1580 1844 conditio
1599 1807 1717 1844 homi-

192 1852 249 1888 nis
275 1852 392 1888 oculis
418 1853 612 1888 subiicitur
635 1853 705 1888 νῦν
725 1850 762 1888 δ’
785 1853 984 1900 επιβαίνει.
1027 1854 1142 1890 Nullo
1167 1853 1282 1900 igitur
1306 1858 1416 1901 pacto
1442 1868 1476 1892 v.
1496 1860 1611 1891 3—11
1633 1867 1718 1892 con·
1750 1882 1760 1885 s-

191 1899 344 1953 iungere
369 1900 458 1935 licet
483 1911 567 1954 curn
591 1898 695 1946 μέλει
719 1901 962 1957 v.1;atque
989 1901 1135 1937 etiamsi
1159 1914 1192 1938 v
1222 1906 1239 1937 1
1267 1905 1306 1938 et
1330 1907 1351 1938 2
1386 1903 1434 1939 ab
1460 1903 1530 1938 hoc
1556 1903 1719 1939 carmine

193 1946 407 1990 seiunxeris,
434 1947 494 1982 vel
520 1947 572 1982 sic
597 1948 710 1983 verbo
736 1944 798 1994 ᾔει
820 1959 896 1983 11011
914 1959 1111 2005 possumus
1132 1960 1267 1984 carere.
1306 1950 1428 1986 Antea
1452 1950 1719 1995 011111ον11οο11-

193 2006 279 2038 nam
309 1975 490 2030 voca’bulo
526 1993 690 2054 δέρριον,
721 1984 953 2031 Schoemann
984 1993 1184 2041 δερμάτιον
1210 1996 1431 2033 adversante
1455 1998 1595 2037 metro,
1627 1997 1718 2033 Mei-

189 2041 285 2077 neke
312 2038 420 2087 δέρμ’
451 2040 558 2098 ἔχων,
584 2041 650 2077 ubi
677 2041 771 2087 ἔχων
796 2053 946 2098 prorsus
972 2042 1141 2080 otiosum.
1169 2064 1207 2068 —
1239 2043 1284 2079 V.
1311 2049 1342 2079 6.
1369 2042 1553 2089 νήπλυτον
1581 2025 1718 2080 Schoe-

191 2100 315 2132 mann,
346 2089 445 2124 APV
469 2086 714 2133 νεόπλουτον,
747 2088 804 2124 CL
837 2086 1062 2133 νεόπλντον,
1093 2091 1266 2136 Hartung
1291 2087 1495 2134 κόίπλυτον,
1521 2102 1590 2137 ego
1616 2090 1717 2127 νεό-

190 2139 239 2171 λυ
251 2149 327 2171 τον
353 2136 506 2172 conieci.
535 2156 578 2162 -
603 2137 738 2182 εἴλυμα
763 2135 837 2177 AO,
863 2136 997 2182 εἷλυμα
1023 2137 1064 2183 B,
1090 2138 1226 2183 εἶ’λημα
1250 2137 1356 2175 PVL.
1390 2160 1433 2164 -
1468 2135 1718 2184 ἀρτοπώλισιν

190 2185 234 2227 A,
259 2196 307 2228 αρ
309 2179 530 2218 τοπώλοισιν
554 2183 662 2229 BPV‚
687 2151 945 2240 αρτοπώλησιν
970 2184 1040 2220 CL.
1067 2205 1111 2211 —
1136 2184 1181 2222 V.
1203 2189 1235 2221 ’1.
1260 2181 1607 2242 κάθελοπόρνοισιν
1632 2186 1719 2222 scri-

185 2197 582 2288 ,Ρε1,κήθ.Ε1111010)1γ,
607 2231 672 2266 καὶ
698 2228 1006 2289 έθέλοπόρνοισιν
1033 2232 1157 2278 vulgo,
1183 2232 1247 2268 καὶ
1268 2229 1558 2276 ἐθελοπόροισιν
1577 2233 1651 2270 PV.
1673 2253 1717 2260 -—

185 2275 365 2335 Ἀρτέμων
391 2277 471 2321 VL,
497 2279 562 2314 sed
586 2279 681 2313 ABP
706 2276 725 2314 ὁ
750 2276 803 2323 Ἀρ
783 2277 938 2324 ρτέμων
970 2299 1014 2305 -
1046 2278 1090 2315 V.
1119 2284 1151 2315 8.
1185 2276 1386 2326 εὑρίσκων,
1421 2281 1530 2316 Blass
1561 2281 1720 2316 coniecit

191 2322 373 2367 εὕρισκεν.
400 2346 446 2351 --
471 2326 515 2361 V
543 2330 575 2361 9.
602 2325 732 2367 δεθεὶς
757 2326 983 2361 Herwerden
1008 2328 1046 2362 et
1071 2327 1190 2363 Cobet
1219 2293 1523 2371 eQmendaverunt,
1556 2327 1644 2363 libri
1668 2341 1718 2363 τι·

190 2373 288 2431 θείς,
306 2393 353 2398 --
379 2372 421 2409 V.
451 2377 504 2409 10.
538 2371 580 2408 δὲ
606 2374 727 2408 νῶτον
753 2373 900 2419 scripsi,
924 2373 1091 2419 Elmsley
1122 2372 1164 2410 δε
1190 2374 1308 2418 νῶτα,
1339 2375 1369 2410 P
1394 2373 1436 2410 δε
1463 2372 1587 2420 νώτῳ,
1620 2375 1650 2410 Β
1675 2371 1714 2410 δ’

193 2416 234 2455 ἐν
260 2433 353 2464 ωτω,
379 2420 440 2455 VL
462 2417 499 2455 δ’
529 2417 570 2456 ἐν
589 2417 704 2468 νώτῳ.
726 2442 769 2446 -
795 2422 948 2467 σκυτίνῃ
969 2421 1142 2466 Elmsley‚
1168 2421 1267 2457 ABV
1285 2423 1457 2480 σκυτίνφ,
1483 2422 1512 2456 Ρ
1531 2423 1713 2470 σκνθίνφ,

192 2467 220 2501 L
246 2468 413 2516 σκυτίνα.
440 2487 484 2493 -
509 2457 733 2513 θωμιχθείς,
758 2468 787 2502 Ρ
812 2469 1013 2527 θωμιθείς,
1039 2489 1083 2494 -
1113 2468 1156 2504 V.
1185 2473 1239 2504 12.
1265 2458 1446 2505 σατινέων
1471 2469 1544 2514 PL,
1570 2481 1713 2504 σατινε-

192 2527 254 2549 ται
272 2513 316 2549 V.
343 2535 387 2540 --
414 2514 563 2559 φορέων
589 2515 628 2558 L,
655 2515 720 2550 sed
739 2515 868 2551 ABPV
894 2514 1059 2561 φαρέων.
1081 2536 1126 2541 -
1151 2515 1194 2551 V.
1217 2521 1272 2552 13.
1297 2515 1387 2557 πάϊς
1405 2497 1572 2560 Dindorf,
1601 2516 1716 2562 vulgo

193 2565 293 2605 παῖς,
319 2562 507 2597 Hermann
531 2567 619 2603 παις
644 2559 664 2597 ὁ
691 2560 830 2608 Κύκης,
856 2562 1027 2609 Hartung
1051 2567 1140 2604 παῖς
1164 2560 1344 2609 Κικύμης.
1370 2584 1417 2589 -
1447 2568 1571 2608 φορεῖ,
1597 2563 1716 2598 Elms-

192 2608 253 2667 1ογ
280 2607 423 2665 φορέει,
449 2609 577 2644 malim
606 2608 725 2654 φέρὲι.
759 2629 803 2635 -—
838 2610 879 2645 V.
908 2614 962 2645 14.
970 2611 1223 2667 Schoemann
1254 2612 1298 2646 ut
1329 2621 1477 2647 versum
1512 2609 1718 2655 compleret

195 2653 361 2707 ἐμφερής
387 2657 550 2692 extremo
575 2657 657 2692 loco
683 2657 835 2693 adiecit·
868 2659 909 2693 at
939 2670 1061 2699 αυτως
1091 2657 1169 2694 iam
1195 2658 1284 2694 satis
1316 2668 1501 2704 superque
1527 2669 1716 2704 compara.-

193 2701 289 2738 tioni
313 2703 478 2741 inservit.
530 2702 626 2739 Mihi
650 2703 845 2741 Anacreon

691 2795 855 2843 ἁβραῖς
880 2799 1052 2844 γυναιξὶν
1077 2794 1199 2840 αὕτως

194 2879 341 2915 videtur
367 2880 572 2926 scripsisse,
604 2892 713 2917 versu
739 2880 957 2918 catalectico
984 2894 1088 2927 usus,
1114 2880 1412 2927 quandoquidem
1445 2881 1538 2917 haec
1564 2881 1717 2928 stropha
