1864 3126
757 107 1034 146 SIMONIDES.
1570 102 1659 144 423

806 218 876 261 83.
909 218 985 270 [8.]
1570 221 1659 254 1145

448 304 528 338 ΕΙΣ
553 303 652 337 ΤΗΝ
679 302 742 335 ΕΝ
769 300 1005 334 ΣΑιΑΜιΝΙ
1030 298 1330 333 NATMAxiAN.

245 380 450 422 Plutarch.
486 379 557 420 vit.
595 376 788 417 Themist.
827 388 859 414 c.
899 377 971 414 15:
1013 374 1067 414 Οἱ
1100 369 1138 413 δ’
1178 369 1289 412 ἄλλοι
1325 374 1406 420 τοῖς
1443 367 1659 423 βαρβάροις

126 441 369 498 ἐξισούμενοι
409 441 451 486 τὸ
487 446 644 497 πλῆθος
682 441 725 482 έν
763 442 883 497 στενῷ
919 435 1017 479 κατὰ
1055 437 1170 491 μέρος
1206 434 1555 489 προσφερομένους
1592 433 1659 475 καὶ

124 511 426 564 περιπίπτοντας
467 503 650 562 ἀλλήλοις
698 506 906 560 έτρίψαντο
951 503 1059 557 μέχρι
1109 502 1238 555 δείλης
1284 497 1556 554 ἀντισχόντας,
1607 495 1660 548 ὧς

125 576 253 630 εἴρηκε
284 575 533 628 Σιμωνίδης,
564 570 636 627 τὴν
666 567 792 624 καλὴν
823 569 978 622 ἐκείνην
1014 567 1080 609 καὶ
1110 564 1347 621 περιβόητον
1378 561 1569 619 άράμενοι
1601 566 1660 606 νί-

125 659 215 696 κην,
245 635 295 695 ἧς
325 634 422 682 οὔθ’
445 637 635 692 Ἕλλησιν
661 635 749 679 οὔτε
775 632 992 691 βαρβάροις
1017 629 1175 675 ἐνάλιον
1200 632 1315 687 ἔργον
1340 632 1536 686 εἴργασται
1567 635 1660 684 λαμ-

124 704 329 761 πρότερον,
361 703 524 761 ἀνδρείᾳ
555 702 626 758 μὲν
663 702 730 743 καὶ
766 701 973 756 προθυμίᾳ
1009 702 1088 740 τῶν
1125 694 1482 751 ναυμαχησάντων,
1521 693 1659 752 γνώμῃ

125 772 168 815 δὲ
199 773 263 815 καὶ
302 769 494 824 δεινότητι
535 766 854 822 Θεμιστοκλέους.
915 767 1002 806 Hoc
1037 778 1197 806 carmen
1237 763 1514 804 Schneidewin
1554 762 1660 802 inter

125 842 262 881 melica
293 839 450 880 retulit:
484 837 630 877 Sm'das
663 836 769 875 enim
801 833 899 873 dicit
923 845 959 871 v.
984 830 1229 883 Σιμωνίδης·
1256 860 1266 869 .
1287 859 1295 868 .
1319 859 1327 868 .
1351 827 1416 868 καὶ
1449 826 1660 881 γέγραπται

125 899 232 961 αὐτῷ
272 903 422 955 Δωρίδι
469 900 653 957 διαλέκτῳ
704 895 729 952 ἡ
777 894 999 951 Καμβύσου
1045 894 1112 935 καὶ
1155 895 1326 947 Δαρείου
1373 894 1550 946 βασιλεία
1594 891 1660 933 καὶ

125 969 274 1023 Ξέρξου
306 967 503 1021 ναυμαχία
536 963 588 1006 δι’
624 965 810 1018 ἐλεγείας,
847 958 873 1015 ἡ
907 958 943 1002 δ’
979 961 1022 1002 ἕν
1052 964 1250 1013 Σαλαμῖνι
1281 961 1461 1012 μελικῶς,
1500 961 1661 1012 θρῆνοι,

125 1032 309 1090 ἐγκώμια,
341 1029 624 1087 ἐπιγράμματα,
655 1033 833 1081 παιᾶνες,
863 1026 930 1069 καὶ
954 1026 1168 1083 τραγῳδίαι
1192 1024 1258 1065 καὶ
1283 1021 1391 1065 ἅλλα.
1423 1025 1534 1064 codd.
1560 1025 1661 1063 nihil

124 1101 300 1151 variant,
341 1098 420 1138 nisi
451 1098 558 1148 quod
589 1097 622 1136 E
654 1093 842 1149 βασιλέως
871 1107 944 1145 pro
976 1091 1154 1146 βασιλεία
1185 1091 1366 1139 exhibet,
1404 1092 1447 1129 at
1484 1089 1662 1128 Eudocia.

126 1168 210 1206 383
244 1165 407 1205 meliore
439 1163 542 1203 libro
574 1175 665 1202 usa:
697 1159 769 1205 ,καὶ
799 1157 948 1213 Ξέρξου
986 1157 1243 1210 ναυμαχία·
1282 1153 1359 1196 καὶ
1395 1150 1421 1206 ἡ
1460 1150 1528 1194 ἐπ’
1566 1148 1662 1206 Ἀρ-

125 1220 319 1285 τεμισίῳ
352 1227 550 1280 ναυμαχία
581 1224 637 1267 δι’
673 1225 853 1280 ἐλεγείας,
883 1220 909 1277 ἡ
943 1220 978 1264 δ’
1015 1222 1058 1263 ἐν
1083 1225 1280 1275 Σαλαμῖνι
1306 1222 1481 1273 μελικῶς.
1526 1220 1672 1270 Atque.

126 1297 266 1336 eadem
290 1307 455 1346 prorsus
482 1293 611 1333 Schol.
638 1292 843 1342 Aristoph.
870 1291 991 1341 Vesp.
1021 1291 1132 1329 1411
1163 1288 1222 1327 ed.
1244 1287 1334 1327 Ald.
1386 1286 1661 1325 Schneidewin

126 1361 217 1401 inde
248 1361 406 1411 colligit
436 1359 679 1398 Simonidem
711 1357 918 1408 scripsisse
956 1367 1133 1405 carmen,
1173 1353 1236 1392 cui
1272 1347 1298 1404 ἡ
1337 1347 1559 1404 Καμβύσου
1595 1349 1662 1390 καὶ

127 1425 299 1478 Δαρείου
330 1423 506 1477 βασιλεία
537 1424 661 1463 fuerit
691 1420 869 1473 uomens
892 1421 1034 1459 deinde
1065 1423 1202 1458 autem
1234 1418 1380 1458 scribit.
1411 1415 1476 1456 καὶ
1513 1413 1661 1467 Ξέρξου

127 1490 341 1543 ναυμαχία·
373 1487 439 1528 καὶ
469 1484 494 1541 ἡ
527 1486 598 1541 μὲν
638 1484 699 1528 ἐπ’
736 1483 963 1546 Ἀρτεμισίω
996 1480 1048 1524 δι’
1089 1482 1256 1537 ἐλεγείας
1286 1486 1362 1522 κτλ.
1428 1484 1481 1522 At
1510 1485 1662 1529 auctor,

127 1569 247 1607 quem
288 1555 479 1605 sequitur·
513 1554 676 1604 Suidas,
715 1555 760 1592 ut
799 1549 1013 1591 Simonidis
1045 1552 1220 1589 aetatem
1254 1549 1516 1598 describeret,
1555 1548 1662 1587 haud

127 1622 247 1661 dubie
278 1621 434 1659 dixerat
463 1619 611 1659 vixisse
642 1619 804 1668 poetam
833 1617 1086 1666 reynantibus
1117 1614 1317 1666 Cambyse,
1347 1615 1486 1662 Dario,
1521 1614 1660 1653 Xerxe.

128 1683 260 1739 (Idem
298 1683 495 1735 significat
531 1684 670 1723 auctor
712 1683 820 1722 vitae
862 1680 1028 1720 Pindari
1068 1695 1105 1731 p.
1139 1682 1194 1720 98
1228 1679 1459 1719 Westerm.:
1499 1676 1661 1730 ἐπέβαλε

128 1749 172 1791 δὲ
213 1754 294 1798 τοῖς
337 1745 493 1802 χρόνοις
536 1747 766 1800 Σιμωνίδου
810 1739 836 1802 ᾗ
879 1742 1066 1797 νεώτερος
1115 1742 1398 1797 πρεσβυτέρου·
1441 1746 1520 1784 τῶν
1562 1746 1662 1797 γδῦν

126 1870 258 1923 poetae
290 1875 498 1919 decretum,
530 1873 615 1910 vide
646 1884 742 1919 quae
767 1883 880 1918 supra
905 1873 946 1908 T.
973 1870 1008 1906 11
1032 1884 1069 1918 p.
1097 1875 1165 1908 338
1202 1869 1366 1916 exposui.
1423 1869 1513 1905 Inde
1545 1869 1661 1905 etiam

129 1922 335 1969 repetenda.
358 1922 521 1958 varietas
544 1921 657 1967 θεοῦ,
682 1920 748 1956 ubi
773 1919 938 1966 elogium
963 1919 1058 1954 illud
1083 1919 1189 1955 θεῶν
1215 1917 1376 1954 exhibet.
1426 1916 1548 1953 Possit
1572 1928 1662 1953 sane

127 1970 264 2016 aliquis
289 1968 480 2015 suspicari,
507 1980 589 2005 cum
617 1968 771 2015 Gregor.
797 1968 889 2004 Naz.
915 1966 1107 2012 scripserit
1139 1963 1272 2011 ἐπειδὴ
1305 1961 1347 2000 τὸ
1375 1965 1569 2005 παντελῶς
1595 1961 1662 2000 οἷν-

84 2019 96 2030 ·
129 2013 820 2110 ἕέἔζρτέιῖἓζιῖΐξὲῃέὴζηῗζέῗιῖῗιῗ
839 2013 957 2098 ἒῗῖῗ
976 2010 1663 2109 {233⁵}ssgfffgdissssssrifftgffiffiig

129 2125 249 2158 versu,
273 2112 339 2148 sed
367 2112 466 2148 θεοῦ
491 2112 606 2148 etiam
631 2111 805 2157 agnoscit
829 2109 990 2156 scriptor
1013 2110 1178 2145 incertus
1209 2120 1268 2154 ap.
1302 2107 1402 2143 Suid.
1437 2119 1471 2143 v.
1498 2104 1662 2152 συγγνώ-

130 2173 246 2206 μονα,
277 2158 343 2205 qui
376 2158 605 2196 Simonidem
637 2158 762 2205 potius
799 2168 912 2203 quam
944 2157 1109 2203 elogium
1140 2155 1458 2202 usurpavit3⁴huc
1483 2155 1580 2190 adde
1605 2165 1662 2190 so·

131 2207 305 2253 phistam,
331 2205 397 2252 qui
415 2205 625 2242 Phalaridis
650 2217 788 2242 nomen
812 2205 1006 2240 mutuatus
1031 2204 1209 2250 epistolas
1228 2201 1479 2246 concinnavit,
1507 2205 1592 2237 129:
1618 2199 1660 2236 τὸ

130 2252 249 2300 μηδὲν
280 2251 513 2299 ἁμαρτάνειν
549 2250 704 2294 εἰκότως
740 2254 828 2293 ἴσως
863 2251 930 2288 καὶ
966 2253 1123 2292 δικαίως
1159 2251 1259 2286 θεοῦ
1295 2250 1497 2295 νομίζεται.
1555 2248 1662 2291 Quod

130 2300 262 2347 Lysias
293 2300 422 2345 (Rutil.
456 2301 548 2346 Lup.
576 2300 610 2335 lI
634 2302 670 2345 8)
702 2300 850 2337 deorum
877 2296 1074 2345 proprium
1105 2297 1319 2341 substituit,
1351 2308 1424 2332 non
1456 2295 1577 2341 magis
1603 2297 1662 2331 est

132 2349 279 2393 mirum,
304 2358 417 2394 quam
447 2347 548 2392 quod
577 2347 617 2383 in
648 2347 770 2393 elogio
801 2346 869 2382 illo
900 2348 1015 2383 etiam
1046 2345 1229 2391 scriptura
1258 2344 1358 2380 θεοῦ
1389 2342 1582 2388 reperitur.
1617 2363 1660 2369 -—

132 2395 263 2441 Elegia
300 2396 381 2430 hac·
407 2394 567 2430 fortasse
603 2406 693 2430 usus
729 2393 913 2429 Aristides
951 2405 1004 2430 or.
1036 2397 1100 2437 46,
1132 2393 1173 2428 Τ.
1201 2393 1234 2428 ΙΙ
1266 2394 1353 2427 219:
1387 2387 1546 2426 Πλάτων
1580 2418 1587 2425 .
1617 2418 1625 2426 .
1653 2418 1660 2425 .

132 2439 345 2488 Μιλτιάδην
371 2441 464 2487 φησὶ
488 2438 554 2477 τὸν
581 2438 622 2477 έν
648 2441 878 2486 Μαραθῶνι,
903 2442 1028 2477 καίτοι
1045 2437 1154 2476 τοῦτό
1182 2437 1283 2476 ἐστιν
1303 2436 1488 2496 ἐγγυτέρω
1514 2434 1663 2482 θρήνου

132 2489 233 2531 τινος
257 2485 280 2535 ἢ
306 2488 496 2535 μέμψεως,
521 2488 587 2524 καὶ
605 2488 786 2533 τιμῶντος
810 2488 950 2546 μᾶλλον
980 2484 1004 2534 ἢ
1035 2488 1272 2532 κακίζοντος,
1304 2497 1429 2529 ωσπερ
1455 2480 1521 2525 οὓς
1539 2486 1661 2530 Σιμω-

132 2539 240 2583 νίδης
259 2538 374 2573 εἴωθε
396 2536 508 2582 τιμᾶν
530 2533 571 2572 έν
590 2540 668 2577 τοῖς
688 2532 981 2581 έπιγραμμασιν·
1008 2530 1109 2580 ὅμως
1128 2533 1170 2570 δὲ
1197 2534 1262 2570 καὶ
1281 2530 1492 2589 Μιλτιάδης
1515 2530 1663 2576 μετέχει

133 2585 200 2621 τοῦ
225 2581 435 2629 καταλόγου
461 2583 525 2619 καὶ
551 2582 796 2628 περιέστηκεν
823 2578 924 2630 αὐτῷ
950 2579 992 2618 τὸ
1019 2583 1095 2618 τῶν
1115 2579 1338 2617 Πλαταιέων
1357 2580 1432 2615 τῶν
1452 2576 1520 2615 υπ’
1542 2576 1660 2615 αὐτοῦ

133 2630 215 2668 τότε
255 2629 543 2677 κοσμηθέντων·
581 2630 807 2676 κατηγορίας
843 2626 916 2675 γὰρ
953 2625 1043 2665 οὖδε
1074 2630 1136 2670 ιᾶς
1167 2625 1285 2664 αὐτοῦ
1315 2626 1591 2673 προειρημένης
1622 2623 1662 2670 ἐξ

126 2676 304 2724 ἀνάγκης
328 2676 468 2724 τρόπον
494 2674 579 2714 τινὰ
605 2675 840 2723 ἀγωνίζεται,
870 2673 934 2712 διὰ
961 2674 1003 2713 τὸ
1059 2680 1182 2712 νεῖναι
1208 2672 1375 2721 τοῦνομα
1407 2672 1449 2710 έν
1479 2678 1558 2715 τοῖς
1582 2675 1662 2709 δια·

134 2725 262 2767 κόνοις
287 2722 405 2762 αὐτοῦ
431 2726 538 2771 (haec
564 2725 698 2761 ultima
723 2735 797 2760 non
823 2722 1021 2769 intelligo).
1073 2723 1243 2759 Fortasse
1276 2722 1486 2758 Simonides
1521 2722 1559 2756 in
1590 2720 1663 2757 hac

134 2773 258 2819 elegia
282 2773 567 2817 Plataeensium,
593 2771 657 2818 qui
682 2771 752 2807 soli
778 2769 1065 2806 Atheniensibus
1091 2770 1271 2806 auxilium
1296 2768 1474 2814 tulerunt,
1504 2779 1562 2804 res
1587 2769 1661 2804 for-

138 2821 229 2857 titer
253 2821 380 2875 gestas
405 2821 446 2856 in
469 2820 611 2867 proelio
637 2817 875 2855 Marathonio
901 2817 993 2854 duce
1012 2817 1182 2854 Miltiade
1207 2816 1350 2862 attigit:
1375 2817 1503 2863 itaque
1530 2814 1675 2859 Aristi-⁶

136 2868 201 2904 des
225 2868 286 2904 luc
310 2868 586 2905 Plataeensium
610 2867 798 2903 fortunam
825 2876 908 2901 cum
934 2865 1115 2901 Miltiadis
1140 2866 1239 2901 sorte
1265 2864 1466 2910 componit.
