<?xml version="1.0" encoding="UTF-8"?>
<!DOCTYPE html PUBLIC "-//W3C//DTD XHTML 1.0 Transitional//EN"
    "http://www.w3.org/TR/xhtml1/DTD/xhtml1-transitional.dtd">
<html xmlns="http://www.w3.org/1999/xhtml" xml:lang="en" lang="en">
 <head>
  <title>
</title>
<meta http-equiv="Content-Type" content="text/html;charset=utf-8" />
  <meta name='ocr-system' content='tesseract 3.04.00' />
  <meta name='ocr-capabilities' content='ocr_page ocr_carea ocr_par ocr_line ocrx_word'/>
</head>
<body>
  <div class='ocr_page' id='page_1' title='image "./poetaelyricigrae03berguoft_0523.png"; bbox 0 0 1864 3126; ppageno 0'>
   <div class='ocr_carea' id='block_1_1' title="bbox 759 191 1676 233">
    <p class='ocr_par' dir='ltr' id='par_1_1' title="bbox 759 191 1676 233">
     <span class='ocr_line' id='line_1_1' title="bbox 759 191 1676 233; baseline 0.002 -2"><span class='ocrx_word' id='word_1_1' title='bbox 759 193 1032 231; x_wconf 76' lang='lat' dir='ltr'>SIMONIDES.</span> <span class='ocrx_word' id='word_1_2' title='bbox 1572 191 1676 233; x_wconf 81' lang='lat'>513·</span> 
     </span>
    </p>
   </div>
   <div class='ocr_carea' id='block_1_2' title="bbox 0 0 248 294">
    <p class='ocr_par' dir='ltr' id='par_1_2' title="bbox 0 0 248 294">
     <span class='ocr_line' id='line_1_2' title="bbox 0 0 248 294; baseline 0 2832"><span class='ocrx_word' id='word_1_3' title='bbox 0 0 248 294; x_wconf 95' lang='lat' dir='ltr'> </span> 
     </span>
    </p>
   </div>
   <div class='ocr_carea' id='block_1_3' title="bbox 845 303 1660 348">
    <p class='ocr_par' dir='ltr' id='par_1_3' title="bbox 845 303 1660 348">
     <span class='ocr_line' id='line_1_3' title="bbox 845 303 1660 348; baseline -0.002 -1"><span class='ocrx_word' id='word_1_4' title='bbox 845 304 941 348; x_wconf 84' lang='lat'>186.</span> <span class='ocrx_word' id='word_1_5' title='bbox 1273 303 1276 306; x_wconf 84' lang='grc'><strong>’</strong></span> <span class='ocrx_word' id='word_1_6' title='bbox 1570 313 1660 346; x_wconf 78' lang='lat'>1187</span> 
     </span>
    </p>
   </div>
   <div class='ocr_carea' id='block_1_4' title="bbox 222 386 1267 512">
    <p class='ocr_par' dir='ltr' id='par_1_4' title="bbox 222 386 1267 512">
     <span class='ocr_line' id='line_1_4' title="bbox 222 386 1267 445; baseline -0.003 -13"><span class='ocrx_word' id='word_1_7' title='bbox 222 394 359 445; x_wconf 78' lang='grc' dir='ltr'><strong><em>Δῆμος</em></strong></span> <span class='ocrx_word' id='word_1_8' title='bbox 385 387 614 444; x_wconf 78' lang='grc' dir='ltr'><strong><em>Ἀθηναίων</em></strong></span> <span class='ocrx_word' id='word_1_9' title='bbox 645 402 700 440; x_wconf 91' lang='grc' dir='ltr'><strong><em>σε,</em></strong></span> <span class='ocrx_word' id='word_1_10' title='bbox 732 386 990 442; x_wconf 84' lang='grc' dir='ltr'><strong><em>Νεοπτόλεμ’,</em></strong></span> <span class='ocrx_word' id='word_1_11' title='bbox 1023 386 1145 430; x_wconf 80' lang='grc' dir='ltr'><strong><em>εἰκόνι</em></strong></span> <span class='ocrx_word' id='word_1_12' title='bbox 1175 389 1267 444; x_wconf 72' lang='grc' dir='ltr'><strong><em>τῇδε</em></strong></span> 
     </span>
     <span class='ocr_line' id='line_1_5' title="bbox 282 451 1160 512; baseline -0.005 -13"><span class='ocrx_word' id='word_1_13' title='bbox 282 453 410 511; x_wconf 81' lang='grc' dir='ltr'><strong><em>τίμησ’</em></strong></span> <span class='ocrx_word' id='word_1_14' title='bbox 444 452 602 509; x_wconf 75' lang='grc' dir='ltr'><strong><em>εὐνοίης</em></strong></span> <span class='ocrx_word' id='word_1_15' title='bbox 633 451 813 508; x_wconf 83' lang='grc' dir='ltr'><strong><em>εὖσεβίης</em></strong></span> <span class='ocrx_word' id='word_1_16' title='bbox 842 452 888 495; x_wconf 79' lang='grc' dir='ltr'>θ’</span> <span class='ocrx_word' id='word_1_17' title='bbox 922 453 1047 496; x_wconf 74' lang='grc' dir='ltr'><strong><em>ἕνεκα.</em></strong></span> <span class='ocrx_word' id='word_1_18' title='bbox 1131 478 1160 512; x_wconf 60' lang='lat'><em>0</em></span> 
     </span>
    </p>
   </div>
   <div class='ocr_carea' id='block_1_5' title="bbox 127 573 1405 711">
    <p class='ocr_par' dir='ltr' id='par_1_5' title="bbox 127 573 1405 711">
     <span class='ocr_line' id='line_1_6' title="bbox 854 573 949 616; baseline 0.011 -1"><span class='ocrx_word' id='word_1_19' title='bbox 854 573 949 616; x_wconf 85' lang='lat'>187.</span> 
     </span>
     <span class='ocr_line' id='line_1_7' title="bbox 127 654 1405 711; baseline -0.003 -9"><span class='ocrx_word' id='word_1_20' title='bbox 127 661 178 702; x_wconf 80' lang='lat' dir='ltr'>A.</span> <span class='ocrx_word' id='word_1_21' title='bbox 226 660 295 709; x_wconf 86' lang='grc' dir='ltr'><strong><em>Τίς</em></strong></span> <span class='ocrx_word' id='word_1_22' title='bbox 325 655 460 700; x_wconf 76' lang='grc' dir='ltr'><strong><em>εἰκόνα</em></strong></span> <span class='ocrx_word' id='word_1_23' title='bbox 489 654 601 698; x_wconf 87' lang='grc' dir='ltr'><strong><em>τάνδ’</em></strong></span> <span class='ocrx_word' id='word_1_24' title='bbox 635 654 851 710; x_wconf 76' lang='grc' dir='ltr'><strong><em>ἇνέθηκενς</em></strong></span> <span class='ocrx_word' id='word_1_25' title='bbox 882 659 928 698; x_wconf 93' lang='grc' dir='ltr'>Β.</span> <span class='ocrx_word' id='word_1_26' title='bbox 955 654 1134 711; x_wconf 81' lang='grc' dir='ltr'><strong><em>Δωριεὺς</em></strong></span> <span class='ocrx_word' id='word_1_27' title='bbox 1165 654 1187 698; x_wconf 88' lang='grc' dir='ltr'>ὁ</span> <span class='ocrx_word' id='word_1_28' title='bbox 1222 654 1405 711; x_wconf 76' lang='grc' dir='ltr'><strong><em>Θούριος.</em></strong></span> 
     </span>
    </p>
   </div>
   <div class='ocr_carea' id='block_1_6' title="bbox 131 783 1678 2254">
    <p class='ocr_par' dir='ltr' id='par_1_6' title="bbox 131 783 1678 2254">
     <span class='ocr_line' id='line_1_8' title="bbox 131 783 1663 870; baseline -0.003 -47"><span class='ocrx_word' id='word_1_29' title='bbox 131 787 279 870; x_wconf 58' lang='lat' dir='ltr'>signum</span> <span class='ocrx_word' id='word_1_30' title='bbox 302 784 395 822; x_wconf 82' lang='lat' dir='ltr'>fecit</span> <span class='ocrx_word' id='word_1_31' title='bbox 418 783 575 820; x_wconf 87' lang='lat' dir='ltr'>Rhodiis</span> <span class='ocrx_word' id='word_1_32' title='bbox 599 795 675 820; x_wconf 91' lang='lat' dir='ltr'>non</span> <span class='ocrx_word' id='word_1_33' title='bbox 691 784 886 839; x_wconf 43' lang='lat' dir='ltr'>ita-multo</span> <span class='ocrx_word' id='word_1_34' title='bbox 904 785 992 830; x_wconf 87' lang='lat' dir='ltr'>post</span> <span class='ocrx_word' id='word_1_35' title='bbox 1011 784 1068 822; x_wconf 92' lang='lat' dir='ltr'>Ol.</span> <span class='ocrx_word' id='word_1_36' title='bbox 1089 784 1214 820; x_wconf 88' lang='lat' dir='ltr'>CXIX.</span> <span class='ocrx_word' id='word_1_37' title='bbox 1254 784 1372 820; x_wconf 87' lang='lat' dir='ltr'>Affert</span> <span class='ocrx_word' id='word_1_38' title='bbox 1390 784 1505 820; x_wconf 81' lang='lat' dir='ltr'>etiam</span> <span class='ocrx_word' id='word_1_39' title='bbox 1526 783 1663 820; x_wconf 83' lang='lat' dir='ltr'>Strabo</span> 
     </span>
     <span class='ocr_line' id='line_1_9' title="bbox 131 828 1661 878; baseline -0.003 -7"><span class='ocrx_word' id='word_1_40' title='bbox 131 834 165 871; x_wconf 84' lang='lat' dir='ltr'>X</span> <span class='ocrx_word' id='word_1_41' title='bbox 184 834 217 870; x_wconf 85' lang='lat' dir='ltr'><strong>V</strong></span> <span class='ocrx_word' id='word_1_42' title='bbox 243 836 329 870; x_wconf 79' lang='lat'>652:</span> <span class='ocrx_word' id='word_1_43' title='bbox 355 829 489 878; x_wconf 79' lang='grc' dir='ltr'><strong><em>ἄριστα</em></strong></span> <span class='ocrx_word' id='word_1_44' title='bbox 514 830 557 868; x_wconf 72' lang='grc' dir='ltr'>δὲ</span> <span class='ocrx_word' id='word_1_45' title='bbox 584 828 605 867; x_wconf 79' lang='grc' dir='ltr'>ὅ</span> <span class='ocrx_word' id='word_1_46' title='bbox 631 844 670 867; x_wconf 90' lang='grc' dir='ltr'><strong><em>τε</em></strong></span> <span class='ocrx_word' id='word_1_47' title='bbox 702 845 769 867; x_wconf 91' lang='grc' dir='ltr'>του</span> <span class='ocrx_word' id='word_1_48' title='bbox 789 829 916 868; x_wconf 82' lang='grc' dir='ltr'><strong><em>Ἡλίου</em></strong></span> <span class='ocrx_word' id='word_1_49' title='bbox 948 830 1136 877; x_wconf 77' lang='grc' dir='ltr'><strong><em>κολοσσός,</em></strong></span> <span class='ocrx_word' id='word_1_50' title='bbox 1169 828 1214 868; x_wconf 77' lang='grc' dir='ltr'><strong><em>ὅν</em></strong></span> <span class='ocrx_word' id='word_1_51' title='bbox 1247 844 1361 878; x_wconf 86' lang='grc' dir='ltr'><strong><em>φησιν</em></strong></span> <span class='ocrx_word' id='word_1_52' title='bbox 1387 828 1408 867; x_wconf 88' lang='grc' dir='ltr'><strong>ὁ</strong></span> <span class='ocrx_word' id='word_1_53' title='bbox 1434 829 1595 877; x_wconf 86' lang='grc' dir='ltr'><strong><em>ποιήσας</em></strong></span> <span class='ocrx_word' id='word_1_54' title='bbox 1619 829 1661 866; x_wconf 84' lang='grc' dir='ltr'>τὸ</span> 
     </span>
     <span class='ocr_line' id='line_1_10' title="bbox 132 875 1666 930; baseline -0.003 -12"><span class='ocrx_word' id='word_1_55' title='bbox 132 879 318 930; x_wconf 75' lang='grc' dir='ltr'><strong><em>ἰαμβεῖον,</em></strong></span> <span class='ocrx_word' id='word_1_56' title='bbox 343 876 402 916; x_wconf 79' lang='grc' dir='ltr'>ὅτι</span> <span class='ocrx_word' id='word_1_57' title='bbox 427 875 584 920; x_wconf 70' lang='grc' dir='ltr'><strong><em>ἑπτάκις</em></strong></span> <span class='ocrx_word' id='word_1_58' title='bbox 609 877 704 914; x_wconf 78' lang='grc' dir='ltr'><strong><em>δέκα</em></strong></span> <span class='ocrx_word' id='word_1_59' title='bbox 729 876 858 925; x_wconf 83' lang='grc' dir='ltr'><strong><em>Χάρης</em></strong></span> <span class='ocrx_word' id='word_1_60' title='bbox 883 876 1005 915; x_wconf 79' lang='grc' dir='ltr'><strong><em>ἐποίει</em></strong></span> <span class='ocrx_word' id='word_1_61' title='bbox 1030 878 1181 926; x_wconf 83' lang='grc' dir='ltr'><strong><em>πηχέων</em></strong></span> <span class='ocrx_word' id='word_1_62' title='bbox 1207 877 1228 915; x_wconf 85' lang='grc' dir='ltr'><strong>ὁ</strong></span> <span class='ocrx_word' id='word_1_63' title='bbox 1248 880 1411 920; x_wconf 79' lang='grc' dir='ltr'><strong><em>Λίνδιος.</em></strong></span> <span class='ocrx_word' id='word_1_64' title='bbox 1451 879 1559 921; x_wconf 54' lang='grc' dir='ltr'>,ωιᾶθ</span> <span class='ocrx_word' id='word_1_65' title='bbox 1588 890 1666 914; x_wconf 89' lang='lat' dir='ltr'>sus-</span> 
     </span>
     <span class='ocr_line' id='line_1_11' title="bbox 132 926 1668 984; baseline -0.002 -19"><span class='ocrx_word' id='word_1_66' title='bbox 132 928 271 976; x_wconf 85' lang='lat' dir='ltr'>piceris</span> <span class='ocrx_word' id='word_1_67' title='bbox 287 926 577 983; x_wconf 34' lang='lat' dir='ltr'>‘epigrammatis</span> <span class='ocrx_word' id='word_1_68' title='bbox 602 928 793 984; x_wconf 59' lang='lat' dir='ltr'>auctorem</span> <span class='ocrx_word' id='word_1_69' title='bbox 819 926 1001 963; x_wconf 78' lang='lat' dir='ltr'>incertum</span> <span class='ocrx_word' id='word_1_70' title='bbox 1026 927 1152 984; x_wconf 71' lang='lat' dir='ltr'>fuisse.</span> <span class='ocrx_word' id='word_1_71' title='bbox 1203 927 1375 981; x_wconf 67' lang='lat' dir='ltr'>Ceterum</span> <span class='ocrx_word' id='word_1_72' title='bbox 1403 926 1539 963; x_wconf 86' lang='lat' dir='ltr'>Strabo</span> <span class='ocrx_word' id='word_1_73' title='bbox 1563 926 1668 962; x_wconf 84' lang='lat' dir='ltr'>vide-</span> 
     </span>
     <span class='ocr_line' id='line_1_12' title="bbox 134 973 1668 1067; baseline -0.003 -7"><span class='ocrx_word' id='word_1_74' title='bbox 134 974 877 1060; x_wconf 41' lang='lat' dir='ltr'>ffigssssiffieffiffssffiiffxfflssssa’.</span> <span class='ocrx_word' id='word_1_75' title='bbox 892 973 1668 1067; x_wconf 47' lang='lat' dir='ltr'>32253‘3503211322ffigssg’ssesseffiufisgg</span> 
     </span>
     <span class='ocr_line' id='line_1_13' title="bbox 136 1067 1668 1117; baseline -0.003 -9"><span class='ocrx_word' id='word_1_76' title='bbox 136 1067 331 1111; x_wconf 69' lang='grc' dir='ltr'><strong><em>ἑπτάκις</em></strong></span> <span class='ocrx_word' id='word_1_77' title='bbox 366 1068 508 1113; x_wconf 76' lang='lat' dir='ltr'><strong>scribit,</strong></span> <span class='ocrx_word' id='word_1_78' title='bbox 545 1068 860 1114; x_wconf 80' lang='lat' dir='ltr'>quemadmodum</span> <span class='ocrx_word' id='word_1_79' title='bbox 897 1069 1013 1117; x_wconf 80' lang='lat' dir='ltr'>etiam</span> <span class='ocrx_word' id='word_1_80' title='bbox 1050 1069 1146 1105; x_wconf 90' lang='lat' dir='ltr'>Plin.</span> <span class='ocrx_word' id='word_1_81' title='bbox 1180 1070 1224 1107; x_wconf 91' lang='lat' dir='ltr'>H.</span> <span class='ocrx_word' id='word_1_82' title='bbox 1259 1069 1303 1106; x_wconf 89' lang='lat' dir='ltr'>N.</span> <span class='ocrx_word' id='word_1_83' title='bbox 1338 1069 1493 1104; x_wconf 88' lang='lat' dir='ltr'>XXXIV</span> <span class='ocrx_word' id='word_1_84' title='bbox 1526 1073 1582 1104; x_wconf 85' lang='lat'>41.</span> <span class='ocrx_word' id='word_1_85' title='bbox 1622 1068 1668 1104; x_wconf 84' lang='lat' dir='ltr'>cf.</span> 
     </span>
     <span class='ocr_line' id='line_1_14' title="bbox 135 1115 1670 1161; baseline -0.003 -6"><span class='ocrx_word' id='word_1_86' title='bbox 135 1117 276 1155; x_wconf 88' lang='lat' dir='ltr'>Eudoc.</span> <span class='ocrx_word' id='word_1_87' title='bbox 301 1121 382 1153; x_wconf 80' lang='lat'>429.</span> <span class='ocrx_word' id='word_1_88' title='bbox 408 1115 582 1153; x_wconf 77' lang='lat' dir='ltr'>Eustath.</span> <span class='ocrx_word' id='word_1_89' title='bbox 609 1116 657 1151; x_wconf 80' lang='lat' dir='ltr'>ad</span> <span class='ocrx_word' id='word_1_90' title='bbox 682 1116 789 1152; x_wconf 91' lang='lat' dir='ltr'>Dion.</span> <span class='ocrx_word' id='word_1_91' title='bbox 817 1116 897 1152; x_wconf 89' lang='lat' dir='ltr'>Per.</span> <span class='ocrx_word' id='word_1_92' title='bbox 924 1120 1004 1153; x_wconf 82' lang='lat'>505.</span> <span class='ocrx_word' id='word_1_93' title='bbox 1050 1117 1156 1152; x_wconf 89' lang='lat' dir='ltr'>Nihil</span> <span class='ocrx_word' id='word_1_94' title='bbox 1181 1119 1307 1152; x_wconf 84' lang='lat' dir='ltr'>tamen</span> <span class='ocrx_word' id='word_1_95' title='bbox 1328 1116 1548 1152; x_wconf 80' lang='lat' dir='ltr'>mutandum</span> <span class='ocrx_word' id='word_1_96' title='bbox 1569 1115 1670 1161; x_wconf 85' lang='lat' dir='ltr'>duxi,</span> 
     </span>
     <span class='ocr_line' id='line_1_15' title="bbox 135 1160 1670 1212; baseline -0.003 -9"><span class='ocrx_word' id='word_1_97' title='bbox 135 1164 453 1212; x_wconf 78' lang='lat' dir='ltr'>quemadmodum</span> <span class='ocrx_word' id='word_1_98' title='bbox 475 1164 567 1212; x_wconf 84' lang='lat' dir='ltr'>item</span> <span class='ocrx_word' id='word_1_99' title='bbox 594 1163 690 1199; x_wconf 79' lang='lat' dir='ltr'>falsa</span> <span class='ocrx_word' id='word_1_100' title='bbox 713 1163 882 1210; x_wconf 74' lang='lat' dir='ltr'>prodidit</span> <span class='ocrx_word' id='word_1_101' title='bbox 907 1163 1030 1202; x_wconf 86' lang='lat' dir='ltr'>Schol.</span> <span class='ocrx_word' id='word_1_102' title='bbox 1057 1164 1215 1200; x_wconf 85' lang='lat' dir='ltr'>Luciani</span> <span class='ocrx_word' id='word_1_103' title='bbox 1239 1164 1290 1199; x_wconf 92' lang='lat' dir='ltr'>IV</span> <span class='ocrx_word' id='word_1_104' title='bbox 1316 1177 1350 1210; x_wconf 89' lang='lat' dir='ltr'>p.</span> <span class='ocrx_word' id='word_1_105' title='bbox 1372 1168 1458 1200; x_wconf 82' lang='lat'>200:</span> <span class='ocrx_word' id='word_1_106' title='bbox 1486 1160 1670 1209; x_wconf 77' lang='grc' dir='ltr'><strong><em>ἑξήκοντα</em></strong></span> 
     </span>
     <span class='ocr_line' id='line_1_16' title="bbox 136 1207 1671 1260; baseline -0.003 -10"><span class='ocrx_word' id='word_1_107' title='bbox 136 1212 206 1260; x_wconf 73' lang='grc' dir='ltr'><strong><em>μὲν</em></strong></span> <span class='ocrx_word' id='word_1_108' title='bbox 232 1226 283 1258; x_wconf 88' lang='grc' dir='ltr'><strong><em>πη</em></strong></span> <span class='ocrx_word' id='word_1_109' title='bbox 309 1212 362 1248; x_wconf 80' lang='grc' dir='ltr'><strong><em>ὧν</em></strong></span> <span class='ocrx_word' id='word_1_110' title='bbox 387 1209 428 1248; x_wconf 86' lang='grc' dir='ltr'><strong>τό</strong></span> <span class='ocrx_word' id='word_1_111' title='bbox 457 1207 566 1256; x_wconf 71' lang='grc' dir='ltr'><strong><em>ὕψος,</em></strong></span> <span class='ocrx_word' id='word_1_112' title='bbox 593 1209 772 1256; x_wconf 76' lang='grc' dir='ltr'><strong><em>ἔργον-δὲ</em></strong></span> <span class='ocrx_word' id='word_1_113' title='bbox 799 1212 996 1248; x_wconf 85' lang='grc' dir='ltr'><strong><em>Λυσίππου</em></strong></span> <span class='ocrx_word' id='word_1_114' title='bbox 1023 1212 1090 1247; x_wconf 81' lang='grc' dir='ltr'>τοῦ</span> <span class='ocrx_word' id='word_1_115' title='bbox 1117 1209 1439 1258; x_wconf 76' lang='grc' dir='ltr'><strong><em>ἀγαλματοποιοῦ.</em></strong></span> <span class='ocrx_word' id='word_1_116' title='bbox 1479 1211 1546 1246; x_wconf 86' lang='lat' dir='ltr'>His</span> <span class='ocrx_word' id='word_1_117' title='bbox 1573 1210 1671 1246; x_wconf 85' lang='lat' dir='ltr'>adde</span> 
     </span>
     <span class='ocr_line' id='line_1_17' title="bbox 137 1256 1669 1306; baseline -0.002 -10"><span class='ocrx_word' id='word_1_118' title='bbox 137 1259 252 1298; x_wconf 82' lang='lat' dir='ltr'>sch&#39;ol.</span> <span class='ocrx_word' id='word_1_119' title='bbox 319 1271 396 1306; x_wconf 87' lang='lat' dir='ltr'>reg.</span> <span class='ocrx_word' id='word_1_120' title='bbox 427 1258 601 1295; x_wconf 80' lang='lat' dir='ltr'>Nazianz.</span> <span class='ocrx_word' id='word_1_121' title='bbox 633 1259 690 1295; x_wconf 90' lang='lat' dir='ltr'>ed.</span> <span class='ocrx_word' id='word_1_122' title='bbox 726 1258 765 1294; x_wconf 91' lang='lat' dir='ltr'>in</span> <span class='ocrx_word' id='word_1_123' title='bbox 795 1258 931 1294; x_wconf 88' lang='lat' dir='ltr'>Herme</span> <span class='ocrx_word' id='word_1_124' title='bbox 965 1259 1017 1294; x_wconf 90' lang='lat' dir='ltr'>VI</span> <span class='ocrx_word' id='word_1_125' title='bbox 1042 1263 1124 1295; x_wconf 81' lang='lat'>492.</span> <span class='ocrx_word' id='word_1_126' title='bbox 1157 1281 1201 1286; x_wconf 91' lang='lat'>—-</span> <span class='ocrx_word' id='word_1_127' title='bbox 1237 1259 1279 1295; x_wconf 92' lang='lat' dir='ltr'>V.</span> <span class='ocrx_word' id='word_1_128' title='bbox 1306 1263 1340 1296; x_wconf 80' lang='lat'>2.</span> <span class='ocrx_word' id='word_1_129' title='bbox 1366 1256 1494 1303; x_wconf 86' lang='grc' dir='ltr'><strong><em>Χάρης</em></strong></span> <span class='ocrx_word' id='word_1_130' title='bbox 1520 1258 1669 1302; x_wconf 86' lang='lat' dir='ltr'>Strabo,</span> 
     </span>
     <span class='ocr_line' id='line_1_18' title="bbox 136 1305 1670 1355; baseline -0.002 -11"><span class='ocrx_word' id='word_1_131' title='bbox 136 1306 265 1355; x_wconf 78' lang='grc' dir='ltr'><strong><em>Λάχης</em></strong></span> <span class='ocrx_word' id='word_1_132' title='bbox 289 1307 414 1343; x_wconf 87' lang='lat' dir='ltr'>Const.</span> <span class='ocrx_word' id='word_1_133' title='bbox 442 1306 469 1342; x_wconf 89' lang='lat' dir='ltr'>P</span> <span class='ocrx_word' id='word_1_134' title='bbox 501 1307 541 1342; x_wconf 89' lang='lat' dir='ltr'>et</span> <span class='ocrx_word' id='word_1_135' title='bbox 571 1305 756 1342; x_wconf 81' lang='lat' dir='ltr'>Planudes</span> <span class='ocrx_word' id='word_1_136' title='bbox 780 1306 1018 1342; x_wconf 83' lang='lat' dir='ltr'>librariorum</span> <span class='ocrx_word' id='word_1_137' title='bbox 1044 1317 1186 1352; x_wconf 84' lang='lat' dir='ltr'>errore,</span> <span class='ocrx_word' id='word_1_138' title='bbox 1219 1306 1284 1352; x_wconf 90' lang='lat' dir='ltr'>qui</span> <span class='ocrx_word' id='word_1_139' title='bbox 1308 1306 1524 1342; x_wconf 86' lang='lat' dir='ltr'>hominibus</span> <span class='ocrx_word' id='word_1_140' title='bbox 1549 1305 1670 1342; x_wconf 87' lang='lat' dir='ltr'>doctis</span> 
     </span>
     <span class='ocr_line' id='line_1_19' title="bbox 134 1351 1670 1402; baseline -0.003 -10"><span class='ocrx_word' id='word_1_141' title='bbox 134 1355 289 1402; x_wconf 85' lang='lat' dir='ltr'>negotia</span> <span class='ocrx_word' id='word_1_142' title='bbox 313 1353 523 1398; x_wconf 74' lang='lat' dir='ltr'>facessivit3</span> <span class='ocrx_word' id='word_1_143' title='bbox 550 1352 595 1389; x_wconf 84' lang='lat' dir='ltr'>cf.</span> <span class='ocrx_word' id='word_1_144' title='bbox 616 1352 900 1390; x_wconf 83' lang='lat' dir='ltr'>Pseudo-Draco</span> <span class='ocrx_word' id='word_1_145' title='bbox 920 1353 1118 1390; x_wconf 85' lang='lat' dir='ltr'>Stratonic.</span> <span class='ocrx_word' id='word_1_146' title='bbox 1139 1367 1175 1400; x_wconf 90' lang='lat' dir='ltr'>p.</span> <span class='ocrx_word' id='word_1_147' title='bbox 1197 1359 1258 1390; x_wconf 82' lang='lat'>99:</span> <span class='ocrx_word' id='word_1_148' title='bbox 1284 1352 1414 1400; x_wconf 74' lang='grc' dir='ltr'><strong><em>Χάρης</em></strong></span> <span class='ocrx_word' id='word_1_149' title='bbox 1439 1351 1508 1399; x_wconf 75' lang='grc' dir='ltr'><strong><em>τὴν</em></strong></span> <span class='ocrx_word' id='word_1_150' title='bbox 1534 1351 1670 1399; x_wconf 82' lang='grc' dir='ltr'><strong><em>ἄρχου-</em></strong></span> 
     </span>
     <span class='ocr_line' id='line_1_20' title="bbox 137 1398 1671 1447; baseline -0.002 -8"><span class='ocrx_word' id='word_1_151' title='bbox 137 1415 209 1439; x_wconf 85' lang='grc' dir='ltr'>σαν</span> <span class='ocrx_word' id='word_1_152' title='bbox 235 1400 435 1445; x_wconf 75' lang='grc' dir='ltr'><strong><em>συστέλλει,</em></strong></span> <span class='ocrx_word' id='word_1_153' title='bbox 466 1401 698 1447; x_wconf 76' lang='grc' dir='ltr'><strong><em>Σιμωνίδης·</em></strong></span> <span class='ocrx_word' id='word_1_154' title='bbox 729 1398 797 1437; x_wconf 85' lang='grc' dir='ltr'><strong><em>τὸν</em></strong></span> <span class='ocrx_word' id='word_1_155' title='bbox 824 1398 866 1437; x_wconf 75' lang='grc' dir='ltr'><strong><em>ἐν</em></strong></span> <span class='ocrx_word' id='word_1_156' title='bbox 887 1398 934 1442; x_wconf 72' lang='grc' dir='ltr'>ΪΡ.</span> <span class='ocrx_word' id='word_1_157' title='bbox 963 1415 997 1438; x_wconf 81' lang='grc' dir='ltr'>κ.</span> <span class='ocrx_word' id='word_1_158' title='bbox 1031 1398 1051 1437; x_wconf 89' lang='grc' dir='ltr'><strong><em>ό</em></strong></span> <span class='ocrx_word' id='word_1_159' title='bbox 1079 1403 1111 1438; x_wconf 89' lang='grc' dir='ltr'>δ.</span> <span class='ocrx_word' id='word_1_160' title='bbox 1139 1399 1268 1447; x_wconf 85' lang='grc' dir='ltr'><strong><em>Χάρης</em></strong></span> <span class='ocrx_word' id='word_1_161' title='bbox 1294 1398 1425 1437; x_wconf 85' lang='grc' dir='ltr'><strong><em>ἐποίει.</em></strong></span> <span class='ocrx_word' id='word_1_162' title='bbox 1453 1421 1497 1427; x_wconf 92' lang='lat'>--</span> <span class='ocrx_word' id='word_1_163' title='bbox 1529 1400 1671 1436; x_wconf 84' lang='lat' dir='ltr'>Liiders</span> 
     </span>
     <span class='ocr_line' id='line_1_21' title="bbox 139 1447 1672 1495; baseline -0.003 -8"><span class='ocrx_word' id='word_1_164' title='bbox 139 1450 201 1495; x_wconf 85' lang='lat' dir='ltr'>(de</span> <span class='ocrx_word' id='word_1_165' title='bbox 227 1450 374 1486; x_wconf 88' lang='lat' dir='ltr'>colosso</span> <span class='ocrx_word' id='word_1_166' title='bbox 399 1449 519 1485; x_wconf 84' lang='lat' dir='ltr'>Rhod.</span> <span class='ocrx_word' id='word_1_167' title='bbox 546 1460 580 1494; x_wconf 90' lang='lat' dir='ltr'>p.</span> <span class='ocrx_word' id='word_1_168' title='bbox 609 1452 651 1483; x_wconf 92' lang='lat'>11</span> <span class='ocrx_word' id='word_1_169' title='bbox 678 1447 874 1494; x_wconf 85' lang='lat' dir='ltr'>Hamburg</span> <span class='ocrx_word' id='word_1_170' title='bbox 900 1450 1007 1494; x_wconf 85' lang='grc'>1865)</span> <span class='ocrx_word' id='word_1_171' title='bbox 1034 1449 1225 1485; x_wconf 82' lang='lat' dir='ltr'>existimat</span> <span class='ocrx_word' id='word_1_172' title='bbox 1249 1449 1318 1485; x_wconf 90' lang='lat' dir='ltr'>hos</span> <span class='ocrx_word' id='word_1_173' title='bbox 1338 1461 1464 1485; x_wconf 88' lang='lat' dir='ltr'>versus</span> <span class='ocrx_word' id='word_1_174' title='bbox 1486 1447 1672 1494; x_wconf 87' lang='lat' dir='ltr'>subscrip-</span> 
     </span>
     <span class='ocr_line' id='line_1_22' title="bbox 136 1495 1675 1542; baseline -0.002 -8"><span class='ocrx_word' id='word_1_175' title='bbox 136 1499 198 1534; x_wconf 87' lang='lat' dir='ltr'>tos</span> <span class='ocrx_word' id='word_1_176' title='bbox 221 1497 336 1533; x_wconf 82' lang='lat' dir='ltr'>fuisse</span> <span class='ocrx_word' id='word_1_177' title='bbox 363 1497 511 1532; x_wconf 75' lang='lat' dir='ltr'><strong>statuae</strong></span> <span class='ocrx_word' id='word_1_178' title='bbox 538 1495 751 1540; x_wconf 75' lang='lat' dir='ltr'>colossicae,</span> <span class='ocrx_word' id='word_1_179' title='bbox 777 1507 872 1541; x_wconf 83' lang='lat' dir='ltr'>quae</span> <span class='ocrx_word' id='word_1_180' title='bbox 898 1507 1031 1542; x_wconf 82' lang='lat' dir='ltr'>pamm</span> <span class='ocrx_word' id='word_1_181' title='bbox 1056 1495 1271 1533; x_wconf 84' lang='lat' dir='ltr'>verisimilis</span> <span class='ocrx_word' id='word_1_182' title='bbox 1297 1497 1356 1532; x_wconf 88' lang='lat' dir='ltr'>est</span> <span class='ocrx_word' id='word_1_183' title='bbox 1380 1495 1559 1542; x_wconf 83' lang='lat' dir='ltr'>suspicio:</span> <span class='ocrx_word' id='word_1_184' title='bbox 1586 1507 1675 1532; x_wconf 84' lang='lat' dir='ltr'>nam</span> 
     </span>
     <span class='ocr_line' id='line_1_23' title="bbox 139 1542 1675 1590; baseline -0.002 -9"><span class='ocrx_word' id='word_1_185' title='bbox 139 1545 332 1581; x_wconf 82' lang='lat' dir='ltr'>Constant.</span> <span class='ocrx_word' id='word_1_186' title='bbox 361 1543 539 1590; x_wconf 86' lang='lat' dir='ltr'>Porphyr.</span> <span class='ocrx_word' id='word_1_187' title='bbox 574 1543 673 1589; x_wconf 89' lang='lat' dir='ltr'>(vide</span> <span class='ocrx_word' id='word_1_188' title='bbox 706 1545 833 1589; x_wconf 85' lang='lat' dir='ltr'>supra)</span> <span class='ocrx_word' id='word_1_189' title='bbox 866 1542 1156 1590; x_wconf 80' lang='lat' dir='ltr'><strong>haudquaquam</strong></span> <span class='ocrx_word' id='word_1_190' title='bbox 1189 1544 1356 1590; x_wconf 84' lang='lat' dir='ltr'>locuples</span> <span class='ocrx_word' id='word_1_191' title='bbox 1388 1544 1527 1579; x_wconf 80' lang='lat' dir='ltr'>auctor.</span> <span class='ocrx_word' id='word_1_192' title='bbox 1578 1542 1675 1579; x_wconf 88' lang='lat' dir='ltr'>Mihi</span> 
     </span>
     <span class='ocr_line' id='line_1_24' title="bbox 139 1590 1674 1638; baseline -0.002 -10"><span class='ocrx_word' id='word_1_193' title='bbox 139 1592 292 1638; x_wconf 87' lang='lat' dir='ltr'>quidem</span> <span class='ocrx_word' id='word_1_194' title='bbox 311 1591 547 1638; x_wconf 79' lang='lat' dir='ltr'><strong>epigramma</strong></span> <span class='ocrx_word' id='word_1_195' title='bbox 569 1601 645 1626; x_wconf 92' lang='lat' dir='ltr'>non</span> <span class='ocrx_word' id='word_1_196' title='bbox 669 1590 857 1636; x_wconf 75' lang='lat' dir='ltr'><strong>integrm</strong></span> <span class='ocrx_word' id='word_1_197' title='bbox 893 1593 1082 1628; x_wconf 80' lang='lat' dir='ltr'>servatum</span> <span class='ocrx_word' id='word_1_198' title='bbox 1110 1591 1275 1628; x_wconf 86' lang='lat' dir='ltr'>videtur:</span> <span class='ocrx_word' id='word_1_199' title='bbox 1308 1593 1438 1627; x_wconf 84' lang='lat' dir='ltr'>carent</span> <span class='ocrx_word' id='word_1_200' title='bbox 1468 1591 1566 1626; x_wconf 89' lang='lat' dir='ltr'>enim</span> <span class='ocrx_word' id='word_1_201' title='bbox 1600 1590 1674 1626; x_wconf 87' lang='lat' dir='ltr'>duo</span> 
     </span>
     <span class='ocr_line' id='line_1_25' title="bbox 139 1637 1674 1685; baseline -0.002 -9"><span class='ocrx_word' id='word_1_202' title='bbox 139 1639 316 1676; x_wconf 79' lang='lat' dir='ltr'>versiculi</span> <span class='ocrx_word' id='word_1_203' title='bbox 349 1638 470 1675; x_wconf 88' lang='lat' dir='ltr'>omnis</span> <span class='ocrx_word' id='word_1_204' title='bbox 500 1637 642 1684; x_wconf 86' lang='lat' dir='ltr'>ingenii</span> <span class='ocrx_word' id='word_1_205' title='bbox 673 1638 825 1682; x_wconf 90' lang='lat' dir='ltr'>lumine,</span> <span class='ocrx_word' id='word_1_206' title='bbox 858 1637 1092 1685; x_wconf 81' lang='lat' dir='ltr'><strong>epigramma</strong></span> <span class='ocrx_word' id='word_1_207' title='bbox 1118 1641 1244 1675; x_wconf 84' lang='lat' dir='ltr'>autem</span> <span class='ocrx_word' id='word_1_208' title='bbox 1269 1650 1343 1675; x_wconf 91' lang='lat' dir='ltr'>non</span> <span class='ocrx_word' id='word_1_209' title='bbox 1367 1638 1534 1685; x_wconf 86' lang='lat' dir='ltr'>ignobile</span> <span class='ocrx_word' id='word_1_210' title='bbox 1559 1638 1674 1674; x_wconf 85' lang='lat' dir='ltr'>fuisse</span> 
     </span>
     <span class='ocr_line' id='line_1_26' title="bbox 141 1685 1675 1742; baseline -0.002 -19"><span class='ocrx_word' id='word_1_211' title='bbox 141 1685 337 1742; x_wconf 71' lang='lat' dir='ltr'>Strabonis</span> <span class='ocrx_word' id='word_1_212' title='bbox 369 1685 628 1723; x_wconf 83' lang='lat' dir='ltr'>testimonium</span> <span class='ocrx_word' id='word_1_213' title='bbox 661 1685 799 1736; x_wconf 72' lang='lat' dir='ltr'>arguit.</span> <span class='ocrx_word' id='word_1_214' title='bbox 847 1685 1031 1722; x_wconf 84' lang='lat' dir='ltr'>Existimo</span> <span class='ocrx_word' id='word_1_215' title='bbox 1051 1686 1179 1741; x_wconf 36' lang='lat' dir='ltr'>‘igitur</span> <span class='ocrx_word' id='word_1_216' title='bbox 1210 1687 1280 1722; x_wconf 89' lang='lat' dir='ltr'>hoc</span> <span class='ocrx_word' id='word_1_217' title='bbox 1310 1685 1543 1732; x_wconf 80' lang='lat' dir='ltr'>poematium</span> <span class='ocrx_word' id='word_1_218' title='bbox 1576 1697 1675 1740; x_wconf 50' lang='lat' dir='ltr'>com:</span> 
     </span>
     <span class='ocr_line' id='line_1_27' title="bbox 139 1733 1678 1829; baseline -0.003 -10"><span class='ocrx_word' id='word_1_219' title='bbox 139 1736 428 1829; x_wconf 41' lang='lat' dir='ltr'>{gamas}</span> <span class='ocrx_word' id='word_1_220' title='bbox 446 1734 644 1827; x_wconf 45' lang='lat' dir='ltr'>{effi</span> <span class='ocrx_word' id='word_1_221' title='bbox 669 1733 1678 1826; x_wconf 55' lang='lat' dir='ltr'>{5ffissu¹2²⁰53mi⁰835¹2¹ffu532³533⁸220¹zu¹33mmffis1323</span> 
     </span>
     <span class='ocr_line' id='line_1_28' title="bbox 142 1827 1676 1875; baseline -0.002 -9"><span class='ocrx_word' id='word_1_222' title='bbox 142 1831 255 1866; x_wconf 84' lang='lat' dir='ltr'>tenue</span> <span class='ocrx_word' id='word_1_223' title='bbox 282 1828 486 1866; x_wconf 83' lang='lat' dir='ltr'>exordium.</span> <span class='ocrx_word' id='word_1_224' title='bbox 524 1828 584 1864; x_wconf 88' lang='lat' dir='ltr'>Ad</span> <span class='ocrx_word' id='word_1_225' title='bbox 609 1827 794 1864; x_wconf 88' lang='lat' dir='ltr'>colossum</span> <span class='ocrx_word' id='word_1_226' title='bbox 820 1828 919 1864; x_wconf 91' lang='lat' dir='ltr'>hunc</span> <span class='ocrx_word' id='word_1_227' title='bbox 943 1829 1108 1874; x_wconf 87' lang='lat' dir='ltr'>pertinet</span> <span class='ocrx_word' id='word_1_228' title='bbox 1133 1829 1248 1865; x_wconf 84' lang='lat' dir='ltr'>etiam</span> <span class='ocrx_word' id='word_1_229' title='bbox 1267 1828 1383 1875; x_wconf 83' lang='lat' dir='ltr'>epigr.</span> <span class='ocrx_word' id='word_1_230' title='bbox 1404 1828 1611 1873; x_wconf 82' lang='lat' dir='ltr'>adespoton</span> <span class='ocrx_word' id='word_1_231' title='bbox 1638 1828 1676 1863; x_wconf 90' lang='lat' dir='ltr'>in</span> 
     </span>
     <span class='ocr_line' id='line_1_29' title="bbox 144 1874 1678 1922; baseline -0.002 -9"><span class='ocrx_word' id='word_1_232' title='bbox 144 1877 262 1913; x_wconf 83' lang='lat' dir='ltr'>Anth.</span> <span class='ocrx_word' id='word_1_233' title='bbox 280 1875 321 1913; x_wconf 87' lang='lat' dir='ltr'>P.</span> <span class='ocrx_word' id='word_1_234' title='bbox 341 1876 394 1912; x_wconf 90' lang='lat' dir='ltr'>VI</span> <span class='ocrx_word' id='word_1_235' title='bbox 416 1880 495 1920; x_wconf 80' lang='lat'><strong>171,</strong></span> <span class='ocrx_word' id='word_1_236' title='bbox 515 1875 614 1922; x_wconf 91' lang='lat' dir='ltr'>quod</span> <span class='ocrx_word' id='word_1_237' title='bbox 640 1875 796 1911; x_wconf 80' lang='lat' dir='ltr'>Alcaeai</span> <span class='ocrx_word' id='word_1_238' title='bbox 815 1874 990 1911; x_wconf 87' lang='lat' dir='ltr'>Messenii</span> <span class='ocrx_word' id='word_1_239' title='bbox 1015 1887 1096 1913; x_wconf 86' lang='lat' dir='ltr'>esse</span> <span class='ocrx_word' id='word_1_240' title='bbox 1122 1876 1300 1912; x_wconf 81' lang='lat' dir='ltr'>arbitror:</span> <span class='ocrx_word' id='word_1_241' title='bbox 1327 1876 1400 1911; x_wconf 84' lang='lat' dir='ltr'>scri</span> <span class='ocrx_word' id='word_1_242' title='bbox 1427 1875 1477 1911; x_wconf 87' lang='lat' dir='ltr'>sit</span> <span class='ocrx_word' id='word_1_243' title='bbox 1500 1876 1572 1910; x_wconf 90' lang='lat' dir='ltr'>hoc</span> <span class='ocrx_word' id='word_1_244' title='bbox 1591 1886 1678 1921; x_wconf 87' lang='lat' dir='ltr'>poe-</span> 
     </span>
     <span class='ocr_line' id='line_1_30' title="bbox 143 1922 1676 1970; baseline -0.002 -9"><span class='ocrx_word' id='word_1_245' title='bbox 143 1924 286 1961; x_wconf 64' lang='lat' dir='ltr'>marion</span> <span class='ocrx_word' id='word_1_246' title='bbox 310 1923 424 1970; x_wconf 81' lang='lat' dir='ltr'>paulo</span> <span class='ocrx_word' id='word_1_247' title='bbox 450 1924 537 1959; x_wconf 85' lang='lat' dir='ltr'>ante</span> <span class='ocrx_word' id='word_1_248' title='bbox 563 1934 676 1968; x_wconf 81' lang='lat' dir='ltr'>quam</span> <span class='ocrx_word' id='word_1_249' title='bbox 702 1923 827 1958; x_wconf 84' lang='lat' dir='ltr'>statua</span> <span class='ocrx_word' id='word_1_250' title='bbox 851 1924 972 1959; x_wconf 77' lang='lat' dir='ltr'>terrae</span> <span class='ocrx_word' id='word_1_251' title='bbox 998 1925 1103 1960; x_wconf 89' lang='lat' dir='ltr'>motu</span> <span class='ocrx_word' id='word_1_252' title='bbox 1129 1934 1257 1960; x_wconf 86' lang='lat' dir='ltr'>eversa</span> <span class='ocrx_word' id='word_1_253' title='bbox 1281 1925 1356 1968; x_wconf 88' lang='lat' dir='ltr'>est,</span> <span class='ocrx_word' id='word_1_254' title='bbox 1425 1923 1450 1958; x_wconf 93' lang='lat' dir='ltr'>l.</span> <span class='ocrx_word' id='word_1_255' title='bbox 1477 1922 1676 1966; x_wconf 82' lang='lat' dir='ltr'>CXXXIX,</span> 
     </span>
     <span class='ocr_line' id='line_1_31' title="bbox 140 1969 1677 2015; baseline -0.002 -7"><span class='ocrx_word' id='word_1_256' title='bbox 140 1972 203 2008; x_wconf 82' lang='lat' dir='ltr'>vel</span> <span class='ocrx_word' id='word_1_257' title='bbox 226 1975 270 2008; x_wconf 86' lang='lat' dir='ltr'>ut</span> <span class='ocrx_word' id='word_1_258' title='bbox 295 1971 438 2007; x_wconf 68' lang='lat' dir='ltr'>Ludere</span> <span class='ocrx_word' id='word_1_259' title='bbox 463 1973 600 2014; x_wconf 88' lang='lat' dir='ltr'>censet,</span> <span class='ocrx_word' id='word_1_260' title='bbox 627 1969 683 2006; x_wconf 91' lang='lat' dir='ltr'>Ol.</span> <span class='ocrx_word' id='word_1_261' title='bbox 710 1969 929 2006; x_wconf 89' lang='lat' dir='ltr'>CXXXVIII</span> <span class='ocrx_word' id='word_1_262' title='bbox 958 1975 988 2007; x_wconf 92' lang='lat'>1.</span> <span class='ocrx_word' id='word_1_263' title='bbox 1033 1971 1118 2007; x_wconf 90' lang='lat' dir='ltr'>Non</span> <span class='ocrx_word' id='word_1_264' title='bbox 1131 1973 1232 2008; x_wconf 87' lang='lat' dir='ltr'>recte</span> <span class='ocrx_word' id='word_1_265' title='bbox 1252 1971 1445 2007; x_wconf 89' lang='lat' dir='ltr'>Benndorf</span> <span class='ocrx_word' id='word_1_266' title='bbox 1466 1970 1677 2015; x_wconf 84' lang='lat' dir='ltr'>(Archaeol.</span> 
     </span>
     <span class='ocr_line' id='line_1_32' title="bbox 143 2015 1676 2064; baseline -0.001 -10"><span class='ocrx_word' id='word_1_267' title='bbox 143 2020 231 2055; x_wconf 83' lang='lat' dir='ltr'>lnst.</span> <span class='ocrx_word' id='word_1_268' title='bbox 258 2032 287 2054; x_wconf 83' lang='lat' dir='ltr'>z.</span> <span class='ocrx_word' id='word_1_269' title='bbox 315 2018 439 2054; x_wconf 82' lang='lat' dir='ltr'>Athen</span> <span class='ocrx_word' id='word_1_270' title='bbox 470 2017 486 2053; x_wconf 96' lang='lat'>1</span> <span class='ocrx_word' id='word_1_271' title='bbox 510 2030 546 2064; x_wconf 89' lang='lat' dir='ltr'>p.</span> <span class='ocrx_word' id='word_1_272' title='bbox 572 2021 618 2053; x_wconf 86' lang='lat'>45</span> <span class='ocrx_word' id='word_1_273' title='bbox 639 2018 730 2062; x_wconf 82' lang='lat' dir='ltr'>seq.)</span> <span class='ocrx_word' id='word_1_274' title='bbox 763 2018 834 2054; x_wconf 90' lang='lat' dir='ltr'>hoc</span> <span class='ocrx_word' id='word_1_275' title='bbox 866 2018 1115 2064; x_wconf 80' lang='lat' dir='ltr'>epigramma,</span> <span class='ocrx_word' id='word_1_276' title='bbox 1148 2019 1247 2064; x_wconf 88' lang='lat' dir='ltr'>quod</span> <span class='ocrx_word' id='word_1_277' title='bbox 1278 2018 1480 2055; x_wconf 85' lang='lat' dir='ltr'>manifesto</span> <span class='ocrx_word' id='word_1_278' title='bbox 1513 2019 1571 2054; x_wconf 79' lang='lat' dir='ltr'>est</span> <span class='ocrx_word' id='word_1_279' title='bbox 1597 2015 1676 2054; x_wconf 79' lang='grc' dir='ltr'><strong><em>ἔπι-</em></strong></span> 
     </span>
     <span class='ocr_line' id='line_1_33' title="bbox 142 2063 1677 2111; baseline -0.001 -9"><span class='ocrx_word' id='word_1_280' title='bbox 142 2063 352 2111; x_wconf 73' lang='grc' dir='ltr'><strong><em>δεικτικόν,</em></strong></span> <span class='ocrx_word' id='word_1_281' title='bbox 384 2066 474 2102; x_wconf 86' lang='lat' dir='ltr'>olim</span> <span class='ocrx_word' id='word_1_282' title='bbox 516 2066 663 2101; x_wconf 84' lang='lat' dir='ltr'>statuae</span> <span class='ocrx_word' id='word_1_283' title='bbox 703 2065 951 2110; x_wconf 87' lang='lat' dir='ltr'>subscriptum</span> <span class='ocrx_word' id='word_1_284' title='bbox 995 2066 1109 2102; x_wconf 84' lang='lat' dir='ltr'>fuisse</span> <span class='ocrx_word' id='word_1_285' title='bbox 1155 2069 1282 2102; x_wconf 89' lang='lat' dir='ltr'>censet</span> <span class='ocrx_word' id='word_1_286' title='bbox 1319 2077 1407 2101; x_wconf 88' lang='lat' dir='ltr'>usus</span> <span class='ocrx_word' id='word_1_287' title='bbox 1445 2064 1677 2111; x_wconf 77' lang='lat' dir='ltr'>argumentis</span> 
     </span>
     <span class='ocr_line' id='line_1_34' title="bbox 142 2112 1678 2159; baseline -0.002 -9"><span class='ocrx_word' id='word_1_288' title='bbox 142 2113 357 2157; x_wconf 71' lang='lat' dir='ltr'>levissimis3</span> <span class='ocrx_word' id='word_1_289' title='bbox 382 2113 471 2149; x_wconf 67' lang='lat' dir='ltr'>itm)</span> <span class='ocrx_word' id='word_1_290' title='bbox 498 2124 631 2159; x_wconf 80' lang='lat' dir='ltr'>parum</span> <span class='ocrx_word' id='word_1_291' title='bbox 650 2112 852 2158; x_wconf 85' lang='lat' dir='ltr'>prudenter</span> <span class='ocrx_word' id='word_1_292' title='bbox 869 2124 1041 2150; x_wconf 82' lang='lat' dir='ltr'>assensus</span> <span class='ocrx_word' id='word_1_293' title='bbox 1061 2115 1118 2150; x_wconf 81' lang='lat' dir='ltr'>est</span> <span class='ocrx_word' id='word_1_294' title='bbox 1135 2113 1376 2158; x_wconf 81' lang='lat' dir='ltr'>Kirchhoffio,</span> <span class='ocrx_word' id='word_1_295' title='bbox 1401 2113 1466 2158; x_wconf 89' lang='lat' dir='ltr'>qui</span> <span class='ocrx_word' id='word_1_296' title='bbox 1484 2112 1558 2148; x_wconf 90' lang='lat' dir='ltr'>sibi</span> <span class='ocrx_word' id='word_1_297' title='bbox 1577 2112 1678 2148; x_wconf 83' lang='lat' dir='ltr'>visus</span> 
     </span>
     <span class='ocr_line' id='line_1_35' title="bbox 144 2156 1678 2214; baseline -0.001 -18"><span class='ocrx_word' id='word_1_298' title='bbox 144 2161 298 2197; x_wconf 82' lang='lat' dir='ltr'>titulum</span> <span class='ocrx_word' id='word_1_299' title='bbox 332 2160 582 2214; x_wconf 82' lang='lat' dir='ltr'>subscriptum</span> <span class='ocrx_word' id='word_1_300' title='bbox 612 2159 812 2196; x_wconf 78' lang='lat' dir='ltr'>simulacro</span> <span class='ocrx_word' id='word_1_301' title='bbox 843 2156 1002 2206; x_wconf 78' lang='grc' dir='ltr'><strong><em>Ἀθηνᾶς</em></strong></span> <span class='ocrx_word' id='word_1_302' title='bbox 1036 2159 1243 2208; x_wconf 83' lang='grc' dir='ltr'><strong><em>Προμάχου</em></strong></span> <span class='ocrx_word' id='word_1_303' title='bbox 1286 2160 1540 2207; x_wconf 82' lang='lat' dir='ltr'>indagavisse,</span> <span class='ocrx_word' id='word_1_304' title='bbox 1583 2170 1678 2204; x_wconf 84' lang='lat' dir='ltr'>quae</span> 
     </span>
     <span class='ocr_line' id='line_1_36' title="bbox 146 2208 1047 2254; baseline 0 -10"><span class='ocrx_word' id='word_1_305' title='bbox 146 2208 362 2245; x_wconf 86' lang='lat' dir='ltr'>coniectura</span> <span class='ocrx_word' id='word_1_306' title='bbox 389 2219 490 2244; x_wconf 83' lang='lat' dir='ltr'>omni</span> <span class='ocrx_word' id='word_1_307' title='bbox 515 2218 560 2243; x_wconf 87' lang='lat' dir='ltr'>ex</span> <span class='ocrx_word' id='word_1_308' title='bbox 584 2211 692 2253; x_wconf 81' lang='lat' dir='ltr'>parte</span> <span class='ocrx_word' id='word_1_309' title='bbox 719 2208 778 2243; x_wconf 88' lang='lat' dir='ltr'>est</span> <span class='ocrx_word' id='word_1_310' title='bbox 801 2208 1047 2254; x_wconf 86' lang='lat' dir='ltr'>reprobanda.</span> 
     </span>
    </p>
   </div>
   <div class='ocr_carea' id='block_1_7' title="bbox 146 2268 1684 2951">
    <p class='ocr_par' dir='ltr' id='par_1_7' title="bbox 146 2268 1682 2860">
     <span class='ocr_line' id='line_1_37' title="bbox 240 2268 1679 2337; baseline -0.001 -11"><span class='ocrx_word' id='word_1_311' title='bbox 240 2290 368 2337; x_wconf 79' lang='lat' dir='ltr'>Epigr.</span> <span class='ocrx_word' id='word_1_312' title='bbox 398 2295 476 2327; x_wconf 80' lang='lat'>186.</span> <span class='ocrx_word' id='word_1_313' title='bbox 525 2290 693 2336; x_wconf 77' lang='lat' dir='ltr'>Append.</span> <span class='ocrx_word' id='word_1_314' title='bbox 720 2291 834 2327; x_wconf 72' lang='lat' dir='ltr'>Anth.</span> <span class='ocrx_word' id='word_1_315' title='bbox 859 2291 940 2328; x_wconf 75' lang='lat' dir='ltr'>Pal.</span> <span class='ocrx_word' id='word_1_316' title='bbox 967 2295 1012 2327; x_wconf 64' lang='grc' dir='ltr'>ἰτ</span> <span class='ocrx_word' id='word_1_317' title='bbox 1045 2302 1090 2327; x_wconf 77' lang='lat' dir='ltr'>ex</span> <span class='ocrx_word' id='word_1_318' title='bbox 1121 2292 1203 2327; x_wconf 79' lang='lat' dir='ltr'>cod.</span> <span class='ocrx_word' id='word_1_319' title='bbox 1236 2291 1315 2327; x_wconf 77' lang='lat' dir='ltr'>Pal.</span> <span class='ocrx_word' id='word_1_320' title='bbox 1347 2303 1383 2336; x_wconf 83' lang='lat' dir='ltr'>p.</span> <span class='ocrx_word' id='word_1_321' title='bbox 1411 2287 1459 2336; x_wconf 76' lang='grc' dir='ltr'>α’,</span> <span class='ocrx_word' id='word_1_322' title='bbox 1492 2290 1557 2325; x_wconf 88' lang='lat' dir='ltr'>ubi</span> <span class='ocrx_word' id='word_1_323' title='bbox 1582 2268 1679 2335; x_wconf 68' lang='lat' dir='ltr'>effi,</span> 
     </span>
     <span class='ocr_line' id='line_1_38' title="bbox 147 2336 1680 2385; baseline -0.001 -11"><span class='ocrx_word' id='word_1_324' title='bbox 147 2338 244 2374; x_wconf 88' lang='lat' dir='ltr'>unde</span> <span class='ocrx_word' id='word_1_325' title='bbox 276 2348 405 2384; x_wconf 79' lang='lat' dir='ltr'>apogr.</span> <span class='ocrx_word' id='word_1_326' title='bbox 437 2337 612 2374; x_wconf 85' lang='lat' dir='ltr'>Dorvill.:</span> <span class='ocrx_word' id='word_1_327' title='bbox 643 2338 826 2383; x_wconf 85' lang='grc' dir='ltr'><strong><em>Σίμωνος.</em></strong></span> <span class='ocrx_word' id='word_1_328' title='bbox 870 2338 936 2374; x_wconf 88' lang='lat' dir='ltr'>sed</span> <span class='ocrx_word' id='word_1_329' title='bbox 967 2339 1047 2376; x_wconf 88' lang='lat' dir='ltr'>cod.</span> <span class='ocrx_word' id='word_1_330' title='bbox 1085 2339 1167 2374; x_wconf 84' lang='lat' dir='ltr'>Par.</span> <span class='ocrx_word' id='word_1_331' title='bbox 1200 2339 1415 2385; x_wconf 87' lang='grc' dir='ltr'><strong><em>σιμωνίδου.</em></strong></span> <span class='ocrx_word' id='word_1_332' title='bbox 1476 2336 1680 2373; x_wconf 86' lang='lat' dir='ltr'>Simonidis</span> 
     </span>
     <span class='ocr_line' id='line_1_39' title="bbox 147 2383 1680 2431; baseline -0.001 -9"><span class='ocrx_word' id='word_1_333' title='bbox 147 2386 248 2423; x_wconf 88' lang='lat' dir='ltr'>certe</span> <span class='ocrx_word' id='word_1_334' title='bbox 273 2397 346 2422; x_wconf 89' lang='lat' dir='ltr'>non</span> <span class='ocrx_word' id='word_1_335' title='bbox 373 2386 439 2427; x_wconf 87' lang='lat' dir='ltr'>est.</span> <span class='ocrx_word' id='word_1_336' title='bbox 465 2384 531 2421; x_wconf 88' lang='lat' dir='ltr'>sed</span> <span class='ocrx_word' id='word_1_337' title='bbox 555 2383 816 2421; x_wconf 83' lang='lat' dir='ltr'>Schneidewin</span> <span class='ocrx_word' id='word_1_338' title='bbox 849 2396 923 2421; x_wconf 92' lang='lat' dir='ltr'>non</span> <span class='ocrx_word' id='word_1_339' title='bbox 948 2387 1050 2422; x_wconf 87' lang='lat' dir='ltr'>recte</span> <span class='ocrx_word' id='word_1_340' title='bbox 1081 2386 1130 2422; x_wconf 89' lang='lat' dir='ltr'>ad</span> <span class='ocrx_word' id='word_1_341' title='bbox 1155 2386 1326 2421; x_wconf 76' lang='lat' dir='ltr'>Romana</span> <span class='ocrx_word' id='word_1_342' title='bbox 1350 2387 1523 2431; x_wconf 85' lang='lat' dir='ltr'>tempora</span> <span class='ocrx_word' id='word_1_343' title='bbox 1547 2384 1680 2428; x_wconf 78' lang='lat' dir='ltr'>refert3</span> 
     </span>
     <span class='ocr_line' id='line_1_40' title="bbox 146 2430 1681 2479; baseline -0.001 -10"><span class='ocrx_word' id='word_1_344' title='bbox 146 2432 396 2479; x_wconf 85' lang='lat' dir='ltr'>subscriptum</span> <span class='ocrx_word' id='word_1_345' title='bbox 415 2430 488 2468; x_wconf 74' lang='lat' dir='ltr'>fuit</span> <span class='ocrx_word' id='word_1_346' title='bbox 505 2432 739 2478; x_wconf 83' lang='lat' dir='ltr'>epigramma</span> <span class='ocrx_word' id='word_1_347' title='bbox 757 2433 916 2476; x_wconf 84' lang='lat' dir='ltr'>statuae,</span> <span class='ocrx_word' id='word_1_348' title='bbox 942 2444 1055 2478; x_wconf 83' lang='lat' dir='ltr'>quam</span> <span class='ocrx_word' id='word_1_349' title='bbox 1076 2434 1319 2470; x_wconf 81' lang='lat' dir='ltr'>Athenienses</span> <span class='ocrx_word' id='word_1_350' title='bbox 1338 2433 1490 2468; x_wconf 86' lang='lat' dir='ltr'>auctore</span> <span class='ocrx_word' id='word_1_351' title='bbox 1510 2431 1681 2478; x_wconf 77' lang='lat' dir='ltr'>Lycurgo</span> 
     </span>
     <span class='ocr_line' id='line_1_41' title="bbox 148 2478 1678 2524; baseline -0.001 -7"><span class='ocrx_word' id='word_1_352' title='bbox 148 2481 296 2517; x_wconf 82' lang='lat' dir='ltr'>oratore</span> <span class='ocrx_word' id='word_1_353' title='bbox 320 2480 359 2515; x_wconf 90' lang='lat' dir='ltr'>in</span> <span class='ocrx_word' id='word_1_354' title='bbox 383 2480 562 2515; x_wconf 88' lang='lat' dir='ltr'>honorem</span> <span class='ocrx_word' id='word_1_355' title='bbox 587 2478 826 2524; x_wconf 77' lang='lat' dir='ltr'>Neoptolemi</span> <span class='ocrx_word' id='word_1_356' title='bbox 850 2479 1010 2516; x_wconf 84' lang='lat' dir='ltr'>Anticlis</span> <span class='ocrx_word' id='word_1_357' title='bbox 1035 2480 1104 2516; x_wconf 82' lang='lat' dir='ltr'>filii</span> <span class='ocrx_word' id='word_1_358' title='bbox 1129 2480 1337 2516; x_wconf 84' lang='lat' dir='ltr'>Melitensis</span> <span class='ocrx_word' id='word_1_359' title='bbox 1370 2481 1578 2523; x_wconf 86' lang='lat' dir='ltr'>erexerunt,</span> <span class='ocrx_word' id='word_1_360' title='bbox 1603 2479 1678 2515; x_wconf 90' lang='lat' dir='ltr'>vid.</span> 
     </span>
     <span class='ocr_line' id='line_1_42' title="bbox 147 2523 1681 2574; baseline -0.003 -10"><span class='ocrx_word' id='word_1_361' title='bbox 147 2527 387 2574; x_wconf 71' lang='lat' dir='ltr'>Pseudoplut„</span> <span class='ocrx_word' id='word_1_362' title='bbox 414 2527 480 2563; x_wconf 76' lang='lat' dir='ltr'>vit.</span> <span class='ocrx_word' id='word_1_363' title='bbox 501 2525 535 2561; x_wconf 90' lang='lat' dir='ltr'>X</span> <span class='ocrx_word' id='word_1_364' title='bbox 554 2528 648 2563; x_wconf 83' lang='lat' dir='ltr'>orat.</span> <span class='ocrx_word' id='word_1_365' title='bbox 675 2525 819 2572; x_wconf 79' lang='grc' dir='ltr'><strong><em>ἔγραψε</em></strong></span> <span class='ocrx_word' id='word_1_366' title='bbox 847 2525 890 2562; x_wconf 74' lang='grc' dir='ltr'>δὲ</span> <span class='ocrx_word' id='word_1_367' title='bbox 917 2528 1165 2573; x_wconf 80' lang='grc' dir='ltr'><strong><em>(Λυκοῦργος)</em></strong></span> <span class='ocrx_word' id='word_1_368' title='bbox 1190 2527 1255 2563; x_wconf 79' lang='grc' dir='ltr'><strong><em>καὶ</em></strong></span> <span class='ocrx_word' id='word_1_369' title='bbox 1281 2525 1550 2573; x_wconf 87' lang='grc' dir='ltr'><strong><em>Νεοπτόλεμον</em></strong></span> <span class='ocrx_word' id='word_1_370' title='bbox 1573 2523 1681 2561; x_wconf 85' lang='grc' dir='ltr'><strong><em>Ἀντι-</em></strong></span> 
     </span>
     <span class='ocr_line' id='line_1_43' title="bbox 149 2569 1682 2620; baseline -0.002 -9"><span class='ocrx_word' id='word_1_371' title='bbox 149 2573 283 2616; x_wconf 74' lang='grc' dir='ltr'><strong><em>ἰιλέους</em></strong></span> <span class='ocrx_word' id='word_1_372' title='bbox 313 2574 554 2619; x_wconf 73' lang='grc' dir='ltr'><strong><em>στεφανῶσαι</em></strong></span> <span class='ocrx_word' id='word_1_373' title='bbox 584 2573 651 2609; x_wconf 78' lang='grc' dir='ltr'><strong><em>καὶ</em></strong></span> <span class='ocrx_word' id='word_1_374' title='bbox 681 2570 812 2610; x_wconf 77' lang='grc' dir='ltr'><strong><em>εἰκόνα</em></strong></span> <span class='ocrx_word' id='word_1_375' title='bbox 844 2569 1071 2618; x_wconf 75' lang='grc' dir='ltr'><strong><em>ἀναθεῖναι,</em></strong></span> <span class='ocrx_word' id='word_1_376' title='bbox 1104 2570 1161 2610; x_wconf 78' lang='grc' dir='ltr'>ὅτι</span> <span class='ocrx_word' id='word_1_377' title='bbox 1195 2572 1442 2620; x_wconf 74' lang='grc' dir='ltr'><strong><em>ἐπηγγείλατο</em></strong></span> <span class='ocrx_word' id='word_1_378' title='bbox 1477 2572 1682 2619; x_wconf 79' lang='grc' dir='ltr'><strong><em>χρυσώσειν</em></strong></span> 
     </span>
     <span class='ocr_line' id='line_1_44' title="bbox 150 2616 1682 2670; baseline -0.002 -12"><span class='ocrx_word' id='word_1_379' title='bbox 150 2619 217 2658; x_wconf 81' lang='grc' dir='ltr'><strong><em>τὸν</em></strong></span> <span class='ocrx_word' id='word_1_380' title='bbox 236 2620 364 2668; x_wconf 79' lang='grc' dir='ltr'><strong><em>βωμὸν</em></strong></span> <span class='ocrx_word' id='word_1_381' title='bbox 383 2622 451 2658; x_wconf 81' lang='grc' dir='ltr'>τοῦ</span> <span class='ocrx_word' id='word_1_382' title='bbox 469 2618 690 2662; x_wconf 83' lang='grc' dir='ltr'><strong><em>’Λπόλλωνος</em></strong></span> <span class='ocrx_word' id='word_1_383' title='bbox 709 2619 751 2657; x_wconf 79' lang='grc' dir='ltr'><strong><em>ἐν</em></strong></span> <span class='ocrx_word' id='word_1_384' title='bbox 770 2616 893 2670; x_wconf 79' lang='grc' dir='ltr'><strong><em>οἶγορᾷ</em></strong></span> <span class='ocrx_word' id='word_1_385' title='bbox 907 2619 1004 2657; x_wconf 73' lang='grc' dir='ltr'><strong><em>κατὰ</em></strong></span> <span class='ocrx_word' id='word_1_386' title='bbox 1018 2619 1087 2667; x_wconf 84' lang='grc' dir='ltr'><strong><em>τὴν</em></strong></span> <span class='ocrx_word' id='word_1_387' title='bbox 1100 2623 1283 2668; x_wconf 84' lang='grc' dir='ltr'><strong><em>μαντείαν</em></strong></span> <span class='ocrx_word' id='word_1_388' title='bbox 1297 2622 1365 2657; x_wconf 82' lang='grc' dir='ltr'>τοῦ</span> <span class='ocrx_word' id='word_1_389' title='bbox 1380 2622 1494 2657; x_wconf 80' lang='grc' dir='ltr'><strong><em>θεοῦ.</em></strong></span> <span class='ocrx_word' id='word_1_390' title='bbox 1530 2620 1682 2656; x_wconf 77' lang='lat' dir='ltr'>Libera·</span> 
     </span>
     <span class='ocr_line' id='line_1_45' title="bbox 151 2667 1682 2715; baseline -0.002 -9"><span class='ocrx_word' id='word_1_391' title='bbox 151 2669 259 2706; x_wconf 82' lang='lat' dir='ltr'>litate</span> <span class='ocrx_word' id='word_1_392' title='bbox 284 2671 324 2706; x_wconf 89' lang='lat' dir='ltr'>et</span> <span class='ocrx_word' id='word_1_393' title='bbox 349 2669 490 2706; x_wconf 87' lang='lat' dir='ltr'>divitiis</span> <span class='ocrx_word' id='word_1_394' title='bbox 515 2668 671 2715; x_wconf 86' lang='lat' dir='ltr'>insignis</span> <span class='ocrx_word' id='word_1_395' title='bbox 695 2667 809 2704; x_wconf 84' lang='lat' dir='ltr'>fuisse</span> <span class='ocrx_word' id='word_1_396' title='bbox 835 2667 994 2714; x_wconf 86' lang='lat' dir='ltr'>videtur,</span> <span class='ocrx_word' id='word_1_397' title='bbox 1019 2668 1106 2704; x_wconf 83' lang='lat' dir='ltr'>vide</span> <span class='ocrx_word' id='word_1_398' title='bbox 1132 2669 1323 2705; x_wconf 83' lang='lat' dir='ltr'>Demosth.</span> <span class='ocrx_word' id='word_1_399' title='bbox 1349 2668 1395 2704; x_wconf 88' lang='lat' dir='ltr'>de</span> <span class='ocrx_word' id='word_1_400' title='bbox 1425 2668 1506 2703; x_wconf 89' lang='lat' dir='ltr'>Cor.</span> <span class='ocrx_word' id='word_1_401' title='bbox 1542 2671 1573 2711; x_wconf 68' lang='grc' dir='ltr'>ς.</span> <span class='ocrx_word' id='word_1_402' title='bbox 1595 2671 1682 2703; x_wconf 81' lang='lat'>114:</span> 
     </span>
     <span class='ocr_line' id='line_1_46' title="bbox 153 2711 1680 2762; baseline -0.002 -9"><span class='ocrx_word' id='word_1_403' title='bbox 153 2713 234 2753; x_wconf 64' lang='grc' dir='ltr'><strong><em>εὖθ’</em></strong></span> <span class='ocrx_word' id='word_1_404' title='bbox 262 2713 389 2753; x_wconf 73' lang='grc' dir='ltr'><strong><em>οὑτοσὶ</em></strong></span> <span class='ocrx_word' id='word_1_405' title='bbox 415 2712 680 2762; x_wconf 87' lang='grc' dir='ltr'><strong><em>Νεοπτόλεμος</em></strong></span> <span class='ocrx_word' id='word_1_406' title='bbox 702 2714 849 2751; x_wconf 74' lang='grc' dir='ltr'><strong><em>πολλῶν</em></strong></span> <span class='ocrx_word' id='word_1_407' title='bbox 876 2713 995 2760; x_wconf 78' lang='grc' dir='ltr'><strong><em>ἔργων</em></strong></span> <span class='ocrx_word' id='word_1_408' title='bbox 1022 2712 1221 2761; x_wconf 77' lang='grc' dir='ltr'><strong><em>ἐπιστάτης</em></strong></span> <span class='ocrx_word' id='word_1_409' title='bbox 1253 2711 1306 2751; x_wconf 75' lang='grc' dir='ltr'><strong><em>ὢν</em></strong></span> <span class='ocrx_word' id='word_1_410' title='bbox 1333 2712 1399 2760; x_wconf 80' lang='grc' dir='ltr'>ἐφ’</span> <span class='ocrx_word' id='word_1_411' title='bbox 1427 2713 1483 2756; x_wconf 81' lang='grc' dir='ltr'><strong><em>οἷς</em></strong></span> <span class='ocrx_word' id='word_1_412' title='bbox 1511 2712 1680 2751; x_wconf 71' lang='grc' dir='ltr'><strong><em>ἐπέδωκε</em></strong></span> 
     </span>
     <span class='ocr_line' id='line_1_47' title="bbox 152 2758 1682 2810; baseline -0.001 -10"><span class='ocrx_word' id='word_1_413' title='bbox 152 2765 355 2810; x_wconf 74' lang='grc' dir='ltr'><strong><em>τετίμηται.</em></strong></span> <span class='ocrx_word' id='word_1_414' title='bbox 400 2764 445 2801; x_wconf 87' lang='lat' dir='ltr'>cf.</span> <span class='ocrx_word' id='word_1_415' title='bbox 468 2763 617 2800; x_wconf 86' lang='lat' dir='ltr'>Boeckh</span> <span class='ocrx_word' id='word_1_416' title='bbox 636 2762 688 2799; x_wconf 70' lang='lat' dir='ltr'>Ge</span> <span class='ocrx_word' id='word_1_417' title='bbox 708 2773 748 2798; x_wconf 89' lang='lat' dir='ltr'>re</span> <span class='ocrx_word' id='word_1_418' title='bbox 767 2773 850 2798; x_wconf 85' lang='lat' dir='ltr'>nav.</span> <span class='ocrx_word' id='word_1_419' title='bbox 872 2762 1007 2799; x_wconf 88' lang='lat' dir='ltr'>Athen.</span> <span class='ocrx_word' id='word_1_420' title='bbox 1028 2775 1064 2808; x_wconf 88' lang='lat' dir='ltr'>p.</span> <span class='ocrx_word' id='word_1_421' title='bbox 1084 2766 1164 2799; x_wconf 79' lang='lat'>245.</span> <span class='ocrx_word' id='word_1_422' title='bbox 1193 2783 1237 2789; x_wconf 90' lang='lat'>-</span> <span class='ocrx_word' id='word_1_423' title='bbox 1264 2762 1307 2799; x_wconf 89' lang='lat' dir='ltr'>V.</span> <span class='ocrx_word' id='word_1_424' title='bbox 1335 2768 1368 2798; x_wconf 76' lang='lat'>2.</span> <span class='ocrx_word' id='word_1_425' title='bbox 1395 2758 1549 2803; x_wconf 73' lang='grc' dir='ltr'><strong><em>εὐνοίας</em></strong></span> <span class='ocrx_word' id='word_1_426' title='bbox 1574 2758 1682 2798; x_wconf 72' lang='grc' dir='ltr'><strong><em>εὗσε-</em></strong></span> 
     </span>
     <span class='ocr_line' id='line_1_48' title="bbox 155 2808 1095 2860; baseline -0.001 -14"><span class='ocrx_word' id='word_1_427' title='bbox 155 2810 239 2860; x_wconf 81' lang='grc' dir='ltr'><strong><em>βίας</em></strong></span> <span class='ocrx_word' id='word_1_428' title='bbox 261 2808 308 2847; x_wconf 73' lang='grc' dir='ltr'>θ’</span> <span class='ocrx_word' id='word_1_429' title='bbox 336 2811 426 2848; x_wconf 90' lang='lat' dir='ltr'>olim</span> <span class='ocrx_word' id='word_1_430' title='bbox 451 2811 633 2857; x_wconf 87' lang='lat' dir='ltr'>scriptum</span> <span class='ocrx_word' id='word_1_431' title='bbox 657 2810 771 2846; x_wconf 82' lang='lat' dir='ltr'>fuisse</span> <span class='ocrx_word' id='word_1_432' title='bbox 796 2811 1095 2846; x_wconf 81' lang='lat' dir='ltr'>consentaneum.</span> 
     </span>
    </p>

    <p class='ocr_par' dir='ltr' id='par_1_8' title="bbox 155 2854 1684 2951">
     <span class='ocr_line' id='line_1_49' title="bbox 249 2854 1684 2905; baseline -0.001 -11"><span class='ocrx_word' id='word_1_433' title='bbox 249 2858 377 2905; x_wconf 82' lang='lat' dir='ltr'>Epigr.</span> <span class='ocrx_word' id='word_1_434' title='bbox 405 2862 483 2896; x_wconf 76' lang='lat'>187.</span> <span class='ocrx_word' id='word_1_435' title='bbox 534 2858 646 2893; x_wconf 88' lang='lat' dir='ltr'>Anth.</span> <span class='ocrx_word' id='word_1_436' title='bbox 672 2858 701 2893; x_wconf 91' lang='lat' dir='ltr'>P</span> <span class='ocrx_word' id='word_1_437' title='bbox 724 2855 811 2892; x_wconf 86' lang='lat' dir='ltr'>XIII</span> <span class='ocrx_word' id='word_1_438' title='bbox 838 2861 900 2892; x_wconf 84' lang='lat'>11:</span> <span class='ocrx_word' id='word_1_439' title='bbox 932 2858 1149 2902; x_wconf 75' lang='grc' dir='ltr'><strong><em>Σιμωνίδου</em></strong></span> <span class='ocrx_word' id='word_1_440' title='bbox 1182 2854 1443 2903; x_wconf 82' lang='grc' dir='ltr'><strong><em>πεντάμετρον</em></strong></span> <span class='ocrx_word' id='word_1_441' title='bbox 1467 2854 1684 2903; x_wconf 78' lang='grc' dir='ltr'><strong><em>ὖποχρημα·</em></strong></span> 
     </span>
     <span class='ocr_line' id='line_1_50' title="bbox 155 2901 1680 2951; baseline 0 -11"><span class='ocrx_word' id='word_1_442' title='bbox 155 2905 229 2950; x_wconf 78' lang='grc' dir='ltr'><strong><em>τιξ,</em></strong></span> <span class='ocrx_word' id='word_1_443' title='bbox 251 2905 317 2942; x_wconf 86' lang='lat' dir='ltr'>ubi</span> <span class='ocrx_word' id='word_1_444' title='bbox 342 2905 577 2943; x_wconf 78' lang='lat' dir='ltr'>scribendum</span> <span class='ocrx_word' id='word_1_445' title='bbox 603 2903 913 2951; x_wconf 83' lang='grc' dir='ltr'><strong><em>τετράμετρον</em></strong></span> <span class='ocrx_word' id='word_1_446' title='bbox 944 2901 1323 2950; x_wconf 77' lang='grc' dir='ltr'><strong><em>ὑπορχηματικόν.</em></strong></span> <span class='ocrx_word' id='word_1_447' title='bbox 1383 2904 1520 2940; x_wconf 83' lang='lat' dir='ltr'>Versus</span> <span class='ocrx_word' id='word_1_448' title='bbox 1548 2908 1565 2940; x_wconf 87' lang='lat'>1</span> <span class='ocrx_word' id='word_1_449' title='bbox 1594 2906 1633 2940; x_wconf 89' lang='lat' dir='ltr'>et</span> <span class='ocrx_word' id='word_1_450' title='bbox 1658 2908 1680 2939; x_wconf 80' lang='lat'><em>2</em></span> 
     </span>
    </p>
   </div>
   <div class='ocr_carea' id='block_1_8' title="bbox 157 2950 1089 2998">
    <p class='ocr_par' dir='ltr' id='par_1_9' title="bbox 34 2935 1089 3005">
     <span class='ocr_line' id='line_1_51' title="bbox 157 2950 1089 2998; baseline 0 -10"><span class='ocrx_word' id='word_1_451' title='bbox 157 2950 297 2989; x_wconf 85' lang='lat' dir='ltr'>similes</span> <span class='ocrx_word' id='word_1_452' title='bbox 323 2956 411 2989; x_wconf 86' lang='lat' dir='ltr'>sunt</span> <span class='ocrx_word' id='word_1_453' title='bbox 435 2951 683 2989; x_wconf 82' lang='lat' dir='ltr'>Archilochiis</span> <span class='ocrx_word' id='word_1_454' title='bbox 709 2950 944 2998; x_wconf 75' lang='lat' dir='ltr'>asynartetis,</span> <span class='ocrx_word' id='word_1_455' title='bbox 969 2952 1089 2988; x_wconf 87' lang='lat' dir='ltr'>velut:</span> 
     </span>
    </p>
   </div>
   <div class='ocr_carea' id='block_1_9' title="bbox 0 1449 107 3126">
    <p class='ocr_par' dir='ltr' id='par_1_10' title="bbox 0 1449 107 3126">
     <span class='ocr_line' id='line_1_52' title="bbox 0 1449 107 3126; baseline 0 0"><span class='ocrx_word' id='word_1_456' title='bbox 0 1449 107 3126; x_wconf 95' lang='lat' dir='ltr'> </span> 
     </span>
    </p>
   </div>
   <div class='ocr_carea' id='block_1_10' title="bbox 229 3015 1402 3046">
    <p class='ocr_par' dir='ltr' id='par_1_11' title="bbox 229 3015 1402 3046">
     <span class='ocr_line' id='line_1_53' title="bbox 229 3015 1402 3046; baseline 0.002 -2"><span class='ocrx_word' id='word_1_457' title='bbox 229 3016 360 3045; x_wconf 73' lang='lat' dir='ltr'>Pom-u</span> <span class='ocrx_word' id='word_1_458' title='bbox 378 3018 456 3045; x_wconf 65' lang='lat' dir='ltr'>Iin.</span> <span class='ocrx_word' id='word_1_459' title='bbox 474 3019 533 3046; x_wconf 89' lang='lat'>111.</span> <span class='ocrx_word' id='word_1_460' title='bbox 1357 3015 1402 3046; x_wconf 86' lang='lat'>33</span> 
     </span>
    </p>
   </div>
  </div>
 </body>
</html>
