1864 3126
740 209 744 212 ,
782 160 1063 198 TELEsmLA.
1602 156 1686 200 381

154 277 404 331 μασίχθων
434 277 726 327 corrigendum.
789 274 901 315 Conf.
927 275 1097 314 Pausan.
1127 272 1166 312 II
1194 274 1262 324 21,
1289 275 1327 324 9,
1359 272 1426 311 ubi
1460 270 1690 322 Argolicam

155 344 303 384 famam
336 344 384 383 de
415 344 477 383 his
517 343 671 382 Niobae
709 341 802 381 filiis
840 341 982 381 refert·
1020 335 1093 392 τὴν
1130 335 1173 377 δὲ
1211 333 1346 378 εἰκόνα
1382 332 1489 389 παρὰ
1526 338 1572 391 τῇ
1607 338 1692 391 θεῷ

156 410 225 462 τῆς
254 406 462 462 παρθένου
495 410 655 460 Χλῶριν
686 402 945 460 ὀνομάζουσι,
982 401 1140 457 Νιόβης
1171 401 1242 455 μὲν
1273 401 1474 456 θυγατέρα
1504 397 1605 443 εἶναι
1636 378 1694 442 λέ-

155 489 307 529 γοντες,
357 473 582 526 Μελίβοιαν
619 470 663 512 δὲ
706 474 911 512 καλεῖσθαι
954 469 994 519 ἔξ
1025 466 1164 522 ἀρχῆς·
1203 465 1488 521 ἀπολλυμένων
1525 466 1568 509 δὲ
1611 464 1692 509 ὑπὸ

152 535 400 587 ’Λπόλλωνος
431 537 497 578 καὶ
522 534 744 591 Ἀρτέμιδος
780 538 858 576 τῶν
889 532 1106 588 Ἀμφίονος
1129 534 1288 575 παίδων
1313 532 1590 588 περιγενέσθαι
1621 531 1693 587 μὲν

156 600 286 657 μόνην
315 605 393 643 τῶν
424 598 611 655 ἀδελφῶν
640 598 786 654 ταύτην
815 599 881 641 καὶ
907 597 1118 653 Ἀμύκλαν,
1149 598 1426 654 περιγενέσθαι
1458 597 1501 640 δὲ
1532 595 1692 652 εὐξαμέ-

157 684 255 718 νους
297 671 343 723 τῇ
380 673 519 722 Λητοῖ.
561 668 787 721 Μελίβοιαν
825 664 868 706 δὲ
906 682 1007 707 ουτω
1047 663 1098 718 δή
1134 682 1169 706 τι
1206 665 1427 717 παραυτίκα
1463 680 1502 705 τε
1539 660 1695 718 χλωρὰν

157 733 318 787 ἐποίησε
347 731 389 775 τὸ
423 735 559 788 δεῖμα,
591 732 658 774 καὶ
688 732 728 782 ές
757 729 799 773 τὸ
833 728 973 774 λοιπὸν
1003 733 1072 773 τοῦ
1104 731 1195 784 βίου
1227 728 1440 783 διέμεινεν,
1472 726 1525 779 ὥς
1555 728 1621 770 καὶ
1651 725 1693 770 τὸ

156 797 284 854 ὄνομα
327 799 390 841 ἐπὶ
433 803 485 857 τῷ
529 795 721 853 συμβάντι
760 794 847 838 ἀντὶ
887 796 1109 850 Μελιβοίας
1153 793 1251 851 αὐτῇ
1295 794 1481 850 γενέσθαι
1523 798 1694 848 Χλῶριν.

157 866 278 917 Apud
319 867 609 918 Apollodorum
655 859 952 917 πρεσβυτάτη
1002 863 1283 914 corrigendum
1325 875 1398 914 pro
1442 859 1695 914 πρεσβυτέρα,

158 943 287 982 neque
319 932 425 971 enim
456 931 675 972 verisimile
707 930 808 970 duas
841 930 1018 969 eiusdem
1043 929 1215 969 nominis
1241 928 1344 968 filias
1370 928 1524 968 Niobae
1556 928 1695 967 fuisse.

158 996 268 1043 Quae
314 998 454 1036 contra
491 998 589 1036 haec
632 995 858 1046 disputavit
902 993 991 1034 Car.
1029 995 1182 1034 Robert
1222 994 1271 1034 de
1315 993 1554 1044 Apollodori
1595 993 1693 1032 bibl.

159 1074 195 1111 p.
230 1062 297 1109 52,
330 1061 431 1100 nihil
462 1074 614 1112 moror,
651 1072 779 1110 neque
818 1060 925 1112 enini
961 1073 1126 1111 operam
1164 1060 1271 1109 dedi,
1309 1062 1356 1099 ut
1394 1059 1528 1099 varias
1560 1071 1696 1098 narra-

156 1126 287 1166 tiones
319 1140 408 1166 cum
440 1126 674 1178 Apollodori
705 1127 892 1178 catalogo
924 1125 1195 1174 conciliarem,
1240 1126 1286 1163 ut
1316 1124 1468 1164 Robert
1498 1124 1698 1174 opinatur.

910 1243 948 1285 6.

204 1348 214 1355 ¹
278 1330 468 1380 Hesych.:
500 1325 777 1377 Βελτιιότας·
815 1324 897 1376 τὰς
933 1329 1108 1382 βελτίους
1143 1327 1355 1368 Τελέσιλλα.
1418 1328 1504 1367 Aut
1533 1323 1602 1375 τὰς
1632 1327 1695 1366 de-

158 1395 321 1434 lendum
353 1396 425 1433 aut
454 1390 546 1443 τοὺς
577 1395 844 1445 scribendum,
867 1395 1035 1436 ,Lobeck
1067 1392 1381 1446 βελτιωτέρας
1412 1393 1589 1432 coniecit.

910 1511 947 1553 7.

278 1598 425 1637 Athen.
459 1598 514 1636 XI
548 1599 646 1647 467,
681 1599 725 1638 5:
770 1594 971 1637 Τελέσιλλα
1002 1594 1045 1636 δὲ
1076 1592 1101 1649 ἡ
1130 1593 1287 1650 Ἀργεία
1318 1595 1384 1636 καὶ
1415 1592 1486 1648 τὴν
1517 1591 1598 1635 ἅλω
1629 1611 1698 1635 κα-

158 1666 221 1703 λεῖ
247 1663 413 1703 δεῖνον
444 1658 494 1716 (C
528 1676 650 1714 supra
681 1659 826 1716 δῖνον).
890 1663 947 1702 Cf.
981 1663 1094 1702 Eust.
1133 1663 1258 1711 1207,
1292 1664 1330 1701 9.

912 1780 950 1822 8.

280 1866 379 1904 Poll.
418 1865 459 1904 II
498 1868 571 1906 23:
620 1865 702 1906 Καὶ
752 1862 860 1919 παρὰ
906 1841 1137 1918 Φερεκράτει
1183 1860 1469 1917 οὐλοκέφαλος·
1515 1860 1699 1904 οὖλοκί-

160 1946 302 1987 κιννα
345 1928 388 1970 δὲ
434 1929 637 1972 Τελέσιλλα
681 1932 820 1985 εἴρηκε.
865 1945 963 1972 corr.
997 1927 1357 1981 οὖλοκίκιννος,
1402 1931 1467 1971 vel
1511 1926 1700 1970 οὐλοκι-

161 1996 313 2039 κίννα.

914 2090 955 2132 9.

284 2175 373 2215 Soh.
404 2176 523 2215 Hom.
555 2175 628 2216 Od.
660 2191 684 2215 ν
717 2177 820 2216 289:
866 2177 980 2231 Καλῇ
1018 2190 1056 2216 τε
1094 2172 1242 2230 μεγάλῃ
1279 2190 1328 2216 τε.
1388 2171 1457 2214 Ἐκ
1497 2175 1565 2226 τῆς
1603 2169 1701 2212 κατὰ

163 2235 236 2291 τὴν
265 2235 367 2290 ὄψιν
396 2236 652 2292 κοσμιότητος
682 2239 748 2281 καὶ
780 2240 919 2289 αἰδοῦς
949 2241 1016 2282 καὶ
1046 2244 1159 2282 τοῦτο
1191 2237 1383 2282 ὖπονοεῖν
1415 2240 1567 2289 δίδωσι,
1591 2235 1701 2279 καθα

164 2300 231 2342 καὶ
272 2300 466 2355 Ξενοφῶν
508 2303 574 2344 καὶ
614 2303 814 2346 Τελέσιλλα
850 2301 876 2359 ἡ
909 2302 1063 2361 Ἀργεία
1107 2302 1399 2360 διαγράφουσιν
1436 2301 1593 2357 Ἀρετῆς
1636 2302 1703 2344 καὶ

165 2367 473 2422 Καλοκαγαθίας
515 2365 659 2410 εἰκόνα.
721 2370 884 2410 Nitzsch
929 2373 1028 2413 coni.
1067 2368 1222 2424 Ἀρετῆς
1267 2369 1332 2411 καὶ
1382 2369 1581 2418 Κακίας,
1624 2383 1703 2409 non

164 2436 284 2482 recte,
303 2434 475 2473 alterum
495 2434 733 2474 vocabulum
752 2436 1068 2488 Xenophontem,
1087 2438 1260 2476 alterum
1281 2435 1511 2475 Telesinam
1533 2437 1701 2484 spectat.

165 2498 386 2540 Pravitatis
418 2499 529 2539 notio
555 2500 606 2539 ab
638 2499 711 2540 hoc
743 2501 828 2541 loco
860 2502 1020 2542 omnino
1053 2501 1195 2542 aliena.

286 2600 454 2639 Photius
495 2600 536 2639 in
573 2600 824 2641 Bibliotheca
859 2602 901 2641 in
937 2602 1120 2653 catalogo
1157 2604 1386 2653 poetarum,
1422 2601 1567 2652 quibus
1607 2613 1703 2640 usus

169 2666 224 2705 sit
254 2667 463 2718 Stobaeus,
495 2667 618 2706 etiam
649 2667 881 2706 Telesillam
911 2668 1121 2717 memorat,
1150 2679 1256 2706 nunc
1285 2666 1387 2705 nulli
1418 2678 1558 2706 versus
1591 2666 1706 2706 Tele·

170 2731 286 2771 sillae
331 2731 436 2782 apud
487 2731 703 2771 stobaeum
754 2733 911 2781 extant,
958 2744 1087 2782 neque
1139 2745 1188 2771 ex
1237 2731 1440 2782 adespotis
1490 2731 1703 2782 lyricorum

173 2795 414 2847 fragmentis
446 2808 549 2846 quae
581 2796 637 2835 ibi
668 2797 870 2847 leguntur,
901 2797 996 2836 licet
1025 2796 1240 2848 quidquam
1279 2797 1456 2847 Argivae
1494 2797 1707 2836 vindicare.
