1864 3126
0 1862 14 1926 -ιίιη
0 1814 12 1851 ’μ
0 1707 10 1802 mum
0 1585 10 1694 -w-v-x
0 1543 6 1572 ⁷-

721 153 1070 192 BACCHYLIDES.
1572 152 1662 196 575

121 281 240 321 quem
260 266 422 309 Servius
448 268 628 318 exhibet,
660 280 708 308 ex
733 268 994 319 logographis
1019 267 1181 308 videtur
1206 266 1358 318 petitus
1390 279 1490 318 esse,
1522 278 1661 318 quam-

120 345 240 386 quam
271 333 457 374 ,fortasse
499 333 762 384 Bacchylides
804 322 963 385 quoque
1006 333 1168 374 nomina
1210 332 1427 372 memoriae
1473 331 1662 383 prodidit,

119 411 223 451 quae
254 398 375 439 etiam
400 398 443 439 in
473 397 632 451 Clytiae
656 398 822 450 pictoris
848 399 1010 438 vasculo
1042 397 1294 448 Florentino,
1325 398 1514 449 antiquae
1540 396 1662 437 Grae-

118 476 258 505 corum
307 464 407 504 artis
457 463 803 515 praestantissimo
858 466 1136 514 monumento,
1200 463 1404 515 adscripta
1459 464 1661 515 leguntur.

118 529 312 580 Nomina,
343 543 446 583 quae
478 530 641 571 Servius
673 529 854 581 exhibet,
892 530 1091 582 corrigere
1122 529 1298 570 tentavit
1328 527 1375 569 Ο.
1406 528 1508 568 Iahn
1538 527 1659 567 Arch.

118 595 248 637 Beitr.
278 609 317 647 p.
350 597 454 645 453,
492 596 540 636 cf.
580 607 683 647 quae
721 594 827 635 idem
866 596 1025 636 Mflnch.
1057 595 1152 634 Vas.
1183 609 1221 646 p.
1254 594 1424 634 CXVIII
1466 594 1661 646 exposuit.

858 711 925 755 18.

237 797 348 838 Serv.
368 797 481 850 Virg.
500 798 601 839 Aen.
619 798 677 837 XI
697 799 771 838 93:
791 798 962 838 Versis
981 798 1195 838 Arcades
1216 796 1396 849 armis]
1430 797 1661 848 Lugentum

118 875 230 904 more
266 875 496 903 mucronem
533 865 692 915 hastae,
736 876 816 903 non
854 863 1060 914 cuspidem
1098 866 1237 903 contra
1274 866 1427 904 terram
1464 864 1662 915 tenentes,

119 929 307 979 quoniam
338 929 494 980 antiqui
524 929 654 969 nostri
685 929 818 969 omnia
843 929 1047 968 contraria
1070 929 1113 967 in
1137 929 1278 969 funere
1302 929 1515 979 faciebant,
1547 930 1661 968 scuta

118 994 242 1035 etiam
260 995 506 1035 invertentes
524 997 689 1046 propter
707 994 875 1044 numina
897 994 980 1034 illic
1004 994 1180 1046 depicta,
1205 1007 1256 1034 ne
1281 1007 1420 1035 eorum
1447 995 1662 1035 simulacra

119 1060 326 1100 cadaveris
351 1059 629 1110 polluerentur
653 1062 837 1111 aspectu,
863 1059 969 1100 sicut
990 1060 1180 1100 habuisse
1199 1060 1378 1100 Arcades
1398 1059 1661 1110 Bacchylides

21 1126 38 1143 “
118 1126 159 1165 in
184 1126 515 1177 dithyrambis
546 1123 678 1166 dicit.“
727 1126 841 1165 Neue
859 1126 938 1166 huc
955 1125 1082 1165 refert
1099 1126 1148 1165 fr.
1169 1127 1238 1177 41,
1264 1126 1370 1177 quod
1395 1126 1556 1176 quidem
1575 1138 1663 1176 per-

118 1203 241 1243 quam
271 1191 479 1232 incertum.

649 1370 1158 1432 ΠΡΟΣΏΔΙΑ,

794 1478 1000 1533 19.[18.]

214 1571 1026 1595 -υ-υυ-υ-Δυ-υυ-υξέ’

214 1631 477 1654 ,ιυ-υυ-
501 1636 765 1654 υυυυυυ
788 1630 1053 1654 -υυ-υξέ

214 1690 862 1715 ,ιυ-υ-υ-..Αυυ-υὲ
1569 1680 1660 1712 1232

215 1745 289 1773 ύύ
310 1754 526 1773 υυυυυ
551 1750 863 1774 Aua--.ruz

217 1935 299 1993 Εἷς
330 1938 456 1998 ὅρος,
489 1943 568 1998 μία
600 1939 650 1985 δὲ
680 1943 860 1997 βροτοῖς
891 1940 1014 1985 ἐστὶν
1045 1939 1251 1999 εὐτυχίας
1282 1938 1410 1996 ὁδός,

215 2010 369 2068 θυμὸν
400 2016 445 2056 εἴ
470 2028 536 2064 τις
567 2014 681 2069 ἔχων
712 2009 890 2069 ἀπενθῆ
924 2014 1143 2057 διατελεῖν
1176 2011 1366 2057 δύναται
1397 2014 1518 2068 βίον·

217 2080 267 2135 ὃς
298 2082 349 2127 δὲ
378 2086 545 2140 μυρίαν
577 2082 794 2140 μενοινὰν
826 2081 1074 2140 ἀμφιπολεῖ
1091 2087 1258 2141 φρενί,

216 2152 267 2199 τὸ
300 2153 350 2199 δὲ
380 2152 486 2211 παρ’
521 2148 641 2211 ἆμάρ
673 2171 718 2198 τε
749 2153 824 2198 καὶ
855 2153 995 2199 νύκτα
1027 2154 1283 2211 μελλόντων
1315 2153 1448 2212 χάριν

217 2295 278 2331 Fr.
306 2299 361 2331 19.
411 2296 514 2332 Stob.
547 2293 675 2332 Floril.
703 2294 821 2331 CVIII
846 2298 909 2332 262
942 2296 1233 2342 Βακχυλίδου
1272 2297 1337 2340 Πρ
1346 2295 1552 2342 οσῳδιῶν
1590 2294 1659 2339 (sic

122 2345 167 2388 A,
193 2354 265 2380 om.
280 2342 391 2379 Vind.
406 2342 555 2397 Trinc..)
595 2341 639 2380 V.
656 2346 719 2378 1—
725 2347 746 2378 3
767 2354 837 2388 usq
839 2354 885 2379 ue
904 2342 953 2380 ad
979 2344 1061 2391 βίον
1081 2343 1116 2379 le
1146 2344 1257 2378 untur
1276 2342 1391 2379 etiam
1411 2354 1459 2388 ap
1462 2342 1588 2379 ..Stob
1606 2343 1657 2378 19

123 2391 204 2436 (sed
229 2388 431 2427 Gaisfordii
467 2390 555 2426 libri
593 2389 786 2436 omittunt)
825 2391 863 2426 et
900 2390 1067 2437 Apostol.
1094 2390 1125 2425 V
1170 2390 1337 2427 5512—
1374 2390 1419 2427 V.
1434 2354 1479 2426 pl.
1513 2390 1580 2435 μία
1613 2387 1655 2425 δὲ

124 2436 1261 2541 fizfgffi⁶33235¹2¹⁰⁸3b2‘022ss‘1025024’5321§.imm
1295 2438 1363 2521 ‘⁴5²5
1394 2435 1436 2521 (ἓ
1468 2438 1666 2520 ἓῖἒῖἕῖἓῖ-ἷ·

124 2530 287 2570 δύναται
317 2531 467 2577 traieci,
505 2532 620 2578 vulgo
658 2529 821 2568 δύναται
857 2533 1056 2569 διατελεῖν.
1113 2533 1243 2577 Neque
1274 2543 1364 2568 vero
1399 2532 1471 2567 hoc
1502 2533 1656 2567 verbum

125 2579 422 2625 sollicitandum,
448 2580 553 2616 Neue
579 2578 908 2636 οοη1.διαντλειν,
939 2580 1072 2617 Iacobs
1097 2578 1327 2616 διαπλέκειν.
1356 2600 1399 2606 -
1427 2575 1469 2620 ὃς
1494 2578 1657 2636 Grotius,

123 2627 214 2665 libri
236 2627 302 2670 οἷς.
329 2649 373 2654 -
400 2609 538 2675 giveium
564 2623 747 2683 μενοινάν
772 2627 927 2685 correxi,
950 2626 1038 2663 libri
1062 2627 1228 2674 μωρίαμ
1231 2626 1282 2663 ὲν.
1309 2627 1415 2663 Neue
1435 2626 1528 2663 coni.
1556 2620 1585 2674 ᾧ
1612 2625 1655 2662 δὲ
1716 2642 1732 2649 2

124 2673 196 2733 (ita
229 2674 344 2712 etiam
383 2641 608 2734 Stephanus)
645 2671 818 2734 pe'qcpv'
835 2670 1068 2731 ἀμφιπολεῖ.
1116 2674 1291 2731 Hartung
1328 2673 1384 2715 οἷς
1421 2672 1463 2709 δὲ
1503 2664 1639 2719 με’ριν

154 2726 343 2782 μφιπολεί·
399 2721 509 2781 ρένα
534 2719 581 2758 τὸ
609 2734 668 2757 πα
739 2719 843 2768 αμᾶρ
867 2734 907 2758 τε
933 2722 999 2758 καὶ
1025 2718 1143 2758 νύκτα
1168 2724 1378 2778 μελλοντων
1404 2733 1527 2778 χαριν,
1553 2734 1577 2755 α
1608 2719 1656 2757 ἑν

126 2736 300 2807 ἰαπτεται
331 2737 422 2816 κρῖκ
676 2734 792 2816 ἔχων
823 2765 954 2805 πόνον.
987 2789 1032 2796 -
1062 2768 1107 2804 V.
1133 2771 1167 2804 4.
1206 2766 1247 2805 τὸ
1281 2767 1323 2804 δὲ
1356 2764 1448 2813 παρ’
1482 2763 1562 2814 αἷμά

125 2817 192 2854 καὶ
215 2817 382 2875 Grotius,
402 2783 497 2853 nisi>l
500 2782 719 2863 2:125&th
747 2810 833 2863 etv}
810 2829 910 2874 ημαρ
937 2815 1094 2874 scripsit
1116 2810 1232 2873 (ᾆμαρ
1257 2816 1395 2861 Neue),
1426 2815 1514 2852 libri
1544 2828 1587 2852 το
1613 2814 1656 2852 δὲ

9 2833 14 2933 ἒ
44 2856 54 2913 ἰ
127 2861 245 2951 Ξτόδε)
282 2877 519 2912 παρομαρτε,
558 2865 784 2923 Stephanus
809 2877 851 2900 το
887 2862 929 2900 δὲ
961 2864 1040 2900 πᾶν
1070 2857 1172 2909 ἦμάρ
1204 2876 1243 2899 τε
1276 2864 1351 2900 καί.
1376 2884 1423 2890 -
1448 2863 1492 2899 V.
1519 2867 1552 2900 5.
1590 2858 1657 2899 ἑὸν

142 2925 301 2949 απτεται
320 2913 483 2957 Grotius,
508 2911 596 2948 libri
615 2925 706 2948 αονι
725 2911 850 2958 (Vind.
871 2913 972 2956 αονι)
999 2923 1169 2957 απτεται,
1198 2911 1344 2947 Boeckh
1366 2909 1452 2947 αἰὲν
1471 2909 1656 2958 leimam,
