1864 3126
777 158 1054 196 smoNIDES.
1594 158 1680 201 387

241 264 373 325 ὑγιὴς
403 265 537 325 ἀνήρ·
570 265 677 312 οὐδὲ
709 266 769 325 μή
801 284 879 325 μιν
911 266 997 323 ἐγώ

195 351 217 384 5
242 338 528 397 μωμάσομαι·
560 340 651 383 τῶν
682 336 770 396 γὰρ
801 335 997 383 ἀλιθίων

240 407 438 469 ἀπείρων
467 410 672 468 γενέθλα.
1591 422 1682 455 1117

240 481 385 526 πάντα
415 499 484 528 τοι
515 482 647 538 καλοί,
679 484 801 526 τοῖσί
826 479 864 525 τ’
901 479 1062 538 αἰσχρὰ
1094 479 1153 537 μὴ
1187 481 1402 538 μέμικται.

243 587 365 634 Οὐδέ
393 607 468 647 μοι
501 589 718 647 ἐμμελέως
748 587 798 634 τὸ
833 588 1098 633 Πιττάκειον
1491 545 1599 597 Στρ·
1630 544 1658 598 β
1673 575 1684 585 “

143 696 178 720 v.
200 687 244 720 14
263 682 404 730 pergit:
431 685 496 720 καὶ
522 698 568 720 τα
596 681 791 721 ἐπιόντα
816 697 857 730 γε
885 684 951 719 τοῦ
977 681 1144 733 ᾄσματος
1169 683 1309 728 μᾶλλον
1335 684 1449 728 eruor
1469 710 1476 717 .
1504 710 1511 718 .
1540 711 1548 721 .
1574 680 1680 719 τοῦ-

145 744 284 768 νεκεν
315 734 390 767 κτλ.
436 734 484 778 (v.
513 736 556 768 15
571 734 700 778 seqq..)
751 720 1135 768 Schleiermacherum
1166 734 1293 766 tamen
1320 733 1469 766 secutus
1493 731 1684 767 Hermann

148 790 195 815 ex
218 779 277 815 his
302 778 472 816 versibus
478 783 621 838 (3-7)
646 791 692 838 ep
693 780 806 816 odum
832 778 1045 815 constituit:
1076 774 1225 824 ’Ἑμοιγ’
1250 776 1416 835 ἐξαρκει,
1451 780 1457 822 Ι
1491 774 1533 820 ὃς
1557 792 1606 814 αν
1632 777 1682 824 μὴ

147 822 266 868 κακὸς
290 820 348 875 ᾖ.
413 855 420 863 .
549 841 584 863 ιν
612 792 692 873 ἐγω
711 841 767 874 μω
798 825 952 873 ήσομαι·
973 836 979 873 1
1003 823 1048 863 οὖ
1073 825 1145 872 γὰρ
1172 823 1389 872 φιλόμωμος
1413 827 1548 871 (eiecto
1568 827 1682 862 verbo

144 873 235 921 ἒίμι,
267 886 335 930 pro
370 856 444 921 quo
449 824 731 912 ⁰sci1¹neidewin
757 841 830 920 limi
857 875 967 919 coni.)
954 876 1068 919 ).κτλ
1123 873 1175 909 At
1211 885 1299 910 vero
1338 875 1471 910 horum
1507 885 1683 909 versuum

146 922 292 958 numeri
316 924 446 968 aperte
472 925 560 958 sunt
593 923 723 967 iidem,
755 923 819 969 qui
850 923 888 958 in
920 922 1083 977 strophis
1114 921 1459 968 deprehenduntur,
1495 922 1539 957 ut
1567 922 1682 957 nullis

146 969 296 1006 omnino
328 969 457 1025 eppdis
484 970 692 1007 Simonides
722 971 761 1013 in
793 972 863 1007 hoc
895 971 1058 1006 carmine
1091 976 1180 1005 usus
1212 980 1292 1005 esse
1325 969 1505 1005 videatur.
1558 969 1680 1013 Quare

144 1017 206 1053 hic
242 1017 401 1060 inserui,
437 1019 481 1054 ut
516 1018 639 1064 prima
677 1019 832 1064 stropha
868 1018 945 1053 iam
978 1017 1027 1053 sit
1051 1017 1223 1063 integra:
1262 1018 1425 1063 apteque
1459 1016 1679 1061 Simonides,

143 1066 343 1111 postquam
370 1065 467 1101 dixit
496 1064 650 1102 difficile
682 1077 781 1110 esse,
820 1066 940 1101 virum
979 1065 1083 1101 omni
1120 1077 1165 1101 ex
1198 1066 1307 1110 parte
1339 1065 1478 1100 bonum
1510 1064 1680 1108 evadere,

144 1112 320 1156 subiecit,
349 1112 420 1148 sibi
444 1113 506 1148 vel
531 1113 738 1150 mediocres
764 1111 934 1150 homines
958 1112 1128 1159 probari,
1159 1114 1198 1149 et
1229 1114 1311 1148 tum
1341 1113 1537 1158 aptissime
1562 1112 1682 1148 Pitta-

145 1171 252 1196 ceum
278 1159 372 1196 illud
398 1160 467 1197 sub
493 1172 649 1197 examen
678 1162 848 1198 vocavit:
885 1172 1007 1206 neque
1038 1160 1284 1196 adversantur
1314 1159 1400 1195 huic
1432 1160 1681 1204 coniecturae,

144 1219 242 1253 quae
266 1207 376 1244 Plato
402 1212 472 1244 344
487 1208 515 1244 B
541 1208 644 1244 dicit.
693 1208 770 1245 Iam
799 1211 956 1268 apparet
980 1209 1084 1268 quod
1114 1212 1172 1244 est
1203 1208 1308 1264 apud
1330 1207 1523 1244 Platonem
1550 1211 1619 1243 346
1640 1208 1679 1248 C,

142 1255 206 1291 ubi
232 1256 302 1291 hos
327 1267 456 1292 versus
482 1258 605 1302 (3-7)
630 1256 741 1292 affert
767 1253 851 1294 ἐπεὶ
878 1255 1034 1314 ἔμοιγε
1067 1253 1260 1300 ἐξαρκεῖ
1286 1250 1330 1296 ὃς
1354 1251 1404 1290 ἂν
1415 1253 1510 1313 Ημή
1514 1253 1631 1296 κακὸς
1655 1251 1680 1303 ᾗ

143 1305 218 1340 κτλ.
246 1306 490 1349 (quamquam
514 1303 612 1340 infra
637 1304 752 1340 346D
779 1304 917 1351 repetit
941 1301 1035 1340 ἄλλα
1068 1317 1143 1350 μοι
1175 1300 1377 1349 ἐξαρκεῖ,
1413 1298 1456 1344 ὃς
1487 1316 1536 1338 αν
1568 1301 1682 1349 μέσος

143 1343 184 1397 ᾗ)
209 1361 285 1387 ιιοιι
309 1362 388 1387 esse
414 1363 437 1387 a
462 1351 652 1388 Simonide
678 1352 899 1398 profectum,
925 1351 991 1387 sed
1010 1351 1207 1387 Platonem
1231 1354 1368 1407 poetae
1392 1350 1508 1386 verba
1527 1350 1680 1386 liberius

143 1409 234 1434 suae
260 1399 421 1434 orationi
445 1399 800 1435 accommodavisse.
850 1401 981 1445 ltaque
1006 1411 1041 1436 v.
1068 1403 1089 1434 3
1122 1398 1317 1435 emendavi
1349 1394 1391 1439 ὃς
1415 1394 1464 1433 ἄν
1489 1391 1514 1445 ᾗ
1540 1396 1681 1439 κακὸς

145 1444 271 1482 deleta
295 1447 496 1492 negatione
521 1446 588 1493 μή,
628 1458 724 1493 quae
754 1446 865 1483 facile
898 1459 944 1483 ex
974 1446 1217 1491 sequentibus
1250 1446 1371 1503 repeti
1396 1447 1532 1503 potest.
1582 1445 1680 1481 Nam

145 1493 246 1539 quod
264 1493 422 1530 fortasse
441 1494 586 1530 alicui
574 1506 614 1530 m
633 1495 798 1530 mentem
817 1495 946 1531 veniat
969 1492 989 1530 ὁ
1017 1492 1065 1530 δὲ
1092 1492 1148 1540 μὴ
1174 1491 1316 1534 κακὸς
1340 1490 1430 1539 μηδ’
1457 1491 1557 1538 ἄγαν
1582 1490 1679 1529 ἀπά-

142 1543 294 1587 λαμνος,
320 1541 408 1577 huic
433 1541 671 1579 coniecturae
695 1542 757 1578 vel
782 1553 844 1587 ea,
869 1554 965 1588 quae
991 1535 1100 1578 Plato
1126 1554 1162 1588 p.
1189 1545 1258 1577 343
1273 1541 1300 1576 C
1325 1543 1372 1576 de
1397 1541 1585 1599 particula
1610 1539 1680 1587 μὲν

145 1599 180 1625 v.
209 1592 226 1623 1
255 1588 482 1648 disputavit,
509 1589 670 1626 obstant.
699 1611 742 1616 —
770 1571 897 1635 εἰδώς,
923 1592 960 1626 Σ
983 1601 1003 1626 e
1028 1601 1121 1625 corr.
1148 1585 1216 1635 οὐχ
1242 1584 1296 1630 ὃς.
1322 1609 1366 1614 -
1393 1585 1431 1634 γ’
1459 1585 1679 1624 ὀνασίπολιν

142 1637 292 1694 scripsi,
330 1633 364 1671 τ’
398 1633 618 1683 ὀνησίπολιν
652 1638 860 1694 Hermann,
904 1637 1182 1683 (Schneidewin
1219 1634 1253 1672 τ’
1293 1632 1443 1672 avam
1447 1638 1473 1680 ‚i
1511 1636 1599 1672 libri
1635 1649 1677 1682 ys

145 1680 276 1729 ὀνήσει
300 1682 422 1720 πόλιν.
442 1705 489 1711 -—
508 1684 552 1721 V.
579 1689 613 1721 4
640 1682 730 1721 οὐδὲ
757 1683 807 1731 μή
843 1698 906 1731 μιν
939 1685 1082 1732 scripsi,
1106 1684 1179 1720 nisi
1203 1686 1371 1730 praestat
1397 1663 1489 1720 οὐδὲ
1516 1682 1567 1738 μή
1593 1697 1680 1728 νιν,

145 1731 210 1767 sed
235 1731 282 1768 de
308 1731 511 1768 Simonidis
534 1745 605 1768 usu
629 1733 725 1768 nihil
751 1735 916 1777 constat,
942 1735 1071 1790 itaque
1097 1732 1202 1768 nolui
1226 1732 1431 1778 quidquam
1450 1743 1496 1767 ea
1513 1732 1553 1767 in
1554 1734 1680 1788 parte

143 1789 298 1824 novare,
341 1776 387 1815 οὔ
425 1793 490 1826 μιν
530 1780 867 1825 Schleiermacher,
904 1761 992 1816 libri
1026 1777 1072 1816 οὖ
1089 1776 1191 1838 μὴν.
1225 1800 1270 1806 -
1302 1779 1346 1815 V.
1380 1783 1412 1815 5.
1453 1777 1685 1826 μωμάσομαι

145 1826 406 1863 Schneidewin
438 1828 477 1863 et
501 1827 636 1864 deinde
661 1825 841 1886 ἄλιθίων,
873 1828 961 1864 libri
990 1826 1217 1884 μωμήσομαι
1241 1829 1279 1864 et
1302 1824 1475 1873 ἠλιθίων.
1500 1847 1548 1853 -
1574 1826 1679 1869 Quae

142 1876 230 1919 post
252 1871 479 1920 μωμάσομαι
505 1877 729 1921 sequuntur.
755 1873 802 1912 οὐ
826 1857 899 1922 γάρ
926 1875 1003 1921 εἰμι
1027 1872 1246 1922 φιλόμωμος
1264 1874 1433 1911 Platonis
1454 1877 1541 1910 sunt
1565 1875 1680 1911 verba

119 1953 128 1960 .
145 1921 373 1958 Simonidem
401 1923 641 1968 explicantis,
675 1935 796 1969 neque
821 1934 910 1959 vero
937 1923 1136 1960 Simonidis
1167 1922 1391 1967 versiculus,
1422 1924 1466 1958 ut
1498 1922 1679 1958 Schleier-

143 1970 296 2006 macher
320 1973 359 2006 et
389 1971 454 2016 qui
485 1969 594 2006 illum
626 1974 832 2017 sequuntur
863 1971 1097 2013 existimant;
1135 1982 1248 2016 quam
1286 1970 1510 2007 sententiam
1541 1969 1681 2006 frustra

142 2017 283 2053 tuearis
314 2028 377 2063 eo,
415 2018 515 2063 quod
539 2018 651 2054 Plato
683 2029 796 2064 supra
827 2019 939 2055 dixit:
979 2016 1025 2055 οὐ
1058 2015 1122 2054 διὰ
1155 2019 1275 2054 ταῦτα
1300 2016 1342 2054 σε
1368 2016 1491 2063 ψέγω,
1517 2014 1577 2053 ὅτι
1602 2017 1680 2063 εἰμὶ

142 2062 364 2111 φιλόψογος.
391 2085 434 2092 -
462 2066 506 2102 V.
533 2070 565 2102 6.
591 2063 759 2111 ἀπείρων
784 2066 970 2112 γενέθλα,
1005 2067 1059 2102 sic
1090 2065 1179 2102 libri
1203 2066 1274 2101 nisi
1300 2066 1401 2122 quod
1425 2064 1593 2111 γένεθλα
1618 2076 1678 2101 ex-

142 2078 309 2148 hibereoy
295 2113 481 2158 videntur,
488 2114 608 2171 quod
632 2125 708 2150 non
732 2117 832 2150 recte
858 2117 985 2151 tuetur
1006 2114 1228 2156 Staubaum,
1253 2115 1297 2150 ut
1315 2110 1482 2157 ἀπείρων
1503 2113 1553 2148 sit
1571 2112 1677 2159 geni-

141 2159 241 2196 tivus
270 2160 448 2196 adiectivi
479 2157 652 2219 απειρος,
690 2161 772 2197 edd.
806 2163 897 2198 vett.
923 2159 1064 2207 ἄπειρα
1101 2160 1289 2207 γενέθλα,
1326 2161 1424 2197 unde
1463 2161 1675 2217 Stephanus

141 2204 475 2291 i‘Z'Jffloissffm
500 2209 560 2266 νε)
585 2206 740 2293 ῗζῗῳῖἕ
764 2223 789 2245 ‘⁷‘
816 2208 994 2293 Υῗτέἶῖῗέἔ
1010 2189 1323 2293 οἶωνοιῖὲηζαῖἒ
1349 2205 1679 2291 τοιῖἒζρὶἑιέθέαζῖ

142 2301 401 2347 ithyphallico‚
426 2302 464 2338 id
491 2269 591 2348 qptssd
614 2315 689 2340 non
714 2285 880 2350 offendit,
907 2305 938 2341 si
958 2269 1129 2351 quiden?
1129 2304 1292 2340 Corinna
1310 2269 1541 2339 trciizhaicam
1561 2302 1677 2348 tripo-

144 2348 246 2384 diam
272 2349 352 2385 vice
378 2350 617 2395 logaoedicae
642 2351 829 2397 tripediae
854 2351 1025 2397 admisit,
1051 2353 1165 2398 atque
1186 2353 1317 2388 eadem
1338 2351 1493 2386 licentia
1511 2362 1599 2385 usus
1619 2352 1678 2385 est

142 2396 316 2433 Alcman:
348 2397 422 2432 iam
454 2410 488 2432 v.
517 2401 562 2432 14
587 2399 774 2444 quomodo
799 2399 849 2435 sit
874 2381 1161 2443 confirniandus,
1193 2411 1268 2435 non
1300 2399 1390 2435 satis
1417 2399 1580 2441 constat,
1612 2398 1677 2433 sed

142 2456 176 2480 v.
198 2448 242 2479 21
270 2441 360 2480 οὐδὲ
386 2444 475 2480 θεοὶ
500 2443 685 2491 μάχονται
716 2446 958 2500 logaoedicus
983 2447 1151 2492 videtur,
1184 2459 1270 2482 nam
1304 2445 1481 2491 synizesis
1507 2444 1569 2480 hic
1595 2445 1675 2489 qui-

144 2491 230 2527 dem
249 2503 380 2537 parum
404 2494 531 2546 grata:
556 2494 683 2538 itaque
704 2493 879 2529 existimo
899 2494 1128 2530 Simonidem
1154 2494 1193 2530 in
1217 2495 1288 2530 hac
1307 2494 1483 2538 strophae
1510 2492 1678 2528 clausula

144 2542 211 2575 aut
234 2538 389 2575 alternis
414 2538 559 2575 vicibus
584 2541 816 2577 trochaicum
841 2544 881 2578 et
912 2541 1172 2596 logaoedicum
1204 2542 1313 2577 colon
1345 2539 1577 2584 adhibuisse,
1612 2542 1678 2575 aut

144 2586 383 2633 logaoedioos
421 2587 641 2623 versiculos.
680 2588 746 2623 sed
782 2588 995 2634 disparibus
1032 2590 1171 2647 figuris
1198 2605 1508 2624 .......
1552 2599 1586 2622 v.
1618 2590 1676 2631 21,

144 2651 406 2670 υυυυυυ
431 2651 455 2670 υ
478 2646 512 2671 v.
537 2639 580 2670 14
600 2637 639 2671 et
657 2647 691 2671 v.
715 2638 868 2672 ''1:tunc
892 2635 1010 2683 igitur
1033 2647 1100 2682 pro
1125 2634 1302 2682 μέμικται
1323 2634 1574 2671 restituendus
1593 2645 1676 2670 con-

143 2681 332 2718 iunctivus
363 2684 629 2728 μεμίγηται,
663 2694 773 2728 quem
806 2683 920 2719 etiam
946 2684 1115 2719 Platonis
1147 2683 1390 2729 paraphrasis
1422 2682 1676 2718 commendat.

37 2716 41 2718 ,
69 2754 73 2755 γ
145 2729 277 2775 scripsi
301 2741 369 2775 per
393 2745 431 2776 γ,
458 2729 634 2776 quoniam
660 2730 867 2776 perfectum
893 2731 1095 2767 secundum
1115 2730 1414 2766 Choeroboscum
1440 2732 1500 2765 est
1524 2729 1674 2775 μέμιγα.

145 2775 241 2812 Sane
278 2787 302 2812 a
336 2759 489 2813 Pindari
520 2779 602 2814 arte
633 2778 726 2814 haec
763 2778 980 2814 vicissitudo
1010 2777 1215 2824 disparium
1249 2778 1450 2813 formarum
1488 2776 1676 2813 abhorret.

145 2823 211 2859 sed
235 2825 550 2869 quemadmodum
576 2825 801 2870 recentiores
827 2828 961 2871 poetae
986 2825 1211 2861 remiserunt
1229 2825 1275 2860 de
1295 2826 1366 2860 hac
1386 2824 1596 2868 severitate,
1621 2823 1677 2862 ita

146 2870 254 2908 licuit
290 2872 404 2908 etiam
442 2871 744 2932 antiquioribus
755 2873 891 2919 passim
929 2872 1121 2930 popularis
1157 2872 1333 2908 carminis
1370 2853 1675 2908 consuetudinem

146 2918 262 2963 sequi.
288 2939 333 2946 ——
363 2920 403 2955 V.
430 2924 462 2956 8.
495 2921 605 2965 ουδὲ,
641 2923 674 2955 Γ
700 2916 827 2957 οὐδέν.
855 2941 899 2948 -
924 2917 1173 2964 Πιττάκειον,
1203 2917 1402 2955 πιττάκιον
1433 2920 1664 2957 ἊΓΘΞΣΨΘ

1316 2978 1391 3015 25*
