1864 3126
647 134 950 173 FRAGMENTA
977 133 1245 172 ADESPOTA.
1588 134 1595 145 '
1625 131 1706 174 741

177 249 295 291 nibus
326 250 511 289 ornatum
543 251 618 299 est,
649 249 718 288 sed
751 249 872 288 etiam
904 248 1052 299 passim
1078 247 1238 287 iambici
1262 246 1416 286 numeri
1442 245 1616 297 vestigia
1646 258 1709 284 ex-

177 314 315 355 hibere
346 315 522 355 videtur:
560 315 622 354 his
654 314 805 354 abusus
838 314 976 364 Haupt
1011 312 1118 363 apud
1150 312 1393 352 Meinekium
1431 311 1473 350 in
1506 310 1709 351 Addendis

177 379 218 420 in
249 393 390 421 versus
422 380 627 420 trimetros
659 380 828 431 redegit,
860 379 931 420 sed
961 378 1117 418 numeri
1149 382 1244 419 sunt
1272 378 1491 426 innumeri,
1522 377 1709 417 maxime-

177 458 255 497 que
286 445 422 487 vitiosi
453 445 663 495 anapaesti
694 440 966 498 offendunt.*)

294 510 680 562 Iambographorum
723 510 917 562 reliquiae
960 510 1184 560 complures
1223 509 1330 560 apud
1368 508 1615 560 Hesychium
1653 507 1708 547 vi-

177 576 323 616 dentur
353 575 605 627 delitescere,
637 578 750 616 velut
780 577 953 616 fortasse
990 573 1211 615 Archilochi
1241 577 1305 615 est
1335 575 1401 614 vel
1430 574 1708 623 Hipponactis:

175 637 418 694 πατρόθεν
447 641 741 694 πορδηκίδαι
773 637 878 696 (cod.
908 635 1168 695 πορδικίδαι),
1193 636 1251 681 ὅτι
1275 637 1454 691 πατέρων
1479 634 1586 679 ὄνων
1612 636 1709 678 εἰσὶν

177 702 349 760 ἡμίονοι.
410 707 640 746 Archilochi
670 708 776 747 haud
804 706 923 746 dubie
949 708 1011 746 est
1034 700 1200 746 ibidem:
1232 701 1299 746 ἐπ’
1334 700 1560 756 Αἰνύρων
1592 698 1676 743 ὀδό
1686 719 1708 743 ν

177 770 409 827 (legebatur
439 768 502 813 ἐπ’
537 768 752 826 Αἰννύρων
783 767 927 824 ὁδῶν)·
963 771 1131 823 Λῖνυρα,
1162 770 1307 824 χωρίον
1338 772 1407 823 τῆς
1435 765 1596 825 Θρᾴκης
1626 764 1705 808 ἀπὸ

176 834 358 891 Αἰνύρου
390 834 635 891 ὀνομασθέν,
672 838 731 877 ita
763 838 866 877 enim
903 837 1056 876 correxi
1092 838 1222 877 locum
1263 836 1351 876 coll.
1384 835 1530 875 Herod.
1562 834 1620 873 VI
1652 836 1708 874 47

176 900 273 958 (vid.
304 904 450 945 Philol.
480 904 574 943 XVI
607 903 723 958 590).
762 925 810 931 —
846 903 949 942 Item
979 903 1258 953 iambographi
1289 901 1465 950 videtur,
1499 900 1606 951 quod
1644 913 1708 939 ex-

179 971 290 1010 hibet
321 970 457 1021 Steph.
489 970 583 1020 Byz.
614 983 651 1008 v.
683 965 823 1022 ἀγρός·
847 963 1165 1022 Ἀγροικηρὴν
1197 962 1355 1018 φύσιν.

296 1034 410 1082 Quod
443 1035 592 1086 legitur
622 1035 664 1073 in
695 1035 759 1073 Et.
785 1035 838 1074 M.
872 1035 976 1082 270,
1009 1035 1034 1074 9
1067 1036 1148 1073 not.
1184 1030 1286 1086 (cod.
1318 1028 1453 1085 Voss.)
1484 1025 1710 1083 Διαρταμή-

177 1108 330 1148 σαντες·
363 1096 640 1151 διακόψαντες,
667 1099 968 1151 διαμερίσαντες,
993 1093 1082 1138 οἷον
1113 1093 1327 1150 μηληδὸν
1358 1092 1711 1149 διαρταμήσαν-

167 1180 222 1206 ’τε
233 1181 264 1214 ς.
301 1166 474 1206 fortasse
506 1178 554 1205 ex
583 1165 763 1216 pedestri
792 1165 895 1205 libro
927 1165 1098 1214 petitum
1130 1164 1462 1214 scribendumque
1494 1175 1585 1202 cum
1617 1162 1712 1201 Mei-

174 1231 293 1272 nekio
324 1231 469 1284 μεληδ
477 1227 499 1272 ό
509 1247 541 1271 ν.
602 1231 887 1282 Iambographi
924 1230 1168 1270 versiculum
1206 1229 1515 1280 deprehendisse
1547 1228 1624 1267 sibi
1655 1227 1710 1268 vi-

176 1296 296 1336 detur
338 1296 520 1336 Meineke
562 1296 668 1346 apud
713 1295 859 1335 Athen.
896 1294 959 1334 111
1000 1296 1082 1334 126
1103 1295 1153 1334 F:
1198 1294 1264 1333 ἵνα
1304 1290 1356 1346 μὴ
1398 1291 1530 1348 λέγῃς·
1570 1288 1710 1340 ἄκικύς

176 1361 253 1414 εἰμι
283 1359 349 1401 καὶ
380 1357 656 1415 ὀλιγοδρανέω,
686 1363 733 1400 ut
762 1356 1059 1413 κώλιγοδρανέω
1082 1391 1091 1400 .
1111 1390 1120 1400 .
1140 1360 1360 1408 scribatur3
1393 1359 1491 1398 mihi
1522 1358 1710 1398 videntur

175 1428 272 1467 haec
303 1440 351 1466 ex
383 1427 572 1478 Aeschyli
603 1426 839 1466 Prometheo
865 1440 902 1466 v.
928 1427 1013 1465 546
1046 1426 1214 1465 liberius
1245 1425 1493 1465 conformata
1525 1437 1623 1464 esse.
1650 1447 1705 1452 —

179 1493 282 1533 Item
315 1493 496 1532 Meineke
528 1492 755 1543 suspicatur
779 1491 1156 1542 iambographorum
1188 1492 1378 1542 reliquias
1405 1491 1639 1530 delitescere
1671 1491 1711 1529 in

177 1559 375 1598 Athenaei
406 1558 587 1597 oratione
617 1558 674 1596 IX
707 1558 789 1597 381
813 1557 864 1595 B:
899 1587 907 1596 .
928 1587 967 1598 ..
998 1553 1145 1597 πολλὸν
1182 1554 1338 1609 ἐπιχέας
1375 1551 1524 1616 ζωμόν,
1562 1557 1603 1595 et
1639 1550 1713 1607 τὴν

176 1619 354 1676 ἡμίσειαν
385 1619 563 1674 ἆλφιτοῖς
594 1626 752 1672 πολλοῖς
782 1625 939 1676 κριθῆς.

296 1688 510 1727 Difficilius
543 1689 663 1728 etiam
695 1689 941 1739 distinguas,
973 1702 1075 1740 quae
1105 1690 1251 1728 melicis
1281 1688 1424 1740 poetis,
1455 1700 1607 1738 quaeve
1638 1699 1714 1726 scc-

178 1755 276 1794 m'cis
307 1754 388 1793 sint
418 1754 665 1794 vindicanda.
728 1754 841 1801 Quod
873 1755 968 1794 olim
1001 1755 1152 1794 inserui
1183 1754 1363 1805 reliquiis
1395 1753 1617 1804 adespotis:

463 1856 623 1907 Δοῦρας
650 1847 922 1909 Ἀλεξάνδροιο
954 1851 1132 1908 ἆταρβές.

180 1963 228 1988 ex
260 1949 507 1989 Bachmanni
537 1950 612 1990 An.
640 1950 679 1989 ΙΙ
707 1952 805 2004 373,
834 1953 900 2002 11,
932 1952 1104 2002 petitum
1137 1952 1200 1991 est
1231 1964 1278 1990 ex
1310 1952 1504 2000 Antiphili
1528 1951 1715 2002 Byzantii

177 2014 485 2065 epigrammate,
525 2015 630 2066 quod
671 2018 782 2055 extat
821 2016 863 2054 in
902 2017 1067 2057 Anthol.
1108 2017 1192 2056 Pal.
1224 2015 1281 2054 VI
1323 2018 1377 2056 97
1422 2029 1456 2055 v.
1494 2019 1511 2054 1
1555 2017 1714 2067 Δοῦρας

171 2074 443 2132 Ἀλεξάνδροιο
475 2082 516 2119 et
546 2094 583 2119 v.
617 2081 641 2119 5
682 2079 793 2119 ἵλαθι
830 2080 977 2134 δοῦρας
1014 2070 1180 2133 ἆταρβές
1217 2077 1527 2134 (nominativum
1566 2080 1713 2131 δοῦρας

175 2146 356 2195 agnoscit
387 2145 509 2184 etiam
549 2145 799 2185 Herodianus
832 2145 964 2186 Cram.
995 2147 1072 2186 An.
1105 2146 1176 2187 Ox,
1208 2147 1227 2184 I
1264 2148 1364 2194 122,
1399 2142 1488 2198 21).
1522 2167 1572 2173 -
1607 2146 1713 2186 Item

175 2222 278 2261 quae
310 2210 560 2249 Herodianus
592 2209 724 2249 Cram.
756 2210 831 2252 An.
865 2211 935 2250 Ox.
967 2212 1028 2250 111
1061 2213 1160 2260 261,
1194 2213 1251 2251 30
1282 2211 1512 2261 adscripsit:

462 2303 609 2344 Πελίου
639 2319 679 2344 τε
711 2301 968 2358 Μάγνησσαν
997 2302 1134 2358 κόραν.

271 2467 306 2511 *)
332 2465 560 2511 Scriptorem
584 2465 683 2501 hunc
707 2466 871 2523 respexit
896 2466 1027 2512 opinor
1059 2467 1257 2512 l'hrynich.
1284 2471 1354 2503 312
1382 2466 1491 2503 Lob.=
1527 2465 1712 2522 Παραθή-

175 2527 246 2559 κην
267 2510 418 2549 Ἱππίαν
443 2512 508 2548 καὶ
524 2509 653 2548 Ἴωνα
678 2526 779 2549 τινα
806 2512 1077 2560 συγγραφέα
1103 2514 1220 2559 φασὶν
1241 2513 1447 2560 εἰρηκέναι,
1473 2515 1574 2560 quod
1594 2516 1710 2551 mter-

176 2563 299 2608 pretes
319 2572 390 2596 non
411 2562 511 2596 recte
530 2560 578 2596 ad
599 2560 829 2597 Herodotum
847 2561 1014 2597 referunt
1031 2563 1156 2608 (quem
1176 2563 1387 2598 antestatur
1403 2562 1566 2598 Thomas
1582 2563 1711 2609 Mag),

178 2620 263 2644 nam
290 2608 359 2644 hoc
386 2607 507 2653 ipsum
526 2605 737 2653 παραθήκη
757 2610 797 2644 et
814 2611 1008 2654 praeterea
1027 2606 1242 2655 παράθεσις
1259 2609 1399 2654 legitur
1418 2610 1456 2645 in
1478 2610 1547 2645 hac
1568 2610 1649 2646 eclo
1705 2638 1712 2646 .

176 2655 348 2692 Meineke
374 2654 545 2700 quamvis
572 2655 789 2692 dubitanter
813 2655 862 2691 ad
888 2657 1148 2693 Anaxarchum
1179 2656 1327 2692 rettulit
1358 2656 1541 2703 eclogam,
1575 2659 1616 2693 at
1646 2657 1712 2693 ile

181 2702 363 2738 Heracliti
389 2702 549 2748 vestigia
573 2704 721 2739 secutus
754 2703 897 2749 dispari
928 2702 1078 2739 dicendi
1102 2714 1239 2750 genere
1264 2715 1351 2739 usus
1378 2706 1455 2750 est,
1487 2715 1607 2750 neque
1633 2704 1714 2741 Ioni

179 2749 284 2795 chio,
316 2762 427 2795 quem
461 2749 617 2786 fortasse
649 2748 786 2795 aliquis
819 2751 911 2787 haee
942 2751 1193 2796 composuisse
1226 2753 1446 2798 angui-etur,
1481 2751 1710 2788 conveniunt

178 2797 349 2843 argutiae
370 2799 408 2834 et
427 2796 591 2833 cincinni
605 2796 799 2842 orationis,
817 2798 951 2844 quibus
970 2798 1032 2834 hic
1051 2798 1208 2845 scriptor
1222 2798 1390 2845 legentes
1410 2800 1549 2846 captat.
1585 2800 1711 2846 Ipsam

179 2855 258 2880 rem
284 2844 398 2881 etiam
425 2843 552 2881 Conon
579 2855 609 2881 c.
636 2848 682 2882 38
709 2846 868 2890 enarrat,
894 2845 959 2882 sed
984 2845 1059 2882 alio
1084 2857 1172 2882 usus
1197 2848 1361 2890 auctore,
1394 2846 1438 2882 ut
1468 2845 1531 2883 vel
1557 2846 1709 2884 nomina

182 2891 329 2928 diversa
352 2893 392 2929 et
414 2892 582 2929 locorum
607 2894 647 2928 et
671 2891 866 2928 hominum
891 2895 1063 2939 arguunt.

1737 1426 1827 1459 1359
