<?xml version="1.0" encoding="UTF-8"?>
<!DOCTYPE html PUBLIC "-//W3C//DTD XHTML 1.0 Transitional//EN"
    "http://www.w3.org/TR/xhtml1/DTD/xhtml1-transitional.dtd">
<html xmlns="http://www.w3.org/1999/xhtml" xml:lang="en" lang="en">
 <head>
  <title>
</title>
<meta http-equiv="Content-Type" content="text/html;charset=utf-8" />
  <meta name='ocr-system' content='tesseract 3.04.00' />
  <meta name='ocr-capabilities' content='ocr_page ocr_carea ocr_par ocr_line ocrx_word'/>
</head>
<body>
  <div class='ocr_page' id='page_1' title='image "./poetaelyricigrae03berguoft_0124.png"; bbox 0 0 1864 3126; ppageno 0'>
   <div class='ocr_carea' id='block_1_1' title="bbox 191 146 1150 193">
    <p class='ocr_par' dir='ltr' id='par_1_1' title="bbox 191 146 1150 193">
     <span class='ocr_line' id='line_1_1' title="bbox 191 146 1150 193; baseline -0.004 -7"><span class='ocrx_word' id='word_1_1' title='bbox 191 146 276 188; x_wconf 85' lang='grc'>114</span> <span class='ocrx_word' id='word_1_2' title='bbox 536 190 538 193; x_wconf 38' lang='grc'>,</span> <span class='ocrx_word' id='word_1_3' title='bbox 754 146 948 182; x_wconf 83' lang='grc' dir='ltr'>ΡΟΕΤΑΕ</span> <span class='ocrx_word' id='word_1_4' title='bbox 973 147 1150 184; x_wconf 84' lang='lat' dir='ltr'>MELICI.</span> 
     </span>
    </p>
   </div>
   <div class='ocr_carea' id='block_1_2' title="bbox 287 257 1482 396">
    <p class='ocr_par' dir='ltr' id='par_1_2' title="bbox 287 257 1482 396">
     <span class='ocr_line' id='line_1_2' title="bbox 848 257 1054 309; baseline 0.005 -12"><span class='ocrx_word' id='word_1_5' title='bbox 848 257 916 298; x_wconf 85' lang='lat'>76.</span> <span class='ocrx_word' id='word_1_6' title='bbox 950 257 1054 309; x_wconf 69' lang='lat'><strong>[42]</strong></span> 
     </span>
     <span class='ocr_line' id='line_1_3' title="bbox 287 334 1482 396; baseline 0.003 -17"><span class='ocrx_word' id='word_1_7' title='bbox 287 335 609 394; x_wconf 82' lang='grc' dir='ltr'><strong><em>Εὐμορφοτέρα</em></strong></span> <span class='ocrx_word' id='word_1_8' title='bbox 645 339 900 380; x_wconf 84' lang='grc' dir='ltr'><strong><em>Μνασιδίκα</em></strong></span> <span class='ocrx_word' id='word_1_9' title='bbox 931 338 1009 388; x_wconf 82' lang='grc' dir='ltr'><strong><em>τᾶς</em></strong></span> <span class='ocrx_word' id='word_1_10' title='bbox 1039 334 1211 389; x_wconf 78' lang='grc' dir='ltr'><strong><em>ἆπάλας</em></strong></span> <span class='ocrx_word' id='word_1_11' title='bbox 1241 341 1482 396; x_wconf 83' lang='grc' dir='ltr'><strong><em>Γυρίννως.</em></strong></span> 
     </span>
    </p>
   </div>
   <div class='ocr_carea' id='block_1_3' title="bbox 281 445 1590 584">
    <p class='ocr_par' dir='ltr' id='par_1_3' title="bbox 285 445 1590 584">
     <span class='ocr_line' id='line_1_4' title="bbox 847 445 1052 497; baseline 0 -10"><span class='ocrx_word' id='word_1_12' title='bbox 847 446 914 487; x_wconf 83' lang='grc'>77.</span> <span class='ocrx_word' id='word_1_13' title='bbox 946 445 1052 497; x_wconf 67' lang='lat'><strong>[42]</strong></span> 
     </span>
     <span class='ocr_line' id='line_1_5' title="bbox 281 517 1590 584; baseline 0.002 -16.009"><span class='ocrx_word' id='word_1_14' title='bbox 281 524 569 583; x_wconf 83' lang='grc' dir='ltr'><strong><em>Ἀσαροτέρας</em></strong></span> <span class='ocrx_word' id='word_1_15' title='bbox 600 524 759 583; x_wconf 83' lang='grc' dir='ltr'><strong><em>ούδαμ’</em></strong></span> <span class='ocrx_word' id='word_1_16' title='bbox 792 517 878 581; x_wconf 76' lang='grc' dir='ltr'>ἐπ’,</span> <span class='ocrx_word' id='word_1_17' title='bbox 912 520 947 570; x_wconf 75' lang='lat' dir='ltr'>oi</span> <span class='ocrx_word' id='word_1_18' title='bbox 980 525 1168 584; x_wconf 66' lang='lat' dir='ltr'>’&#39;parmot,</span> <span class='ocrx_word' id='word_1_19' title='bbox 1201 527 1334 571; x_wconf 80' lang='grc' dir='ltr'><strong><em>σέθεν</em></strong></span> <span class='ocrx_word' id='word_1_20' title='bbox 1365 526 1560 584; x_wconf 85' lang='grc' dir='ltr'><strong><em>τύχοισα.</em></strong></span> <span class='ocrx_word' id='word_1_21' title='bbox 1587 530 1590 534; x_wconf 80' lang='lat'>&#39;</span> 
     </span>
    </p>
   </div>
   <div class='ocr_carea' id='block_1_4' title="bbox 189 666 1721 2933">
    <p class='ocr_par' dir='ltr' id='par_1_4' title="bbox 189 666 1714 950">
     <span class='ocr_line' id='line_1_6' title="bbox 190 666 1710 714; baseline 0.002 -13"><span class='ocrx_word' id='word_1_22' title='bbox 190 688 235 693; x_wconf 94' lang='lat'>—-</span> <span class='ocrx_word' id='word_1_23' title='bbox 254 667 463 712; x_wconf 77' lang='grc' dir='ltr'><em>γεραιτέρα,</em></span> <span class='ocrx_word' id='word_1_24' title='bbox 491 667 600 702; x_wconf 89' lang='lat' dir='ltr'>Vind.</span> <span class='ocrx_word' id='word_1_25' title='bbox 620 666 821 713; x_wconf 82' lang='grc' dir='ltr'><strong><em>γερατέρα,</em></strong></span> <span class='ocrx_word' id='word_1_26' title='bbox 848 668 1002 703; x_wconf 81' lang='lat' dir='ltr'>Ursinus</span> <span class='ocrx_word' id='word_1_27' title='bbox 1029 666 1231 714; x_wconf 80' lang='grc' dir='ltr'><strong><em>γεραιτέρῳ</em></strong></span> <span class='ocrx_word' id='word_1_28' title='bbox 1258 670 1296 704; x_wconf 86' lang='grc'>01,</span> <span class='ocrx_word' id='word_1_29' title='bbox 1322 680 1432 714; x_wconf 88' lang='lat' dir='ltr'>supra</span> <span class='ocrx_word' id='word_1_30' title='bbox 1455 667 1645 714; x_wconf 81' lang='grc' dir='ltr'><strong><em>νεώτερος.</em></strong></span> <span class='ocrx_word' id='word_1_31' title='bbox 1667 688 1710 695; x_wconf 91' lang='grc'>-</span> 
     </span>
     <span class='ocr_line' id='line_1_7' title="bbox 192 714 1709 774; baseline 0.003 -26"><span class='ocrx_word' id='word_1_32' title='bbox 192 714 290 749; x_wconf 87' lang='lat' dir='ltr'>Olim</span> <span class='ocrx_word' id='word_1_33' title='bbox 317 715 458 750; x_wconf 87' lang='lat' dir='ltr'>conieci</span> <span class='ocrx_word' id='word_1_34' title='bbox 491 714 658 760; x_wconf 88' lang='lat' dir='ltr'>singulos</span> <span class='ocrx_word' id='word_1_35' title='bbox 683 726 810 750; x_wconf 81' lang='lat' dir='ltr'>versus</span> <span class='ocrx_word' id='word_1_36' title='bbox 836 726 880 750; x_wconf 87' lang='lat' dir='ltr'>ex</span> <span class='ocrx_word' id='word_1_37' title='bbox 904 715 1001 750; x_wconf 87' lang='lat' dir='ltr'>binis</span> <span class='ocrx_word' id='word_1_38' title='bbox 1033 715 1224 769; x_wconf 83' lang='lat' dir='ltr'>glyconeis</span> <span class='ocrx_word' id='word_1_39' title='bbox 1256 717 1443 759; x_wconf 83' lang='lat' dir='ltr'>constare,</span> <span class='ocrx_word' id='word_1_40' title='bbox 1466 717 1605 774; x_wconf 59' lang='lat' dir='ltr'>itaque</span> <span class='ocrx_word' id='word_1_41' title='bbox 1629 721 1709 753; x_wconf 57' lang='grc'>1,1</span> 
     </span>
     <span class='ocr_line' id='line_1_8' title="bbox 190 755 1714 809; baseline 0.001 -13.037"><span class='ocrx_word' id='word_1_42' title='bbox 190 758 350 807; x_wconf 78' lang='grc' dir='ltr'><strong><em>ἅμμεσιν</em></strong></span> <span class='ocrx_word' id='word_1_43' title='bbox 382 764 420 796; x_wconf 88' lang='grc'>01,</span> <span class='ocrx_word' id='word_1_44' title='bbox 444 775 477 797; x_wconf 91' lang='lat' dir='ltr'>v.</span> <span class='ocrx_word' id='word_1_45' title='bbox 504 766 524 798; x_wconf 81' lang='lat'>2</span> <span class='ocrx_word' id='word_1_46' title='bbox 551 763 729 806; x_wconf 79' lang='grc' dir='ltr'><strong><em>ξυνοίκην</em></strong></span> <span class='ocrx_word' id='word_1_47' title='bbox 760 761 834 809; x_wconf 82' lang='grc' dir='ltr'><strong><em>νέῳ</em></strong></span> <span class='ocrx_word' id='word_1_48' title='bbox 867 755 960 797; x_wconf 82' lang='grc' dir='ltr'><strong><em>εὖσα</em></strong></span> <span class='ocrx_word' id='word_1_49' title='bbox 992 762 1138 807; x_wconf 83' lang='lat' dir='ltr'>scripsi,</span> <span class='ocrx_word' id='word_1_50' title='bbox 1174 763 1303 798; x_wconf 85' lang='lat' dir='ltr'>contra</span> <span class='ocrx_word' id='word_1_51' title='bbox 1328 764 1471 798; x_wconf 84' lang='lat' dir='ltr'>Ahrens</span> <span class='ocrx_word' id='word_1_52' title='bbox 1501 760 1643 809; x_wconf 79' lang='grc' dir='ltr'><strong><em>ἄρνησο</em></strong></span> <span class='ocrx_word' id='word_1_53' title='bbox 1675 765 1714 798; x_wconf 85' lang='lat' dir='ltr'>et</span> 
     </span>
     <span class='ocr_line' id='line_1_9' title="bbox 190 808 1712 869; baseline 0.002 -26"><span class='ocrx_word' id='word_1_54' title='bbox 190 809 367 854; x_wconf 77' lang='grc' dir='ltr'><strong><em>ξυνοΐκην</em></strong></span> <span class='ocrx_word' id='word_1_55' title='bbox 393 808 682 867; x_wconf 84' lang='lat' dir='ltr'>(Schneidewin</span> <span class='ocrx_word' id='word_1_56' title='bbox 691 811 841 869; x_wconf 70' lang='lat' dir='ltr'>auctpre</span> <span class='ocrx_word' id='word_1_57' title='bbox 861 809 1071 845; x_wconf 83' lang='lat' dir='ltr'><strong>Hermanno</strong></span> <span class='ocrx_word' id='word_1_58' title='bbox 1093 809 1326 868; x_wconf 55' lang='grc' dir='ltr'>ξυνᾶῖοΐκην),</span> <span class='ocrx_word' id='word_1_59' title='bbox 1351 811 1449 854; x_wconf 88' lang='lat' dir='ltr'>quod</span> <span class='ocrx_word' id='word_1_60' title='bbox 1476 812 1611 867; x_wconf 84' lang='lat' dir='ltr'>postea</span> <span class='ocrx_word' id='word_1_61' title='bbox 1631 810 1712 855; x_wconf 88' lang='lat' dir='ltr'>ipse</span> 
     </span>
     <span class='ocr_line' id='line_1_10' title="bbox 189 853 1712 904; baseline 0.001 -14"><span class='ocrx_word' id='word_1_62' title='bbox 189 856 425 901; x_wconf 83' lang='lat' dir='ltr'>improbavit,</span> <span class='ocrx_word' id='word_1_63' title='bbox 452 856 632 892; x_wconf 87' lang='lat' dir='ltr'>scribens:</span> <span class='ocrx_word' id='word_1_64' title='bbox 658 853 738 891; x_wconf 78' lang='grc' dir='ltr'><strong><em>ἄλλ’</em></strong></span> <span class='ocrx_word' id='word_1_65' title='bbox 768 853 796 892; x_wconf 79' lang='grc' dir='ltr'>ἐ.</span> <span class='ocrx_word' id='word_1_66' title='bbox 824 870 862 901; x_wconf 85' lang='grc' dir='ltr'>φ.</span> <span class='ocrx_word' id='word_1_67' title='bbox 889 853 1050 902; x_wconf 74' lang='grc' dir='ltr'><strong><em>ἅμμεσιν</em></strong></span> <span class='ocrx_word' id='word_1_68' title='bbox 1073 858 1078 898; x_wconf 97' lang='grc'>1</span> <span class='ocrx_word' id='word_1_69' title='bbox 1100 859 1128 892; x_wconf 86' lang='grc' dir='ltr'>λ.</span> <span class='ocrx_word' id='word_1_70' title='bbox 1151 871 1187 892; x_wconf 91' lang='grc' dir='ltr'>α.</span> <span class='ocrx_word' id='word_1_71' title='bbox 1206 870 1239 892; x_wconf 90' lang='grc' dir='ltr'>ν.</span> <span class='ocrx_word' id='word_1_72' title='bbox 1263 854 1335 899; x_wconf 82' lang='grc' dir='ltr'><strong>Ιοῦ</strong></span> <span class='ocrx_word' id='word_1_73' title='bbox 1361 855 1432 902; x_wconf 79' lang='grc' dir='ltr'><strong><em>γὰρ</em></strong></span> <span class='ocrx_word' id='word_1_74' title='bbox 1458 853 1611 904; x_wconf 79' lang='grc' dir='ltr'><strong><em>τλάσομ’</em></strong></span> <span class='ocrx_word' id='word_1_75' title='bbox 1639 857 1712 903; x_wconf 80' lang='grc' dir='ltr'>ἔγω</span> 
     </span>
     <span class='ocr_line' id='line_1_11' title="bbox 189 902 1528 959; baseline 0.002 -21"><span class='ocrx_word' id='word_1_76' title='bbox 189 902 262 951; x_wconf 80' lang='grc' dir='ltr'><strong><em>νέῳ</em></strong></span> <span class='ocrx_word' id='word_1_77' title='bbox 285 906 290 948; x_wconf 75' lang='grc' dir='ltr'>Ι</span> <span class='ocrx_word' id='word_1_78' title='bbox 313 905 526 946; x_wconf 82' lang='grc' dir='ltr'><strong><em>ξυνοίκειτα</em></strong></span> <span class='ocrx_word' id='word_1_79' title='bbox 551 916 640 949; x_wconf 90' lang='grc' dir='ltr'><strong><em>γερ.,</em></strong></span> <span class='ocrx_word' id='word_1_80' title='bbox 666 904 762 939; x_wconf 84' lang='grc' dir='ltr'>1111ᾶο</span> <span class='ocrx_word' id='word_1_81' title='bbox 787 904 960 949; x_wconf 79' lang='lat' dir='ltr'>Hartung</span> <span class='ocrx_word' id='word_1_82' title='bbox 986 903 1057 959; x_wconf 77' lang='grc' dir='ltr'>ἔγω</span> <span class='ocrx_word' id='word_1_83' title='bbox 1084 905 1184 949; x_wconf 89' lang='grc' dir='ltr'><strong><em>σοίγε</em></strong></span> <span class='ocrx_word' id='word_1_84' title='bbox 1212 907 1426 940; x_wconf 82' lang='grc' dir='ltr'><strong><em>συνοίκεισα</em></strong></span> <span class='ocrx_word' id='word_1_85' title='bbox 1451 918 1528 950; x_wconf 89' lang='grc' dir='ltr'><strong><em>γερ.</em></strong></span> 
     </span>
    </p>

    <p class='ocr_par' dir='ltr' id='par_1_5' title="bbox 189 948 1721 2126">
     <span class='ocr_line' id='line_1_12' title="bbox 284 948 1714 1008; baseline 0.001 -22"><span class='ocrx_word' id='word_1_86' title='bbox 284 952 342 986; x_wconf 89' lang='lat' dir='ltr'>Fr.</span> <span class='ocrx_word' id='word_1_87' title='bbox 372 955 426 987; x_wconf 81' lang='lat'>76.</span> <span class='ocrx_word' id='word_1_88' title='bbox 476 950 678 1008; x_wconf 73' lang='lat' dir='ltr'>Hephaest.</span> <span class='ocrx_word' id='word_1_89' title='bbox 706 955 768 986; x_wconf 89' lang='grc'>64.</span> <span class='ocrx_word' id='word_1_90' title='bbox 812 951 888 986; x_wconf 86' lang='grc' dir='ltr'><strong><em>Καὶ</em></strong></span> <span class='ocrx_word' id='word_1_91' title='bbox 920 949 1148 1007; x_wconf 81' lang='grc' dir='ltr'><em>τετράμετρα</em></span> <span class='ocrx_word' id='word_1_92' title='bbox 1182 950 1224 987; x_wconf 87' lang='grc' dir='ltr'><strong><em>δε</em></strong></span> <span class='ocrx_word' id='word_1_93' title='bbox 1258 948 1347 996; x_wconf 77' lang='grc' dir='ltr'>(ἀπὸ</span> <span class='ocrx_word' id='word_1_94' title='bbox 1374 953 1543 998; x_wconf 77' lang='grc' dir='ltr'><strong><em>μείζονος</em></strong></span> <span class='ocrx_word' id='word_1_95' title='bbox 1567 949 1714 996; x_wconf 73' lang='grc' dir='ltr'><strong><em>ἰωνικὰ)</em></strong></span> 
     </span>
     <span class='ocr_line' id='line_1_13' title="bbox 189 995 1712 1055; baseline 0.001 -22"><span class='ocrx_word' id='word_1_96' title='bbox 189 995 431 1055; x_wconf 72' lang='grc' dir='ltr'><strong><em>ἀκατάληπτα</em></strong></span> <span class='ocrx_word' id='word_1_97' title='bbox 457 996 648 1044; x_wconf 82' lang='grc' dir='ltr'><strong><em>διαφόρως</em></strong></span> <span class='ocrx_word' id='word_1_98' title='bbox 674 997 904 1034; x_wconf 76' lang='grc' dir='ltr'><strong><em>συνέθεσαν·</em></strong></span> <span class='ocrx_word' id='word_1_99' title='bbox 929 998 994 1033; x_wconf 78' lang='grc' dir='ltr'><strong><em>καὶ</em></strong></span> <span class='ocrx_word' id='word_1_100' title='bbox 1019 1012 1089 1044; x_wconf 85' lang='grc' dir='ltr'>γαρ</span> <span class='ocrx_word' id='word_1_101' title='bbox 1115 999 1235 1044; x_wconf 79' lang='grc' dir='ltr'><strong><em>τρισὶν</em></strong></span> <span class='ocrx_word' id='word_1_102' title='bbox 1262 998 1430 1040; x_wconf 77' lang='grc' dir='ltr'><strong><em>ἰωνικαις</em></strong></span> <span class='ocrx_word' id='word_1_103' title='bbox 1453 1001 1542 1045; x_wconf 92' lang='grc' dir='ltr'><strong><em>μίαν</em></strong></span> <span class='ocrx_word' id='word_1_104' title='bbox 1566 1006 1712 1044; x_wconf 81' lang='grc' dir='ltr'><strong><em>τροχαῖ-</em></strong></span> 
     </span>
     <span class='ocr_line' id='line_1_14' title="bbox 189 1043 1712 1107; baseline 0.001 -26"><span class='ocrx_word' id='word_1_105' title='bbox 189 1043 260 1090; x_wconf 82' lang='grc' dir='ltr'>κὴν</span> <span class='ocrx_word' id='word_1_106' title='bbox 286 1043 355 1105; x_wconf 87' lang='grc' dir='ltr'>τὴν</span> <span class='ocrx_word' id='word_1_107' title='bbox 379 1047 597 1081; x_wconf 79' lang='grc' dir='ltr'><strong><em>τελευταίαν</em></strong></span> <span class='ocrx_word' id='word_1_108' title='bbox 624 1043 831 1102; x_wconf 77' lang='grc' dir='ltr'><strong><em>ἐπήγαγον·</em></strong></span> <span class='ocrx_word' id='word_1_109' title='bbox 858 1049 1026 1081; x_wconf 79' lang='grc' dir='ltr'><strong><em>καλεῖται</em></strong></span> <span class='ocrx_word' id='word_1_110' title='bbox 1047 1045 1083 1080; x_wconf 89' lang='grc' dir='ltr'>δ’</span> <span class='ocrx_word' id='word_1_111' title='bbox 1105 1043 1288 1107; x_wconf 43' lang='lat' dir='ltr'>Aloanda</span> <span class='ocrx_word' id='word_1_112' title='bbox 1314 1043 1372 1082; x_wconf 84' lang='grc' dir='ltr'>ὅτι</span> <span class='ocrx_word' id='word_1_113' title='bbox 1391 1044 1565 1091; x_wconf 79' lang='grc' dir='ltr'><strong><em>Σαπφὼ</em></strong></span> <span class='ocrx_word' id='word_1_114' title='bbox 1591 1047 1712 1095; x_wconf 83' lang='grc' dir='ltr'><strong><em>πολλῷ</em></strong></span> 
     </span>
     <span class='ocr_line' id='line_1_15' title="bbox 191 1089 1713 1147; baseline 0.001 -19"><span class='ocrx_word' id='word_1_115' title='bbox 191 1091 293 1140; x_wconf 77' lang='grc' dir='ltr'><strong><em>αὐτῷ</em></strong></span> <span class='ocrx_word' id='word_1_116' title='bbox 326 1091 526 1139; x_wconf 82' lang='grc' dir='ltr'><strong><em>ἐχρήσατο,</em></strong></span> <span class='ocrx_word' id='word_1_117' title='bbox 558 1092 656 1128; x_wconf 81' lang='grc' dir='ltr'><strong><em>οἷον·</em></strong></span> <span class='ocrx_word' id='word_1_118' title='bbox 689 1090 785 1138; x_wconf 83' lang='grc' dir='ltr'><strong><em>Εὐμ</em></strong></span> <span class='ocrx_word' id='word_1_119' title='bbox 760 1107 796 1138; x_wconf 94' lang='grc' dir='ltr'>μ.</span> <span class='ocrx_word' id='word_1_120' title='bbox 823 1096 896 1128; x_wconf 82' lang='grc' dir='ltr'><strong><em>κτλ.</em></strong></span> <span class='ocrx_word' id='word_1_121' title='bbox 932 1089 1118 1147; x_wconf 58' lang='lat'>&#39;1461190153</span> <span class='ocrx_word' id='word_1_122' title='bbox 1153 1096 1226 1128; x_wconf 80' lang='grc' dir='ltr'>κτλ.</span> <span class='ocrx_word' id='word_1_123' title='bbox 1262 1094 1376 1139; x_wconf 82' lang='lat' dir='ltr'>vulgo</span> <span class='ocrx_word' id='word_1_124' title='bbox 1408 1095 1500 1128; x_wconf 85' lang='lat' dir='ltr'>haec</span> <span class='ocrx_word' id='word_1_125' title='bbox 1530 1094 1570 1129; x_wconf 91' lang='lat' dir='ltr'>in</span> <span class='ocrx_word' id='word_1_126' title='bbox 1600 1105 1713 1129; x_wconf 91' lang='lat' dir='ltr'>unum</span> 
     </span>
     <span class='ocr_line' id='line_1_16' title="bbox 191 1140 1714 1185; baseline 0 -9"><span class='ocrx_word' id='word_1_127' title='bbox 191 1142 431 1185; x_wconf 85' lang='lat' dir='ltr'>coniungunt,</span> <span class='ocrx_word' id='word_1_128' title='bbox 458 1140 550 1175; x_wconf 88' lang='lat' dir='ltr'>mihi</span> <span class='ocrx_word' id='word_1_129' title='bbox 569 1141 796 1185; x_wconf 74' lang='lat' dir='ltr'>Hephaestio</span> <span class='ocrx_word' id='word_1_130' title='bbox 823 1141 977 1175; x_wconf 89' lang='lat' dir='ltr'>duorum</span> <span class='ocrx_word' id='word_1_131' title='bbox 1004 1141 1207 1176; x_wconf 77' lang='lat' dir='ltr'>carminum</span> <span class='ocrx_word' id='word_1_132' title='bbox 1233 1141 1341 1176; x_wconf 87' lang='lat' dir='ltr'>initia</span> <span class='ocrx_word' id='word_1_133' title='bbox 1365 1141 1536 1176; x_wconf 84' lang='lat' dir='ltr'>attulisse</span> <span class='ocrx_word' id='word_1_134' title='bbox 1555 1141 1714 1176; x_wconf 86' lang='lat' dir='ltr'>videtur.</span> 
     </span>
     <span class='ocr_line' id='line_1_17' title="bbox 192 1187 1714 1233; baseline 0.001 -11"><span class='ocrx_word' id='word_1_135' title='bbox 192 1209 236 1214; x_wconf 94' lang='lat'><em>-</em></span> <span class='ocrx_word' id='word_1_136' title='bbox 268 1189 489 1223; x_wconf 81' lang='grc' dir='ltr'><strong><em>Μνασιδίκα</em></strong></span> <span class='ocrx_word' id='word_1_137' title='bbox 523 1199 592 1223; x_wconf 91' lang='lat' dir='ltr'>om</span> <span class='ocrx_word' id='word_1_138' title='bbox 619 1188 673 1222; x_wconf 86' lang='lat' dir='ltr'>Fl.</span> <span class='ocrx_word' id='word_1_139' title='bbox 701 1190 739 1222; x_wconf 85' lang='lat' dir='ltr'>et</span> <span class='ocrx_word' id='word_1_140' title='bbox 764 1190 806 1223; x_wconf 90' lang='lat' dir='ltr'>ut</span> <span class='ocrx_word' id='word_1_141' title='bbox 830 1187 978 1223; x_wconf 89' lang='lat' dir='ltr'>videtur</span> <span class='ocrx_word' id='word_1_142' title='bbox 1002 1198 1087 1233; x_wconf 86' lang='lat' dir='ltr'>pars</span> <span class='ocrx_word' id='word_1_143' title='bbox 1113 1188 1236 1232; x_wconf 84' lang='lat' dir='ltr'>codd,</span> <span class='ocrx_word' id='word_1_144' title='bbox 1271 1189 1336 1222; x_wconf 83' lang='lat' dir='ltr'>sed</span> <span class='ocrx_word' id='word_1_145' title='bbox 1368 1188 1519 1223; x_wconf 82' lang='lat' dir='ltr'>exhibet</span> <span class='ocrx_word' id='word_1_146' title='bbox 1543 1189 1592 1232; x_wconf 88' lang='lat' dir='ltr'>A,</span> <span class='ocrx_word' id='word_1_147' title='bbox 1623 1188 1714 1224; x_wconf 84' lang='lat' dir='ltr'>item</span> 
     </span>
     <span class='ocr_line' id='line_1_18' title="bbox 190 1217 1715 1292; baseline 0 -22"><span class='ocrx_word' id='word_1_148' title='bbox 190 1235 398 1292; x_wconf 82' lang='lat' dir='ltr'>Longinus,</span> <span class='ocrx_word' id='word_1_149' title='bbox 430 1236 494 1280; x_wconf 85' lang='lat' dir='ltr'>qui</span> <span class='ocrx_word' id='word_1_150' title='bbox 525 1236 563 1270; x_wconf 91' lang='lat' dir='ltr'>in</span> <span class='ocrx_word' id='word_1_151' title='bbox 590 1236 797 1280; x_wconf 84' lang='lat' dir='ltr'>Prolegom</span> <span class='ocrx_word' id='word_1_152' title='bbox 826 1235 874 1270; x_wconf 85' lang='lat' dir='ltr'>ad</span> <span class='ocrx_word' id='word_1_153' title='bbox 899 1235 1018 1280; x_wconf 88' lang='lat' dir='ltr'>Heph.</span> <span class='ocrx_word' id='word_1_154' title='bbox 1045 1247 1080 1280; x_wconf 89' lang='lat' dir='ltr'>p.</span> <span class='ocrx_word' id='word_1_155' title='bbox 1110 1239 1176 1270; x_wconf 88' lang='grc'>139</span> <span class='ocrx_word' id='word_1_156' title='bbox 1208 1217 1317 1270; x_wconf 67' lang='lat' dir='ltr'>a&#39;fFert</span> <span class='ocrx_word' id='word_1_157' title='bbox 1341 1236 1438 1271; x_wconf 85' lang='lat' dir='ltr'>hunc</span> <span class='ocrx_word' id='word_1_158' title='bbox 1462 1247 1609 1271; x_wconf 86' lang='lat' dir='ltr'>versum</span> <span class='ocrx_word' id='word_1_159' title='bbox 1636 1235 1715 1278; x_wconf 87' lang='lat' dir='ltr'>(ubi</span> 
     </span>
     <span class='ocr_line' id='line_1_19' title="bbox 192 1279 1714 1328; baseline -0.001 -10"><span class='ocrx_word' id='word_1_160' title='bbox 192 1284 216 1318; x_wconf 82' lang='lat' dir='ltr'>S</span> <span class='ocrx_word' id='word_1_161' title='bbox 248 1279 507 1327; x_wconf 78' lang='grc' dir='ltr'><strong><em>ἄσσαρομέτρα</em></strong></span> <span class='ocrx_word' id='word_1_162' title='bbox 532 1281 777 1326; x_wconf 81' lang='grc' dir='ltr'><strong><em>Μνασιδικά).</em></strong></span> <span class='ocrx_word' id='word_1_163' title='bbox 814 1303 857 1307; x_wconf 90' lang='lat'><em>-</em></span> <span class='ocrx_word' id='word_1_164' title='bbox 899 1284 1090 1327; x_wconf 84' lang='grc' dir='ltr'><strong><em>Γυρίννως</em></strong></span> <span class='ocrx_word' id='word_1_165' title='bbox 1116 1283 1197 1326; x_wconf 90' lang='grc' dir='ltr'>ΑΡ,</span> <span class='ocrx_word' id='word_1_166' title='bbox 1231 1286 1273 1317; x_wconf 92' lang='lat' dir='ltr'>ut</span> <span class='ocrx_word' id='word_1_167' title='bbox 1304 1283 1409 1328; x_wconf 88' lang='lat' dir='ltr'>Toup</span> <span class='ocrx_word' id='word_1_168' title='bbox 1441 1283 1714 1325; x_wconf 76' lang='lat' dir='ltr'>emendaverat,</span> 
     </span>
     <span class='ocr_line' id='line_1_20' title="bbox 190 1326 1714 1377; baseline 0 -13"><span class='ocrx_word' id='word_1_169' title='bbox 190 1331 352 1375; x_wconf 78' lang='grc' dir='ltr'><strong><em>γυρίννω</em></strong></span> <span class='ocrx_word' id='word_1_170' title='bbox 372 1329 433 1364; x_wconf 85' lang='lat' dir='ltr'>HS</span> <span class='ocrx_word' id='word_1_171' title='bbox 453 1330 581 1375; x_wconf 85' lang='lat' dir='ltr'>Long,</span> <span class='ocrx_word' id='word_1_172' title='bbox 608 1328 779 1375; x_wconf 81' lang='grc' dir='ltr'><strong><em>γηρύννω</em></strong></span> <span class='ocrx_word' id='word_1_173' title='bbox 801 1329 840 1372; x_wconf 89' lang='grc' dir='ltr'>Ε,</span> <span class='ocrx_word' id='word_1_174' title='bbox 866 1331 1005 1375; x_wconf 86' lang='grc' dir='ltr'><strong><em>γυρίνω</em></strong></span> <span class='ocrx_word' id='word_1_175' title='bbox 1031 1327 1258 1377; x_wconf 75' lang='grc' dir='ltr'>Ὲ1,γυρήνῳ</span> <span class='ocrx_word' id='word_1_176' title='bbox 1283 1326 1643 1375; x_wconf 74' lang='grc' dir='ltr'>Τ11111.,αργυρίννω</span> <span class='ocrx_word' id='word_1_177' title='bbox 1667 1330 1714 1374; x_wconf 88' lang='lat' dir='ltr'>N,</span> 
     </span>
     <span class='ocr_line' id='line_1_21' title="bbox 191 1358 1714 1423; baseline 0 -11"><span class='ocrx_word' id='word_1_178' title='bbox 191 1379 387 1423; x_wconf 82' lang='grc' dir='ltr'><strong><em>γηρίνως</em></strong></span> <span class='ocrx_word' id='word_1_179' title='bbox 418 1376 493 1412; x_wconf 81' lang='grc' dir='ltr'><strong><em>καὶ</em></strong></span> <span class='ocrx_word' id='word_1_180' title='bbox 519 1377 564 1421; x_wconf 83' lang='lat' dir='ltr'>C,</span> <span class='ocrx_word' id='word_1_181' title='bbox 597 1377 662 1422; x_wconf 85' lang='lat' dir='ltr'>qui</span> <span class='ocrx_word' id='word_1_182' title='bbox 694 1377 725 1412; x_wconf 91' lang='lat' dir='ltr'>si</span> <span class='ocrx_word' id='word_1_183' title='bbox 755 1388 886 1411; x_wconf 88' lang='lat' dir='ltr'>revera</span> <span class='ocrx_word' id='word_1_184' title='bbox 916 1379 981 1412; x_wconf 79' lang='grc' dir='ltr'><strong><em>καὶ</em></strong></span> <span class='ocrx_word' id='word_1_185' title='bbox 1012 1358 1178 1420; x_wconf 79' lang='lat' dir='ltr'>exhibet,</span> <span class='ocrx_word' id='word_1_186' title='bbox 1212 1378 1282 1412; x_wconf 87' lang='grc' dir='ltr'>11οο</span> <span class='ocrx_word' id='word_1_187' title='bbox 1313 1388 1461 1421; x_wconf 89' lang='lat' dir='ltr'>quoque</span> <span class='ocrx_word' id='word_1_188' title='bbox 1493 1379 1714 1422; x_wconf 85' lang='lat' dir='ltr'>argumento</span> 
     </span>
     <span class='ocr_line' id='line_1_22' title="bbox 191 1405 1714 1470; baseline -0.001 -11"><span class='ocrx_word' id='word_1_189' title='bbox 191 1428 264 1467; x_wconf 80' lang='lat' dir='ltr'>est,</span> <span class='ocrx_word' id='word_1_190' title='bbox 302 1436 428 1459; x_wconf 86' lang='lat' dir='ltr'>versus</span> <span class='ocrx_word' id='word_1_191' title='bbox 467 1405 692 1469; x_wconf 75' lang='lat' dir='ltr'>sepa&#39;randos</span> <span class='ocrx_word' id='word_1_192' title='bbox 731 1435 821 1458; x_wconf 82' lang='lat' dir='ltr'>esse.</span> <span class='ocrx_word' id='word_1_193' title='bbox 872 1424 926 1459; x_wconf 90' lang='lat' dir='ltr'>De</span> <span class='ocrx_word' id='word_1_194' title='bbox 959 1425 1030 1459; x_wconf 92' lang='lat' dir='ltr'>hoc</span> <span class='ocrx_word' id='word_1_195' title='bbox 1061 1425 1210 1459; x_wconf 88' lang='lat' dir='ltr'>nomine</span> <span class='ocrx_word' id='word_1_196' title='bbox 1243 1424 1287 1459; x_wconf 89' lang='lat' dir='ltr'>cf</span> <span class='ocrx_word' id='word_1_197' title='bbox 1313 1424 1438 1470; x_wconf 86' lang='lat' dir='ltr'>Etym.</span> <span class='ocrx_word' id='word_1_198' title='bbox 1464 1425 1511 1459; x_wconf 91' lang='grc' dir='ltr'>Μ.</span> <span class='ocrx_word' id='word_1_199' title='bbox 1539 1428 1626 1470; x_wconf 80' lang='lat'>243,</span> <span class='ocrx_word' id='word_1_200' title='bbox 1651 1428 1714 1459; x_wconf 82' lang='grc'>51·</span> 
     </span>
     <span class='ocr_line' id='line_1_23' title="bbox 193 1468 1715 1528; baseline 0 -22"><span class='ocrx_word' id='word_1_201' title='bbox 193 1469 400 1517; x_wconf 83' lang='grc' dir='ltr'><strong><em>Γυριννω</em></strong></span> <span class='ocrx_word' id='word_1_202' title='bbox 427 1472 479 1516; x_wconf 92' lang='grc' dir='ltr'>(Μ</span> <span class='ocrx_word' id='word_1_203' title='bbox 505 1471 566 1506; x_wconf 83' lang='grc'>1110</span> <span class='ocrx_word' id='word_1_204' title='bbox 592 1473 630 1506; x_wconf 87' lang='lat' dir='ltr'>et</span> <span class='ocrx_word' id='word_1_205' title='bbox 654 1472 752 1506; x_wconf 85' lang='lat' dir='ltr'>infra</span> <span class='ocrx_word' id='word_1_206' title='bbox 777 1469 954 1527; x_wconf 84' lang='grc' dir='ltr'><strong><em>γυρινω)</em></strong></span> <span class='ocrx_word' id='word_1_207' title='bbox 980 1468 1100 1516; x_wconf 82' lang='grc' dir='ltr'><strong><em>ὄνομα</em></strong></span> <span class='ocrx_word' id='word_1_208' title='bbox 1127 1468 1257 1527; x_wconf 81' lang='grc' dir='ltr'><strong><em>κύριον</em></strong></span> <span class='ocrx_word' id='word_1_209' title='bbox 1282 1472 1444 1518; x_wconf 85' lang='grc' dir='ltr'><strong><em>Λεσβιάς</em></strong></span> <span class='ocrx_word' id='word_1_210' title='bbox 1468 1469 1590 1517; x_wconf 76' lang='grc' dir='ltr'><strong><em>κόρης.</em></strong></span> <span class='ocrx_word' id='word_1_211' title='bbox 1605 1472 1715 1528; x_wconf 68' lang='grc' dir='ltr'><strong><em>εἴρῃ-</em></strong></span> 
     </span>
     <span class='ocr_line' id='line_1_24' title="bbox 191 1514 1717 1576; baseline -0.001 -22"><span class='ocrx_word' id='word_1_212' title='bbox 191 1532 253 1554; x_wconf 88' lang='grc' dir='ltr'><strong><em>ται</em></strong></span> <span class='ocrx_word' id='word_1_213' title='bbox 277 1517 513 1576; x_wconf 82' lang='grc' dir='ltr'><strong><em>παρωνύμως</em></strong></span> <span class='ocrx_word' id='word_1_214' title='bbox 538 1516 639 1564; x_wconf 80' lang='grc' dir='ltr'><strong><em>παρὰ</em></strong></span> <span class='ocrx_word' id='word_1_215' title='bbox 665 1518 708 1554; x_wconf 87' lang='grc' dir='ltr'>τὸ</span> <span class='ocrx_word' id='word_1_216' title='bbox 734 1523 902 1574; x_wconf 73' lang='grc' dir='ltr'><strong><em>γυρΐνος,</em></strong></span> <span class='ocrx_word' id='word_1_217' title='bbox 934 1514 954 1554; x_wconf 80' lang='grc' dir='ltr'>ὃ</span> <span class='ocrx_word' id='word_1_218' title='bbox 983 1519 1093 1563; x_wconf 85' lang='grc' dir='ltr'><strong><em>δηλοι</em></strong></span> <span class='ocrx_word' id='word_1_219' title='bbox 1114 1516 1180 1553; x_wconf 85' lang='grc' dir='ltr'>τὸν</span> <span class='ocrx_word' id='word_1_220' title='bbox 1207 1515 1411 1564; x_wconf 85' lang='grc' dir='ltr'><strong><em>βατραχον,</em></strong></span> <span class='ocrx_word' id='word_1_221' title='bbox 1448 1515 1634 1563; x_wconf 79' lang='grc' dir='ltr'><strong><em>Γυριννῶ,</em></strong></span> <span class='ocrx_word' id='word_1_222' title='bbox 1666 1531 1717 1559; x_wconf 86' lang='grc' dir='ltr'><strong><em>ως</em></strong></span> 
     </span>
     <span class='ocr_line' id='line_1_25' title="bbox 194 1547 1716 1623; baseline 0 -22"><span class='ocrx_word' id='word_1_223' title='bbox 194 1565 324 1623; x_wconf 75' lang='grc' dir='ltr'><strong><em>ἐρατος</em></strong></span> <span class='ocrx_word' id='word_1_224' title='bbox 353 1563 512 1611; x_wconf 77' lang='grc' dir='ltr'><strong><em>Ἐρατώ,</em></strong></span> <span class='ocrx_word' id='word_1_225' title='bbox 544 1580 608 1602; x_wconf 77' lang='grc' dir='ltr'><strong><em>και</em></strong></span> <span class='ocrx_word' id='word_1_226' title='bbox 639 1565 745 1607; x_wconf 79' lang='grc' dir='ltr'><strong><em>κλέος</em></strong></span> <span class='ocrx_word' id='word_1_227' title='bbox 776 1563 882 1601; x_wconf 78' lang='grc' dir='ltr'><strong><em>Κλεὼ</em></strong></span> <span class='ocrx_word' id='word_1_228' title='bbox 915 1565 978 1601; x_wconf 84' lang='grc' dir='ltr'><strong><em>καὶ</em></strong></span> <span class='ocrx_word' id='word_1_229' title='bbox 1003 1563 1135 1601; x_wconf 80' lang='grc' dir='ltr'><strong><em>Κλειώ.</em></strong></span> <span class='ocrx_word' id='word_1_230' title='bbox 1185 1565 1367 1600; x_wconf 82' lang='lat' dir='ltr'>Maximus</span> <span class='ocrx_word' id='word_1_231' title='bbox 1392 1566 1525 1610; x_wconf 79' lang='lat' dir='ltr'>Tyrius</span> <span class='ocrx_word' id='word_1_232' title='bbox 1549 1547 1669 1601; x_wconf 90' lang='lat' dir='ltr'>XXIV</span> <span class='ocrx_word' id='word_1_233' title='bbox 1694 1570 1716 1601; x_wconf 89' lang='lat'><em>8</em></span> 
     </span>
     <span class='ocr_line' id='line_1_26' title="bbox 194 1610 1716 1660; baseline 0 -12"><span class='ocrx_word' id='word_1_234' title='bbox 194 1611 384 1660; x_wconf 85' lang='grc' dir='ltr'><strong><em>Γυρινναν</em></strong></span> <span class='ocrx_word' id='word_1_235' title='bbox 406 1615 526 1657; x_wconf 76' lang='lat' dir='ltr'>vocat,</span> <span class='ocrx_word' id='word_1_236' title='bbox 552 1614 862 1658; x_wconf 85' lang='lat' dir='ltr'>quemadmodum</span> <span class='ocrx_word' id='word_1_237' title='bbox 884 1611 1034 1658; x_wconf 79' lang='grc' dir='ltr'><strong><em>Σαπφώ</em></strong></span> <span class='ocrx_word' id='word_1_238' title='bbox 1055 1613 1169 1648; x_wconf 88' lang='lat' dir='ltr'>etiam</span> <span class='ocrx_word' id='word_1_239' title='bbox 1191 1610 1341 1657; x_wconf 78' lang='grc' dir='ltr'><strong><em>Ψάπφα</em></strong></span> <span class='ocrx_word' id='word_1_240' title='bbox 1367 1612 1512 1648; x_wconf 85' lang='lat' dir='ltr'>dicitur.</span> <span class='ocrx_word' id='word_1_241' title='bbox 1547 1613 1716 1658; x_wconf 88' lang='lat' dir='ltr'>Denique</span> 
     </span>
     <span class='ocr_line' id='line_1_27' title="bbox 193 1660 1721 1718; baseline -0.001 -21"><span class='ocrx_word' id='word_1_242' title='bbox 193 1662 291 1697; x_wconf 89' lang='lat' dir='ltr'>hunc</span> <span class='ocrx_word' id='word_1_243' title='bbox 323 1673 471 1697; x_wconf 83' lang='lat' dir='ltr'>versum</span> <span class='ocrx_word' id='word_1_244' title='bbox 505 1673 586 1696; x_wconf 87' lang='lat' dir='ltr'>cum</span> <span class='ocrx_word' id='word_1_245' title='bbox 619 1661 757 1718; x_wconf 82' lang='lat' dir='ltr'>insigni</span> <span class='ocrx_word' id='word_1_246' title='bbox 788 1660 992 1717; x_wconf 77' lang='lat' dir='ltr'>scripturae</span> <span class='ocrx_word' id='word_1_247' title='bbox 1024 1660 1205 1696; x_wconf 82' lang='lat' dir='ltr'>varietate</span> <span class='ocrx_word' id='word_1_248' title='bbox 1243 1661 1394 1695; x_wconf 82' lang='lat' dir='ltr'>exhibet</span> <span class='ocrx_word' id='word_1_249' title='bbox 1425 1660 1547 1695; x_wconf 87' lang='lat' dir='ltr'>Cornu</span> <span class='ocrx_word' id='word_1_250' title='bbox 1575 1660 1721 1717; x_wconf 55' lang='lat' dir='ltr'>Copiae&gt;</span> 
     </span>
     <span class='ocr_line' id='line_1_28' title="bbox 192 1705 1717 1764; baseline -0.002 -20"><span class='ocrx_word' id='word_1_251' title='bbox 192 1709 280 1744; x_wconf 88' lang='lat' dir='ltr'>Aldi</span> <span class='ocrx_word' id='word_1_252' title='bbox 299 1722 336 1755; x_wconf 90' lang='lat' dir='ltr'>p.</span> <span class='ocrx_word' id='word_1_253' title='bbox 357 1709 487 1744; x_wconf 81' lang='lat' dir='ltr'>268B:</span> <span class='ocrx_word' id='word_1_254' title='bbox 514 1708 590 1743; x_wconf 84' lang='grc' dir='ltr'><strong><em>Καὶ</em></strong></span> <span class='ocrx_word' id='word_1_255' title='bbox 614 1706 743 1743; x_wconf 86' lang='grc' dir='ltr'><strong><em>παλιν·</em></strong></span> <span class='ocrx_word' id='word_1_256' title='bbox 767 1705 1095 1764; x_wconf 79' lang='grc' dir='ltr'><strong><em>Ἀμορφότερον</em></strong></span> <span class='ocrx_word' id='word_1_257' title='bbox 1114 1707 1338 1764; x_wconf 79' lang='grc' dir='ltr'><strong><em>Μναΐὸος,</em></strong></span> <span class='ocrx_word' id='word_1_258' title='bbox 1365 1706 1439 1742; x_wconf 81' lang='grc' dir='ltr'><strong><em>καὶ</em></strong></span> <span class='ocrx_word' id='word_1_259' title='bbox 1446 1708 1541 1763; x_wconf 85' lang='grc' dir='ltr'><strong><em>τῆς</em></strong></span> <span class='ocrx_word' id='word_1_260' title='bbox 1565 1705 1717 1748; x_wconf 72' lang='grc' dir='ltr'><strong><em>ἁπλῶς</em></strong></span> 
     </span>
     <span class='ocr_line' id='line_1_29' title="bbox 192 1751 1716 1801; baseline -0.002 -10"><span class='ocrx_word' id='word_1_261' title='bbox 192 1756 403 1801; x_wconf 81' lang='grc' dir='ltr'><strong><em>πυρινῶς.</em></strong></span> <span class='ocrx_word' id='word_1_262' title='bbox 449 1754 551 1791; x_wconf 78' lang='grc' dir='ltr'><strong><em>ἔστιν</em></strong></span> <span class='ocrx_word' id='word_1_263' title='bbox 573 1752 595 1800; x_wconf 87' lang='grc' dir='ltr'><em>ἡ</em></span> <span class='ocrx_word' id='word_1_264' title='bbox 623 1755 750 1795; x_wconf 78' lang='grc' dir='ltr'><strong><em>Μναϊς</em></strong></span> <span class='ocrx_word' id='word_1_265' title='bbox 775 1768 870 1800; x_wconf 86' lang='grc' dir='ltr'><strong><em>αυτη</em></strong></span> <span class='ocrx_word' id='word_1_266' title='bbox 895 1755 960 1790; x_wconf 80' lang='grc' dir='ltr'><strong><em>καὶ</em></strong></span> <span class='ocrx_word' id='word_1_267' title='bbox 985 1769 1008 1799; x_wconf 89' lang='grc' dir='ltr'>η</span> <span class='ocrx_word' id='word_1_268' title='bbox 1034 1751 1186 1799; x_wconf 79' lang='grc' dir='ltr'><strong><em>Πυρινώ</em></strong></span> <span class='ocrx_word' id='word_1_269' title='bbox 1214 1751 1383 1800; x_wconf 84' lang='grc' dir='ltr'><strong><em>ὀνόματα</em></strong></span> <span class='ocrx_word' id='word_1_270' title='bbox 1408 1752 1532 1797; x_wconf 77' lang='grc' dir='ltr'><strong><em>κύρια.</em></strong></span> <span class='ocrx_word' id='word_1_271' title='bbox 1570 1754 1716 1790; x_wconf 85' lang='lat' dir='ltr'>Nomen</span> 
     </span>
     <span class='ocr_line' id='line_1_30' title="bbox 193 1801 1716 1847; baseline -0.001 -8"><span class='ocrx_word' id='word_1_272' title='bbox 193 1805 424 1846; x_wconf 82' lang='grc' dir='ltr'><strong><em>Μνασιδίκα,</em></strong></span> <span class='ocrx_word' id='word_1_273' title='bbox 451 1814 677 1847; x_wconf 85' lang='lat' dir='ltr'>quamquam</span> <span class='ocrx_word' id='word_1_274' title='bbox 696 1814 767 1838; x_wconf 92' lang='lat' dir='ltr'>non</span> <span class='ocrx_word' id='word_1_275' title='bbox 794 1802 968 1847; x_wconf 85' lang='lat' dir='ltr'>insolens,</span> <span class='ocrx_word' id='word_1_276' title='bbox 994 1805 1121 1837; x_wconf 85' lang='lat' dir='ltr'>tamen</span> <span class='ocrx_word' id='word_1_277' title='bbox 1140 1813 1213 1836; x_wconf 90' lang='lat' dir='ltr'>non</span> <span class='ocrx_word' id='word_1_278' title='bbox 1234 1803 1434 1847; x_wconf 87' lang='lat' dir='ltr'>comparet,</span> <span class='ocrx_word' id='word_1_279' title='bbox 1461 1801 1526 1836; x_wconf 91' lang='lat' dir='ltr'>ubi</span> <span class='ocrx_word' id='word_1_280' title='bbox 1547 1802 1716 1847; x_wconf 84' lang='lat' dir='ltr'>Sapphus</span> 
     </span>
     <span class='ocr_line' id='line_1_31' title="bbox 193 1848 1716 1903; baseline 0 -19"><span class='ocrx_word' id='word_1_281' title='bbox 193 1850 339 1886; x_wconf 74' lang='lat' dir='ltr'>sodales</span> <span class='ocrx_word' id='word_1_282' title='bbox 365 1852 643 1903; x_wconf 85' lang='lat' dir='ltr'>enumerantur.</span> <span class='ocrx_word' id='word_1_283' title='bbox 669 1850 710 1884; x_wconf 85' lang='lat' dir='ltr'>at</span> <span class='ocrx_word' id='word_1_284' title='bbox 730 1849 872 1894; x_wconf 82' lang='grc' dir='ltr'><strong><em>Μναΐς,</em></strong></span> <span class='ocrx_word' id='word_1_285' title='bbox 899 1849 997 1894; x_wconf 89' lang='lat' dir='ltr'>quod</span> <span class='ocrx_word' id='word_1_286' title='bbox 1023 1860 1158 1885; x_wconf 89' lang='lat' dir='ltr'>nomen</span> <span class='ocrx_word' id='word_1_287' title='bbox 1181 1848 1269 1883; x_wconf 88' lang='lat' dir='ltr'>Aldi</span> <span class='ocrx_word' id='word_1_288' title='bbox 1295 1848 1559 1893; x_wconf 84' lang='lat' dir='ltr'>grammaticus</span> <span class='ocrx_word' id='word_1_289' title='bbox 1585 1860 1716 1894; x_wconf 82' lang='lat' dir='ltr'>suppe-</span> 
     </span>
     <span class='ocr_line' id='line_1_32' title="bbox 192 1895 1716 1941; baseline -0.001 -8"><span class='ocrx_word' id='word_1_290' title='bbox 192 1898 307 1941; x_wconf 84' lang='lat' dir='ltr'>ditat,</span> <span class='ocrx_word' id='word_1_291' title='bbox 339 1909 413 1933; x_wconf 90' lang='lat' dir='ltr'>non</span> <span class='ocrx_word' id='word_1_292' title='bbox 445 1896 566 1931; x_wconf 85' lang='lat' dir='ltr'>minus</span> <span class='ocrx_word' id='word_1_293' title='bbox 598 1897 768 1932; x_wconf 87' lang='lat' dir='ltr'>dubium:</span> <span class='ocrx_word' id='word_1_294' title='bbox 802 1897 898 1932; x_wconf 90' lang='lat' dir='ltr'>hanc</span> <span class='ocrx_word' id='word_1_295' title='bbox 930 1896 1094 1941; x_wconf 86' lang='lat' dir='ltr'>puellam</span> <span class='ocrx_word' id='word_1_296' title='bbox 1126 1895 1172 1931; x_wconf 87' lang='lat' dir='ltr'>ab</span> <span class='ocrx_word' id='word_1_297' title='bbox 1199 1895 1331 1931; x_wconf 88' lang='lat' dir='ltr'>Ovidio</span> <span class='ocrx_word' id='word_1_298' title='bbox 1362 1898 1607 1931; x_wconf 80' lang='lat' dir='ltr'>memoratam</span> <span class='ocrx_word' id='word_1_299' title='bbox 1639 1907 1716 1931; x_wconf 88' lang='grc'>0000</span> 
     </span>
     <span class='ocr_line' id='line_1_33' title="bbox 193 1942 1715 1988; baseline -0.001 -8"><span class='ocrx_word' id='word_1_300' title='bbox 193 1945 350 1981; x_wconf 88' lang='lat' dir='ltr'>credunt</span> <span class='ocrx_word' id='word_1_301' title='bbox 379 1943 530 1980; x_wconf 88' lang='lat' dir='ltr'>Heroid.</span> <span class='ocrx_word' id='word_1_302' title='bbox 561 1943 628 1978; x_wconf 92' lang='lat' dir='ltr'>XV</span> <span class='ocrx_word' id='word_1_303' title='bbox 657 1948 717 1988; x_wconf 85' lang='lat'>15,</span> <span class='ocrx_word' id='word_1_304' title='bbox 754 1955 881 1979; x_wconf 87' lang='lat' dir='ltr'>verum</span> <span class='ocrx_word' id='word_1_305' title='bbox 918 1943 972 1978; x_wconf 89' lang='lat' dir='ltr'>ibi</span> <span class='ocrx_word' id='word_1_306' title='bbox 1008 1944 1078 1978; x_wconf 90' lang='lat' dir='ltr'>hoc</span> <span class='ocrx_word' id='word_1_307' title='bbox 1115 1954 1250 1979; x_wconf 68' lang='lat' dir='ltr'>nomen</span> <span class='ocrx_word' id='word_1_308' title='bbox 1287 1955 1331 1978; x_wconf 88' lang='lat' dir='ltr'>ex</span> <span class='ocrx_word' id='word_1_309' title='bbox 1366 1943 1566 1978; x_wconf 79' lang='lat' dir='ltr'>manifesta</span> <span class='ocrx_word' id='word_1_310' title='bbox 1601 1942 1715 1978; x_wconf 83' lang='lat' dir='ltr'>inter·</span> 
     </span>
     <span class='ocr_line' id='line_1_34' title="bbox 192 1987 1715 2047; baseline -0.002 -20"><span class='ocrx_word' id='word_1_311' title='bbox 192 1992 384 2038; x_wconf 87' lang='lat' dir='ltr'>polatione</span> <span class='ocrx_word' id='word_1_312' title='bbox 419 1991 558 2026; x_wconf 83' lang='lat' dir='ltr'>ortum:</span> <span class='ocrx_word' id='word_1_313' title='bbox 591 1991 651 2026; x_wconf 87' lang='lat' dir='ltr'>vel</span> <span class='ocrx_word' id='word_1_314' title='bbox 677 1992 728 2026; x_wconf 86' lang='grc'>010</span> <span class='ocrx_word' id='word_1_315' title='bbox 753 1993 878 2027; x_wconf 87' lang='lat' dir='ltr'>tamen</span> <span class='ocrx_word' id='word_1_316' title='bbox 905 1990 1071 2047; x_wconf 85' lang='lat' dir='ltr'>suspicor</span> <span class='ocrx_word' id='word_1_317' title='bbox 1095 1990 1295 2035; x_wconf 84' lang='lat' dir='ltr'>legendum</span> <span class='ocrx_word' id='word_1_318' title='bbox 1322 2002 1402 2026; x_wconf 84' lang='lat' dir='ltr'>esse</span> <span class='ocrx_word' id='word_1_319' title='bbox 1430 1987 1715 2035; x_wconf 79' lang='grc' dir='ltr'><strong><em>Εὐμορφοτέρα,</em></strong></span> 
     </span>
     <span class='ocr_line' id='line_1_35' title="bbox 193 2034 1716 2095; baseline -0.002 -20"><span class='ocrx_word' id='word_1_320' title='bbox 193 2040 320 2075; x_wconf 83' lang='grc' dir='ltr'>Μνᾶϊ</span> <span class='ocrx_word' id='word_1_321' title='bbox 356 2038 430 2083; x_wconf 87' lang='lat' dir='ltr'>(vel</span> <span class='ocrx_word' id='word_1_322' title='bbox 441 2039 642 2095; x_wconf 84' lang='grc' dir='ltr'>Μνᾶσι),</span> <span class='ocrx_word' id='word_1_323' title='bbox 680 2035 835 2079; x_wconf 84' lang='grc' dir='ltr'><strong><em>δόκεις</em></strong></span> <span class='ocrx_word' id='word_1_324' title='bbox 871 2038 948 2078; x_wconf 81' lang='grc' dir='ltr'><strong><em>τᾶς</em></strong></span> <span class='ocrx_word' id='word_1_325' title='bbox 985 2034 1132 2078; x_wconf 80' lang='grc' dir='ltr'><strong><em>απαλας</em></strong></span> <span class='ocrx_word' id='word_1_326' title='bbox 1166 2038 1366 2082; x_wconf 87' lang='grc' dir='ltr'><strong><em>Γυρίννως.</em></strong></span> <span class='ocrx_word' id='word_1_327' title='bbox 1415 2037 1561 2072; x_wconf 85' lang='grc' dir='ltr'>Α1110110</span> <span class='ocrx_word' id='word_1_328' title='bbox 1593 2037 1716 2086; x_wconf 82' lang='grc' dir='ltr'><strong><em>Μνᾷς,</em></strong></span> 
     </span>
     <span class='ocr_line' id='line_1_36' title="bbox 194 2067 730 2129; baseline -0.004 -7"><span class='ocrx_word' id='word_1_329' title='bbox 194 2088 311 2129; x_wconf 76' lang='grc' dir='ltr'><strong><em>Δίκα,</em></strong></span> <span class='ocrx_word' id='word_1_330' title='bbox 336 2087 403 2126; x_wconf 81' lang='grc' dir='ltr'><strong><em>τᾶς</em></strong></span> <span class='ocrx_word' id='word_1_331' title='bbox 428 2100 464 2121; x_wconf 89' lang='grc' dir='ltr'><strong><em>α.</em></strong></span> <span class='ocrx_word' id='word_1_332' title='bbox 494 2089 532 2120; x_wconf 91' lang='grc' dir='ltr'>Γ.</span> <span class='ocrx_word' id='word_1_333' title='bbox 560 2067 730 2121; x_wconf 83' lang='lat' dir='ltr'>coniecit.</span> 
     </span>
    </p>

    <p class='ocr_par' dir='ltr' id='par_1_6' title="bbox 193 2124 1719 2698">
     <span class='ocr_line' id='line_1_37' title="bbox 289 2124 1716 2187; baseline -0.002 -18"><span class='ocrx_word' id='word_1_334' title='bbox 289 2135 346 2170; x_wconf 88' lang='lat' dir='ltr'>Fr.</span> <span class='ocrx_word' id='word_1_335' title='bbox 375 2137 429 2169; x_wconf 79' lang='lat'>77.</span> <span class='ocrx_word' id='word_1_336' title='bbox 481 2133 708 2187; x_wconf 66' lang='lat' dir='ltr'>Hephaestio</span> <span class='ocrx_word' id='word_1_337' title='bbox 733 2132 802 2168; x_wconf 88' lang='lat' dir='ltr'>ib.:</span> <span class='ocrx_word' id='word_1_338' title='bbox 834 2129 1064 2178; x_wconf 83' lang='grc' dir='ltr'><strong><em>ασαροτέρας</em></strong></span> <span class='ocrx_word' id='word_1_339' title='bbox 1089 2128 1226 2177; x_wconf 83' lang='grc' dir='ltr'><strong><em>ουδαμ’</em></strong></span> <span class='ocrx_word' id='word_1_340' title='bbox 1255 2127 1331 2175; x_wconf 77' lang='grc' dir='ltr'>ἐπ’,</span> <span class='ocrx_word' id='word_1_341' title='bbox 1363 2124 1390 2166; x_wconf 77' lang='grc' dir='ltr'><em>ὦ</em></span> <span class='ocrx_word' id='word_1_342' title='bbox 1416 2128 1574 2175; x_wconf 87' lang='grc' dir='ltr'><strong><em>”,ραννα</em></strong></span> <span class='ocrx_word' id='word_1_343' title='bbox 1601 2130 1716 2167; x_wconf 88' lang='grc' dir='ltr'><strong><em>σέθεν</em></strong></span> 
     </span>
     <span class='ocr_line' id='line_1_38' title="bbox 193 2178 1717 2237; baseline -0.002 -21"><span class='ocrx_word' id='word_1_344' title='bbox 193 2179 349 2237; x_wconf 85' lang='grc' dir='ltr'><strong><em>τύχοισα</em></strong></span> <span class='ocrx_word' id='word_1_345' title='bbox 374 2180 506 2225; x_wconf 83' lang='lat' dir='ltr'>scripsi</span> <span class='ocrx_word' id='word_1_346' title='bbox 524 2179 779 2215; x_wconf 88' lang='lat' dir='ltr'>Hermannum</span> <span class='ocrx_word' id='word_1_347' title='bbox 800 2182 957 2223; x_wconf 84' lang='lat' dir='ltr'>secutus,</span> <span class='ocrx_word' id='word_1_348' title='bbox 982 2180 1021 2214; x_wconf 91' lang='lat' dir='ltr'>id</span> <span class='ocrx_word' id='word_1_349' title='bbox 1047 2179 1145 2224; x_wconf 84' lang='lat' dir='ltr'>quod</span> <span class='ocrx_word' id='word_1_350' title='bbox 1170 2179 1248 2214; x_wconf 89' lang='lat' dir='ltr'>fere</span> <span class='ocrx_word' id='word_1_351' title='bbox 1267 2179 1390 2213; x_wconf 89' lang='lat' dir='ltr'>firmat</span> <span class='ocrx_word' id='word_1_352' title='bbox 1413 2178 1627 2235; x_wconf 71' lang='lat' dir='ltr'>scholiasta,</span> <span class='ocrx_word' id='word_1_353' title='bbox 1653 2178 1717 2223; x_wconf 89' lang='lat' dir='ltr'>qui</span> 
     </span>
     <span class='ocr_line' id='line_1_39' title="bbox 194 2222 1719 2284; baseline -0.002 -21"><span class='ocrx_word' id='word_1_354' title='bbox 194 2229 301 2264; x_wconf 85' lang='lat' dir='ltr'>dicit:</span> <span class='ocrx_word' id='word_1_355' title='bbox 330 2224 349 2263; x_wconf 82' lang='grc' dir='ltr'>ὃ</span> <span class='ocrx_word' id='word_1_356' title='bbox 372 2226 414 2263; x_wconf 76' lang='grc' dir='ltr'>δὲ</span> <span class='ocrx_word' id='word_1_357' title='bbox 434 2227 542 2265; x_wconf 80' lang='grc' dir='ltr'><strong><em>θέλει</em></strong></span> <span class='ocrx_word' id='word_1_358' title='bbox 567 2224 738 2262; x_wconf 83' lang='grc' dir='ltr'><strong><em>τοιοῦτόν</em></strong></span> <span class='ocrx_word' id='word_1_359' title='bbox 765 2225 859 2262; x_wconf 80' lang='grc' dir='ltr'><strong><em>ἐστι·</em></strong></span> <span class='ocrx_word' id='word_1_360' title='bbox 887 2225 1166 2284; x_wconf 85' lang='grc' dir='ltr'><strong><em>βλαβερωτὲρας</em></strong></span> <span class='ocrx_word' id='word_1_361' title='bbox 1186 2223 1271 2261; x_wconf 84' lang='grc' dir='ltr'><strong><em>αντὶ</em></strong></span> <span class='ocrx_word' id='word_1_362' title='bbox 1296 2226 1363 2260; x_wconf 80' lang='grc' dir='ltr'>τοῦ</span> <span class='ocrx_word' id='word_1_363' title='bbox 1385 2222 1485 2281; x_wconf 78' lang='grc' dir='ltr'><strong><em>αὐτὴ</em></strong></span> <span class='ocrx_word' id='word_1_364' title='bbox 1512 2225 1619 2270; x_wconf 83' lang='lat' dir='ltr'>(haec</span> <span class='ocrx_word' id='word_1_365' title='bbox 1643 2225 1719 2260; x_wconf 82' lang='lat' dir='ltr'>tria.</span> 
     </span>
     <span class='ocr_line' id='line_1_40' title="bbox 193 2269 1715 2331; baseline -0.002 -21"><span class='ocrx_word' id='word_1_366' title='bbox 193 2276 308 2311; x_wconf 84' lang='lat' dir='ltr'>verba</span> <span class='ocrx_word' id='word_1_367' title='bbox 339 2275 463 2319; x_wconf 87' lang='lat' dir='ltr'>deleo,</span> <span class='ocrx_word' id='word_1_368' title='bbox 495 2274 567 2310; x_wconf 85' lang='lat' dir='ltr'>fuit</span> <span class='ocrx_word' id='word_1_369' title='bbox 591 2275 629 2309; x_wconf 91' lang='lat' dir='ltr'>in</span> <span class='ocrx_word' id='word_1_370' title='bbox 654 2286 770 2320; x_wconf 85' lang='lat' dir='ltr'>marg.</span> <span class='ocrx_word' id='word_1_371' title='bbox 797 2275 1023 2330; x_wconf 83' lang='lat' dir='ltr'>adscriptum</span> <span class='ocrx_word' id='word_1_372' title='bbox 1054 2286 1139 2331; x_wconf 86' lang='grc' dir='ltr'><strong><em>αση</em></strong></span> <span class='ocrx_word' id='word_1_373' title='bbox 1165 2273 1225 2308; x_wconf 88' lang='lat' dir='ltr'>vel</span> <span class='ocrx_word' id='word_1_374' title='bbox 1256 2270 1342 2307; x_wconf 91' lang='grc' dir='ltr'>ασα</span> <span class='ocrx_word' id='word_1_375' title='bbox 1373 2269 1475 2307; x_wconf 81' lang='grc' dir='ltr'><strong><em>ἀντὶ</em></strong></span> <span class='ocrx_word' id='word_1_376' title='bbox 1506 2273 1584 2308; x_wconf 82' lang='grc' dir='ltr'><strong><em>τοῦ</em></strong></span> <span class='ocrx_word' id='word_1_377' title='bbox 1617 2269 1715 2318; x_wconf 85' lang='grc' dir='ltr'>ἄτη)</span> 
     </span>
     <span class='ocr_line' id='line_1_41' title="bbox 195 2318 1717 2382; baseline -0.001 -25"><span class='ocrx_word' id='word_1_378' title='bbox 195 2320 370 2382; x_wconf 78' lang='grc' dir='ltr'><strong><em>οὐδαμῶς</em></strong></span> <span class='ocrx_word' id='word_1_379' title='bbox 408 2322 480 2367; x_wconf 85' lang='grc' dir='ltr'><strong><em>μοῦ</em></strong></span> <span class='ocrx_word' id='word_1_380' title='bbox 519 2322 603 2367; x_wconf 88' lang='lat' dir='ltr'>(leg.</span> <span class='ocrx_word' id='word_1_381' title='bbox 637 2322 730 2364; x_wconf 80' lang='grc' dir='ltr'><strong><em>σοῦ)</em></strong></span> <span class='ocrx_word' id='word_1_382' title='bbox 768 2335 857 2357; x_wconf 86' lang='grc' dir='ltr'><strong><em>ποτε</em></strong></span> <span class='ocrx_word' id='word_1_383' title='bbox 891 2319 1043 2378; x_wconf 83' lang='grc' dir='ltr'><strong><em>εἰρήνης</em></strong></span> <span class='ocrx_word' id='word_1_384' title='bbox 1071 2319 1187 2356; x_wconf 86' lang='grc' dir='ltr'><strong><em>σέθεν</em></strong></span> <span class='ocrx_word' id='word_1_385' title='bbox 1225 2321 1312 2365; x_wconf 88' lang='lat' dir='ltr'>(leg.</span> <span class='ocrx_word' id='word_1_386' title='bbox 1346 2318 1545 2378; x_wconf 53' lang='grc' dir='ltr'><strong><em>Εἰρήνη</em></strong></span> <span class='ocrx_word' id='word_1_387' title='bbox 1525 2322 1563 2355; x_wconf 89' lang='lat' dir='ltr'>et</span> <span class='ocrx_word' id='word_1_388' title='bbox 1593 2319 1717 2355; x_wconf 82' lang='lat' dir='ltr'>deleas</span> 
     </span>
     <span class='ocr_line' id='line_1_42' title="bbox 196 2364 1715 2427; baseline -0.003 -22"><span class='ocrx_word' id='word_1_389' title='bbox 196 2368 325 2427; x_wconf 81' lang='grc' dir='ltr'><strong><em>σέθεν)</em></strong></span> <span class='ocrx_word' id='word_1_390' title='bbox 353 2367 592 2414; x_wconf 78' lang='grc' dir='ltr'><strong><em>ἐπιτυχοῦσα.</em></strong></span> <span class='ocrx_word' id='word_1_391' title='bbox 642 2369 744 2404; x_wconf 85' lang='lat' dir='ltr'>Libri</span> <span class='ocrx_word' id='word_1_392' title='bbox 767 2369 931 2426; x_wconf 81' lang='lat' dir='ltr'>variant,</span> <span class='ocrx_word' id='word_1_393' title='bbox 963 2370 994 2403; x_wconf 89' lang='lat' dir='ltr'>A</span> <span class='ocrx_word' id='word_1_394' title='bbox 1020 2364 1392 2426; x_wconf 78' lang='grc' dir='ltr'><strong><em>ἆσαροτερασουδαμ’</em></strong></span> <span class='ocrx_word' id='word_1_395' title='bbox 1419 2380 1474 2402; x_wconf 84' lang='grc' dir='ltr'><strong><em>απ</em></strong></span> <span class='ocrx_word' id='word_1_396' title='bbox 1517 2379 1662 2424; x_wconf 87' lang='grc' dir='ltr'><strong><em>ωρανα,</em></strong></span> <span class='ocrx_word' id='word_1_397' title='bbox 1688 2366 1715 2402; x_wconf 87' lang='lat' dir='ltr'>C</span> 
     </span>
     <span class='ocr_line' id='line_1_43' title="bbox 194 2411 1716 2474; baseline -0.003 -22"><span class='ocrx_word' id='word_1_398' title='bbox 194 2414 428 2474; x_wconf 86' lang='grc' dir='ltr'><strong><em>ασαρωτέρα</em></strong></span> <span class='ocrx_word' id='word_1_399' title='bbox 442 2413 614 2473; x_wconf 87' lang='grc' dir='ltr'><strong><em>σουδαμα</em></strong></span> <span class='ocrx_word' id='word_1_400' title='bbox 640 2429 815 2462; x_wconf 85' lang='grc' dir='ltr'><strong><em>πωρανα,</em></strong></span> <span class='ocrx_word' id='word_1_401' title='bbox 842 2417 870 2450; x_wconf 90' lang='grc' dir='ltr'>Ρ</span> <span class='ocrx_word' id='word_1_402' title='bbox 889 2412 1144 2472; x_wconf 84' lang='grc' dir='ltr'><strong><em>ασαρωτέρας</em></strong></span> <span class='ocrx_word' id='word_1_403' title='bbox 1155 2411 1294 2472; x_wconf 79' lang='grc' dir='ltr'><strong><em>οὖδαμ’</em></strong></span> <span class='ocrx_word' id='word_1_404' title='bbox 1315 2411 1386 2449; x_wconf 85' lang='grc' dir='ltr'><strong><em>απ’</em></strong></span> <span class='ocrx_word' id='word_1_405' title='bbox 1407 2411 1554 2459; x_wconf 78' lang='grc' dir='ltr'><strong><em>ὤρανα,</em></strong></span> <span class='ocrx_word' id='word_1_406' title='bbox 1580 2414 1604 2448; x_wconf 84' lang='lat' dir='ltr'>S</span> <span class='ocrx_word' id='word_1_407' title='bbox 1623 2425 1716 2448; x_wconf 81' lang='grc' dir='ltr'><strong><em>ασα-</em></strong></span> 
     </span>
     <span class='ocr_line' id='line_1_44' title="bbox 196 2456 1715 2521; baseline -0.003 -22"><span class='ocrx_word' id='word_1_408' title='bbox 196 2465 359 2510; x_wconf 88' lang='grc' dir='ltr'><strong><em>ρωτέρας</em></strong></span> <span class='ocrx_word' id='word_1_409' title='bbox 384 2460 523 2521; x_wconf 82' lang='grc' dir='ltr'><strong><em>οὐδάμ’</em></strong></span> <span class='ocrx_word' id='word_1_410' title='bbox 545 2476 726 2520; x_wconf 85' lang='grc' dir='ltr'><strong><em>πωρανα,</em></strong></span> <span class='ocrx_word' id='word_1_411' title='bbox 758 2463 797 2497; x_wconf 91' lang='grc' dir='ltr'><strong>Μ</strong></span> <span class='ocrx_word' id='word_1_412' title='bbox 821 2460 1076 2520; x_wconf 83' lang='grc' dir='ltr'><strong><em>ασσαροτέρας</em></strong></span> <span class='ocrx_word' id='word_1_413' title='bbox 1101 2458 1186 2497; x_wconf 78' lang='grc' dir='ltr'><strong><em>οὐδ’</em></strong></span> <span class='ocrx_word' id='word_1_414' title='bbox 1215 2458 1295 2507; x_wconf 74' lang='grc' dir='ltr'>ἅμα</span> <span class='ocrx_word' id='word_1_415' title='bbox 1319 2458 1494 2519; x_wconf 81' lang='grc' dir='ltr'><strong><em>πῶρανα,</em></strong></span> <span class='ocrx_word' id='word_1_416' title='bbox 1518 2460 1554 2495; x_wconf 88' lang='lat' dir='ltr'>N</span> <span class='ocrx_word' id='word_1_417' title='bbox 1573 2456 1715 2518; x_wconf 77' lang='grc' dir='ltr'><strong><em>ἆσαρο-</em></strong></span> 
     </span>
     <span class='ocr_line' id='line_1_45' title="bbox 194 2505 1717 2557; baseline -0.003 -10"><span class='ocrx_word' id='word_1_418' title='bbox 194 2511 285 2557; x_wconf 83' lang='grc' dir='ltr'><strong><em>τέρα</em></strong></span> <span class='ocrx_word' id='word_1_419' title='bbox 323 2511 390 2547; x_wconf 79' lang='grc' dir='ltr'>σοῦ</span> <span class='ocrx_word' id='word_1_420' title='bbox 423 2508 460 2546; x_wconf 85' lang='grc' dir='ltr'>δ’</span> <span class='ocrx_word' id='word_1_421' title='bbox 488 2507 555 2556; x_wconf 64' lang='grc' dir='ltr'><strong><em>(ιμ’</em></strong></span> <span class='ocrx_word' id='word_1_422' title='bbox 585 2507 645 2546; x_wconf 78' lang='grc' dir='ltr'>ἐπ’</span> <span class='ocrx_word' id='word_1_423' title='bbox 675 2508 815 2556; x_wconf 82' lang='grc' dir='ltr'><strong><em>ὤρανε,</em></strong></span> <span class='ocrx_word' id='word_1_424' title='bbox 846 2510 956 2545; x_wconf 83' lang='lat' dir='ltr'>FlBH</span> <span class='ocrx_word' id='word_1_425' title='bbox 988 2506 1199 2554; x_wconf 78' lang='grc' dir='ltr'><strong><em>ἆσαροτέρα</em></strong></span> <span class='ocrx_word' id='word_1_426' title='bbox 1234 2510 1300 2545; x_wconf 87' lang='grc' dir='ltr'>σοῦ</span> <span class='ocrx_word' id='word_1_427' title='bbox 1334 2505 1370 2542; x_wconf 86' lang='grc' dir='ltr'>δ’</span> <span class='ocrx_word' id='word_1_428' title='bbox 1403 2505 1471 2553; x_wconf 88' lang='grc' dir='ltr'>αμ’</span> <span class='ocrx_word' id='word_1_429' title='bbox 1506 2505 1717 2550; x_wconf 82' lang='grc' dir='ltr'><strong><em>ε’πώραναν.</em></strong></span> 
     </span>
     <span class='ocr_line' id='line_1_46' title="bbox 195 2552 1716 2616; baseline -0.003 -23"><span class='ocrx_word' id='word_1_430' title='bbox 195 2559 338 2594; x_wconf 89' lang='lat' dir='ltr'>Deinde</span> <span class='ocrx_word' id='word_1_431' title='bbox 363 2562 516 2615; x_wconf 86' lang='grc' dir='ltr'><strong><em>τυχοισα</em></strong></span> <span class='ocrx_word' id='word_1_432' title='bbox 544 2558 657 2601; x_wconf 85' lang='lat' dir='ltr'>SNH,</span> <span class='ocrx_word' id='word_1_433' title='bbox 690 2562 866 2616; x_wconf 59' lang='grc' dir='ltr'><strong><em>τυχοῖσαν</em></strong></span> <span class='ocrx_word' id='word_1_434' title='bbox 892 2557 1007 2601; x_wconf 81' lang='grc' dir='ltr'>ΟΡΜ,</span> <span class='ocrx_word' id='word_1_435' title='bbox 1038 2556 1202 2614; x_wconf 83' lang='grc' dir='ltr'><strong><em>τυχοῦσα</em></strong></span> <span class='ocrx_word' id='word_1_436' title='bbox 1227 2555 1569 2591; x_wconf 84' lang='lat' dir='ltr'>BF1.Blomfield</span> <span class='ocrx_word' id='word_1_437' title='bbox 1581 2552 1716 2599; x_wconf 81' lang='grc' dir='ltr'><strong><em>ἀσαρο-</em></strong></span> 
     </span>
     <span class='ocr_line' id='line_1_47' title="bbox 194 2601 1716 2663; baseline -0.003 -22"><span class='ocrx_word' id='word_1_438' title='bbox 194 2605 305 2650; x_wconf 83' lang='grc' dir='ltr'><strong><em>τέρας</em></strong></span> <span class='ocrx_word' id='word_1_439' title='bbox 338 2602 488 2663; x_wconf 82' lang='grc' dir='ltr'><strong><em>οὖδαμα</em></strong></span> <span class='ocrx_word' id='word_1_440' title='bbox 514 2618 588 2650; x_wconf 86' lang='grc' dir='ltr'>πω,</span> <span class='ocrx_word' id='word_1_441' title='bbox 617 2602 770 2649; x_wconf 88' lang='grc' dir='ltr'><strong><em>’ραννα,</em></strong></span> <span class='ocrx_word' id='word_1_442' title='bbox 802 2603 917 2640; x_wconf 82' lang='grc' dir='ltr'><strong><em>σέθεν</em></strong></span> <span class='ocrx_word' id='word_1_443' title='bbox 943 2602 1068 2650; x_wconf 79' lang='grc' dir='ltr'><strong><em>τύχοις</em></strong></span> <span class='ocrx_word' id='word_1_444' title='bbox 1093 2617 1159 2648; x_wconf 90' lang='grc' dir='ltr'><strong><em>αν,</em></strong></span> <span class='ocrx_word' id='word_1_445' title='bbox 1191 2603 1296 2661; x_wconf 91' lang='lat' dir='ltr'>quod</span> <span class='ocrx_word' id='word_1_446' title='bbox 1321 2601 1493 2660; x_wconf 86' lang='lat' dir='ltr'>probavit</span> <span class='ocrx_word' id='word_1_447' title='bbox 1518 2602 1716 2647; x_wconf 83' lang='lat' dir='ltr'>Hermann,</span> 
     </span>
     <span class='ocr_line' id='line_1_48' title="bbox 196 2632 1715 2709; baseline -0.003 -22"><span class='ocrx_word' id='word_1_448' title='bbox 196 2652 270 2688; x_wconf 85' lang='lat' dir='ltr'>nisi</span> <span class='ocrx_word' id='word_1_449' title='bbox 295 2649 428 2698; x_wconf 88' lang='lat' dir='ltr'>quod’&#39;</span> <span class='ocrx_word' id='word_1_450' title='bbox 431 2665 551 2697; x_wconf 90' lang='grc' dir='ltr'><strong><em>ραννα</em></strong></span> <span class='ocrx_word' id='word_1_451' title='bbox 578 2651 736 2709; x_wconf 79' lang='lat' dir='ltr'>scripsit,</span> <span class='ocrx_word' id='word_1_452' title='bbox 761 2633 860 2687; x_wconf 79' lang='lat' dir='ltr'>idem</span> <span class='ocrx_word' id='word_1_453' title='bbox 879 2654 1006 2687; x_wconf 87' lang='lat' dir='ltr'>tamen</span> <span class='ocrx_word' id='word_1_454' title='bbox 1025 2651 1138 2686; x_wconf 86' lang='lat' dir='ltr'>etiam</span> <span class='ocrx_word' id='word_1_455' title='bbox 1150 2632 1296 2696; x_wconf 76' lang='grc' dir='ltr'><strong><em>οὐδάμ’</em></strong></span> <span class='ocrx_word' id='word_1_456' title='bbox 1320 2646 1396 2694; x_wconf 78' lang='grc' dir='ltr'>ἔπ’,</span> <span class='ocrx_word' id='word_1_457' title='bbox 1421 2643 1449 2684; x_wconf 78' lang='grc' dir='ltr'><em>ὦ</em></span> <span class='ocrx_word' id='word_1_458' title='bbox 1468 2645 1607 2694; x_wconf 71' lang='grc' dir='ltr'><strong><em>’ραννα</em></strong></span> <span class='ocrx_word' id='word_1_459' title='bbox 1631 2660 1715 2694; x_wconf 89' lang='lat' dir='ltr'>pro-</span> 
     </span>
    </p>

    <p class='ocr_par' dir='ltr' id='par_1_7' title="bbox 190 2695 1718 2933">
     <span class='ocr_line' id='line_1_49' title="bbox 225 2695 1718 2745; baseline -0.003 -10"><span class='ocrx_word' id='word_1_460' title='bbox 225 2700 332 2736; x_wconf 87' lang='lat' dir='ltr'>osuit.</span> <span class='ocrx_word' id='word_1_461' title='bbox 365 2700 510 2735; x_wconf 86' lang='lat' dir='ltr'>Ahrens</span> <span class='ocrx_word' id='word_1_462' title='bbox 530 2696 671 2745; x_wconf 80' lang='grc' dir='ltr'><strong><em>οὖδαμ’</em></strong></span> <span class='ocrx_word' id='word_1_463' title='bbox 694 2696 761 2742; x_wconf 77' lang='grc' dir='ltr'>ἔτ’,</span> <span class='ocrx_word' id='word_1_464' title='bbox 783 2713 810 2734; x_wconf 89' lang='grc' dir='ltr'><em>ω</em></span> <span class='ocrx_word' id='word_1_465' title='bbox 825 2697 974 2744; x_wconf 70' lang='grc' dir='ltr'><strong><em>’ραννα,</em></strong></span> <span class='ocrx_word' id='word_1_466' title='bbox 1000 2698 1148 2734; x_wconf 83' lang='lat' dir='ltr'>Hecker</span> <span class='ocrx_word' id='word_1_467' title='bbox 1165 2699 1337 2743; x_wconf 86' lang='grc' dir='ltr'><strong><em>τυχοίσας</em></strong></span> <span class='ocrx_word' id='word_1_468' title='bbox 1355 2695 1521 2741; x_wconf 81' lang='lat' dir='ltr'>requirit,</span> <span class='ocrx_word' id='word_1_469' title='bbox 1547 2696 1718 2742; x_wconf 84' lang='lat' dir='ltr'>Hartnng</span> 
     </span>
     <span class='ocr_line' id='line_1_50' title="bbox 190 2742 1718 2792; baseline -0.003 -10"><span class='ocrx_word' id='word_1_470' title='bbox 190 2746 362 2791; x_wconf 85' lang='grc' dir='ltr'><strong><em>Ἐραννα</em></strong></span> <span class='ocrx_word' id='word_1_471' title='bbox 392 2747 583 2792; x_wconf 87' lang='lat' dir='ltr'>proprium</span> <span class='ocrx_word' id='word_1_472' title='bbox 616 2757 696 2782; x_wconf 84' lang='lat' dir='ltr'>esse</span> <span class='ocrx_word' id='word_1_473' title='bbox 726 2758 859 2782; x_wconf 89' lang='lat' dir='ltr'>nomen</span> <span class='ocrx_word' id='word_1_474' title='bbox 891 2747 1032 2789; x_wconf 78' lang='lat' dir='ltr'>censet,</span> <span class='ocrx_word' id='word_1_475' title='bbox 1067 2745 1226 2789; x_wconf 88' lang='lat' dir='ltr'>denique</span> <span class='ocrx_word' id='word_1_476' title='bbox 1251 2742 1447 2788; x_wconf 81' lang='lat' dir='ltr'>Westphal</span> <span class='ocrx_word' id='word_1_477' title='bbox 1478 2754 1574 2778; x_wconf 87' lang='lat' dir='ltr'>novo</span> <span class='ocrx_word' id='word_1_478' title='bbox 1605 2743 1718 2778; x_wconf 86' lang='lat' dir='ltr'>modo</span> 
     </span>
     <span class='ocr_line' id='line_1_51' title="bbox 199 2789 1715 2839; baseline -0.003 -10"><span class='ocrx_word' id='word_1_479' title='bbox 199 2794 461 2832; x_wconf 85' lang='lat' dir='ltr'>conformavit.</span> <span class='ocrx_word' id='word_1_480' title='bbox 488 2794 551 2829; x_wconf 88' lang='lat' dir='ltr'>sed</span> <span class='ocrx_word' id='word_1_481' title='bbox 576 2804 651 2829; x_wconf 91' lang='lat' dir='ltr'>non</span> <span class='ocrx_word' id='word_1_482' title='bbox 676 2793 768 2829; x_wconf 85' lang='lat' dir='ltr'>satis</span> <span class='ocrx_word' id='word_1_483' title='bbox 793 2805 985 2839; x_wconf 78' lang='lat' dir='ltr'>assequor,</span> <span class='ocrx_word' id='word_1_484' title='bbox 1013 2792 1102 2838; x_wconf 90' lang='lat' dir='ltr'>quid</span> <span class='ocrx_word' id='word_1_485' title='bbox 1127 2792 1198 2827; x_wconf 90' lang='lat' dir='ltr'>sibi</span> <span class='ocrx_word' id='word_1_486' title='bbox 1222 2791 1324 2827; x_wconf 82' lang='lat' dir='ltr'>velit.</span> <span class='ocrx_word' id='word_1_487' title='bbox 1363 2789 1571 2825; x_wconf 83' lang='lat' dir='ltr'>Scholiasta</span> <span class='ocrx_word' id='word_1_488' title='bbox 1592 2791 1715 2826; x_wconf 85' lang='lat' dir='ltr'>autem</span> 
     </span>
     <span class='ocr_line' id='line_1_52' title="bbox 198 2835 1718 2897; baseline -0.003 -22"><span class='ocrx_word' id='word_1_489' title='bbox 198 2852 272 2876; x_wconf 90' lang='lat' dir='ltr'>non</span> <span class='ocrx_word' id='word_1_490' title='bbox 300 2842 395 2887; x_wconf 85' lang='lat' dir='ltr'>legit</span> <span class='ocrx_word' id='word_1_491' title='bbox 415 2835 443 2876; x_wconf 78' lang='grc' dir='ltr'><em>ὦ</em></span> <span class='ocrx_word' id='word_1_492' title='bbox 452 2838 613 2897; x_wconf 54' lang='grc' dir='ltr'><strong><em>ἔ,ραννα</em></strong></span> <span class='ocrx_word' id='word_1_493' title='bbox 639 2841 702 2876; x_wconf 86' lang='grc' dir='ltr'>0οᾶ</span> <span class='ocrx_word' id='word_1_494' title='bbox 723 2840 912 2897; x_wconf 84' lang='lat' dir='ltr'>proprium</span> <span class='ocrx_word' id='word_1_495' title='bbox 931 2851 1066 2876; x_wconf 86' lang='lat' dir='ltr'>nomen</span> <span class='ocrx_word' id='word_1_496' title='bbox 1086 2841 1119 2874; x_wconf 90' lang='grc' dir='ltr'><strong>Ε</strong></span> <span class='ocrx_word' id='word_1_497' title='bbox 1127 2841 1259 2884; x_wconf 79' lang='grc' dir='ltr'><strong><em>ἴρηνα</em></strong></span> <span class='ocrx_word' id='word_1_498' title='bbox 1278 2838 1338 2873; x_wconf 81' lang='lat' dir='ltr'>vel</span> <span class='ocrx_word' id='word_1_499' title='bbox 1357 2837 1481 2883; x_wconf 88' lang='lat' dir='ltr'>potius</span> <span class='ocrx_word' id='word_1_500' title='bbox 1503 2839 1718 2894; x_wconf 76' lang='grc' dir='ltr'><strong><em>Εἴραννα,</em></strong></span> 
     </span>
     <span class='ocr_line' id='line_1_53' title="bbox 198 2881 1716 2933; baseline -0.002 -11"><span class='ocrx_word' id='word_1_501' title='bbox 198 2887 290 2923; x_wconf 89' lang='lat' dir='ltr'>dicit</span> <span class='ocrx_word' id='word_1_502' title='bbox 316 2888 413 2922; x_wconf 87' lang='lat' dir='ltr'>enim</span> <span class='ocrx_word' id='word_1_503' title='bbox 441 2884 563 2932; x_wconf 84' lang='grc' dir='ltr'><strong><em>ω’σπερ</em></strong></span> <span class='ocrx_word' id='word_1_504' title='bbox 591 2886 632 2922; x_wconf 84' lang='grc' dir='ltr'><strong><em>δε</em></strong></span> <span class='ocrx_word' id='word_1_505' title='bbox 656 2885 848 2933; x_wconf 78' lang='grc' dir='ltr'><strong><em>Ἀφροδίτη</em></strong></span> <span class='ocrx_word' id='word_1_506' title='bbox 871 2884 1067 2933; x_wconf 74' lang='grc' dir='ltr'><strong><em>Ἀφρόδιτα</em></strong></span> <span class='ocrx_word' id='word_1_507' title='bbox 1093 2885 1187 2931; x_wconf 79' lang='grc' dir='ltr'><strong><em>φασὶ</em></strong></span> <span class='ocrx_word' id='word_1_508' title='bbox 1211 2883 1468 2924; x_wconf 80' lang='grc' dir='ltr'><strong><em>συστέλλοντες</em></strong></span> <span class='ocrx_word' id='word_1_509' title='bbox 1492 2882 1533 2919; x_wconf 89' lang='grc' dir='ltr'>τὸ</span> <span class='ocrx_word' id='word_1_510' title='bbox 1555 2889 1594 2928; x_wconf 85' lang='grc' dir='ltr'>ἆ,</span> <span class='ocrx_word' id='word_1_511' title='bbox 1619 2881 1716 2920; x_wconf 77' lang='grc' dir='ltr'><strong><em>οὕτω</em></strong></span> 
     </span>
    </p>
   </div>
  </div>
 </body>
</html>
