1864 3126
218 162 316 203 ’240
536 183 538 187 ·
796 161 987 198 ΡΟΕΤΑΕ
1013 163 1189 200 MELICI.

319 267 613 312 Γλαυκώπιδα
646 269 970 328 Κασσάνδραν,
1491 247 1493 250 ¹
1659 284 1748 316 1001

323 338 677 396 ἐρασιπλόκαμον
708 339 877 398 κούραν
909 339 1121 399 Πριάμου
1152 343 1291 398 φᾶμις
1321 344 1442 398 ἔχῃσι
1474 343 1660 399 βροτῶν.

229 492 495 538 grammaticus
515 504 590 529 non
608 493 794 539 integrum
808 493 1014 550 adscripsit
1037 496 1172 540 poetae
1191 494 1418 538 10011111,30(1
1439 495 1750 550 quemadmodum

227 552 271 575 ex
296 541 458 576 Homero
491 541 646 577 adhibet
675 539 845 599 λαμπρὸν
877 543 1114 601 παμφαίνῃσι
1139 541 1361 598 λελουμένος
1382 538 1574 578 Ὠκεανοῖο
1605 542 1750 578 omissis

227 598 322 632 quae
359 590 589 632 praecedunt
625 585 752 634 ἀστέρ’
789 585 970 648 ὀπωρινῷ
995 586 1226 646 ἐναλίγκιον,
1265 585 1347 624 όστε
1387 586 1561 646 μάλιστα,
1598 589 1653 625 ita
1690 590 1751 625 hic

227 635 407 669 nonnulla
427 635 689 694 praetermisit,
710 635 813 671 velut
839 633 919 671 εἷ”τ
949 633 1070 681 ἐ”τυμ
1094 638 1186 672 εἴτε
1213 634 1360 682 μάταν
1386 634 1629 681 γλαυκωπιὸα
1648 639 1749 672 Κασ-

227 680 395 726 σάνδραν
434 680 524 727 ἐρικ.
557 695 593 717 π.
628 683 746 728 φᾶμις
784 682 887 728 έχησι
925 685 1083 731 βροτῶν;
1122 695 1210 719 nam
1233 683 1348 741 ἔχῃσι
1385 684 1485 719 haud
1519 683 1630 720 dubie
1668 685 1752 720 sub-

227 729 414 765 iunctivus
440 731 505 765 est.
545 729 790 765 Grammatici
815 731 929 776 vulgo
955 731 1002 766 ad
1028 731 1151 776 σχῆμα
1169 727 1350 776 Ἰβύκειον
1375 732 1542 766 referunt
1566 742 1630 767 eos
1648 731 1751 767 locos

226 776 292 811 ubi
329 775 587 812 coniunctivus
614 778 827 834 praesentis
865 778 1044 834 temporis
1081 778 1120 813 in
1151 779 1275 813 locum
1305 777 1500 813 indicativi
1533 778 1749 814 successisse

222 824 436 859 videbatur:
463 835 550 859 nam
574 822 726 871 λάβῃσι,
752 821 902 871 τάμῃσζ
928 824 1006 860 alia
1030 825 1080 862 id
1094 837 1210 870 genus
1235 825 1273 871 (i.
1295 837 1325 861 e.
1353 822 1644 870 αυθυπότακτα)
1669 826 1750 861 ubi-

225 883 297 917 que
323 871 643 907 coniunctivorum
669 871 812 907 vicibus
837 853 943 917 fun’gi
967 883 1042 907 non
1066 872 1164 918 fugit
1187 874 1332 908 veteres
1351 872 1562 918 magistros·
1600 873 1655 908 De
1679 873 1751 908 hac

226 919 421 954 modorum
445 919 737 972 permutatione,
770 930 881 964 quam
906 919 1039 965 Ibycus
1070 919 1381 965 frequentavisse,
1417 920 1481 955 sed
1513 920 1651 965 passim
1675 920 1750 956 iam

226 967 406 1001 Homerus
438 965 634 1002 admisisse
666 965 880 1010 videbatur,
913 966 1129 1002 Heraclides
1164 967 1356 1012 aliquanto
1382 967 1600 1024 prudentius
1625 966 1751 1025 dispu-

225 1013 342 1056 tavit,
368 1013 433 1058 qui
457 1013 608 1059 Ibycum
634 1014 835 1049 secundum
860 1014 1114 1071 Rheginorum
1142 1025 1347 1050 sermonem
1373 1012 1419 1049 τὰ
1445 1015 1550 1059 τρίτα
1574 1014 1648 1050 τῶν
1673 1012 1752 1059 ὁρι-

226 1062 361 1096 στικῶν
391 1062 590 1096 verborum
623 1062 662 1096 et
691 1072 786 1106 quae
816 1062 856 1096 in
888 1060 935 1096 έω
975 1062 1112 1096 cadunt
1148 1062 1186 1097 et
1227 1073 1322 1107 quae
1360 1061 1543 1118 barytona
1580 1061 1752 1097 dicuntur

226 1119 293 1153 per
317 1112 381 1155 ᾖσι
407 1107 582 1143 extulisse
608 1110 739 1143 auctor
765 1110 838 1153 est,
870 1109 975 1143 velut
1000 1109 1144 1154 φίλῃσι,
1168 1107 1293 1154 νόησι,
1325 1108 1418 1144 item
1442 1107 1584 1155 λέγῃσι,
1615 1107 1750 1154 φέρῃσι

227 1155 315 1200 (vid.
343 1156 514 1192 Eustath.
542 1155 609 1191 Od.
637 1159 746 1199 1576,
772 1160 816 1191 56
831 1157 932 1200 seq..)
971 1156 1100 1200 Itaque
1139 1156 1339 1191 secundum
1370 1156 1606 1192 Heraclidem
1636 1155 1751 1192 etiam

227 1203 467 1238 Homericum
490 1204 730 1248 παμφαίνῃσι
754 1203 980 1238 indicativus
1006 1207 1080 1238 est:
1107 1214 1218 1248 quem
1242 1206 1394 1248 poetam
1414 1214 1497 1238 cum
1517 1202 1614 1238 dixit
1637 1203 1752 1239 semel

227 1246 359 1295 (ἅπαξ)
397 1262 504 1286 11311111
541 1261 621 1285 0330
655 1250 725 1286 hac
756 1251 1009 1308 Rheginorum
1044 1251 1292 1296 proprietate,
1329 1252 1457 1286 tamen
1494 1249 1570 1286 alia
1604 1261 1751 1296 quoque

229 1297 401 1343 exempla
426 1297 574 1333 videtur
598 1297 786 1342 attulisse,
812 1299 916 1333 velut
939 1293 1152 1352 ἦσι,(]110(1
1177 1298 1325 1333 videtur
1349 1298 1398 1333 ad
1424 1297 1490 1332 Od.
1516 1299 1547 1332 θ
1566 1302 1633 1334 163
1658 1297 1752 1333 refe-

230 1346 404 1390 rendum,
429 1345 650 1390 poteratque
670 1345 840 1390 inprimis
865 1344 948 1380 loco
974 1345 1194 1390 gravissimo
1215 1344 1282 1380 Od.
1302 1358 1322 1379 τ
1343 1349 1408 1380 111
1424 1356 1499 1389 seq.
1519 1345 1586 1381 uti.
1620 1345 1753 1390 Ibycus

227 1392 345 1438 igitur
369 1393 408 1428 111
434 1391 573 1436 verbis,
599 1403 756 1436 quorum
782 1392 894 1438 stirps
919 1392 1042 1428 vocali
1066 1397 1084 1428 ἒ
1110 1392 1347 1436 terminatur,
1373 1391 1566 1436 antiquam
1590 1391 1751 1428 deelina-

227 1440 341 1475 tionis
379 1439 683 1475 consuetudinem
723 1441 871 1475 secutus
914 1439 1099 1485 integram
1131 1450 1276 1475 servare
1308 1438 1440 1475 solitus
1471 1441 1528 1475 est
1557 1438 1752 1475 indicativi

229 1487 435 1523 clausulam
461 1488 604 1531 φίλῃσι,
638 1484 759 1532 νόησι,
793 1498 837 1522 ac
868 1487 1027 1522 fortasse
1052 1487 1189 1532 passim
1215 1486 1329 1522 etiam
1353 1487 1485 1530 verba,
1517 1496 1611 1532 quae
1637 1486 1751 1532 vulgo

227 1536 320 1580 bary
321 1536 413 1570 tona
444 1535 547 1579 sunt,
579 1534 627 1569 ad
658 1535 814 1570 eundem
846 1535 997 1569 modum
1029 1534 1292 1577 conformavit,
1327 1536 1427 1569 certe
1451 1531 1621 1579 θάλπησι
1651 1533 1751 1588 apud

227 1582 377 1626 Bacchy
378 1582 402 1616 1.
423 1581 466 1616 fr.
487 1585 544 1626 27,
564 1585 584 1616 2
611 1581 706 1616 nihil
731 1581 846 1617 habet
871 1581 1094 1626 offensionis,
1120 1581 1301 1626 siquidem
1320 1581 1492 1616 θαλπείω
1518 1580 1754 1639 grammatici

226 1629 489 1671 testificantur,
529 1628 594 1664 sed
634 1626 797 1674 ἐγείρησι
828 1631 867 1664 et
898 1627 1002 1674 ἔχῃσι
1036 1628 1263 1664 coniunctivi
1295 1629 1396 1673 sunt,
1431 1627 1523 1663 item
1552 1626 1679 1674 λέγῃσι
1713 1629 1753 1664 et

226 1689 405 1760 ἔζῖῗῗέἑὼ
415 1676 778 1769 qZ⁰12⁸0si¹¹3131⁰ass¹v132
803 1675 1623 1768 ἓξὲξ,,ξθὲἓὲΫΞαῗΙεὲἓῗὲἲὲῃὲἒῃῖὠζῖἶ
1648 1675 1753 1768 pii-'1²1⁸

225 1771 365 1816 cipales
397 1774 483 1806 sunt
517 1736 715 1806 formaeg''
695 1770 812 1816 ἐ’,χῃτι
852 1768 1029 1816 ἐγείρῃτι,
1067 1771 1165 1806 1111(10
1201 1770 1388 1806 molliores
1428 1769 1549 1815 ἔχῃσι,
1588 1767 1751 1815 ἐγείρῃσι

226 1818 472 1854 descendunt:
512 1819 623 1862 atque
661 1822 789 1853 vetera
825 1818 929 1863 lbyci
966 1818 1171 1854 carminum
1209 1818 1426 1863 apographa
1462 1817 1637 1852 videntur
1672 1817 1752 1853 iota

170 1891 180 1898 .
225 1865 353 1901 littera
378 1865 557 1910 caruisse,
592 1865 620 1900 si
649 1865 838 1900 Heraclidi
870 1866 961 1901 fides
992 1865 1164 1901 habenda
1195 1867 1269 1901 est.
1303 1876 1390 1900 nam
1421 1865 1521 1910 quod
1550 1864 1590 1899 in
1614 1864 1674 1900 Et..
1699 1864 1749 1900 M.

226 1917 306 1958 650,
327 1918 346 1948 7
374 1913 450 1948 sive
474 1911 709 1947 Herodianus
734 1913 812 1947 sive
838 1912 933 1947 alius
958 1913 1040 1957 quis
1065 1912 1249 1958 praecipit
1272 1911 1311 1947 in
1331 1912 1492 1948 Homero
1511 1913 1751 1958 παμφαίνῃσι

226 1960 462 1996 scribendum
493 1970 589 2003 esse,
621 1961 659 1994 et
689 1960 823 1994 deinde
856 1960 1033 2004 Rheginis
1064 1959 1240 1995 tribuitur
1271 1960 1417 2005 φιλῇσι,
1450 1959 1575 2003 νοῆσι,
1607 1959 1748 1994 certum

226 2009 300 2051 est,
333 2007 582 2042 breviatorem
612 2006 853 2052 indiligenter
885 2007 930 2042 de
955 2006 1164 2042 Heraclidis
1196 2006 1346 2051 placitis
1372 2006 1597 2059 exposuisse.
1648 2005 1750 2048 Quae

225 2035 325 2100 aptid
361 2053 563 2090 Homerum
605 2054 781 2099 leguntur
817 2053 1000 2089 eiusmodi
1042 2054 1182 2089 formae
1220 2053 1269 2088 ad
1306 2052 1585 2088 coniunctivum
1623 2063 1750 2088 omnes

226 2104 312 2137 sunt
341 2101 573 2145 referendae
608 2112 832 2146 quamquam
866 2101 1012 2137 Bekkcr
1041 2101 1188 2136 Homer.
1214 2099 1360 2136 Blatter
1383 2099 1400 2134 Ι
1425 2103 1494 2135 218
1509 2111 1584 2145 seq.
1590 2090 1748 2145 passim

224 2149 470 2185 indicativum
509 2149 680 2194 agnoscit
716 2151 755 2184 et
793 2149 915 2194 σχῆμα
951 2145 1131 2194 Ἰβύκειον
1169 2148 1239 2183 sibi
1276 2146 1553 2205 deprehendere
1588 2147 1748 2191 videtur,

226 2197 330 2232 velut
355 2197 396 2231 11.
423 2208 439 2231 ε
467 2199 488 2231 5
513 2196 753 2243 παμφαίνῃσι
777 2196 837 2231 vel
862 2197 1119 2241 παμφαίνῃσι,
1144 2198 1183 2231 et
1207 2192 1308 2235 ὅπως
1334 2192 1485 2241 ἐθέλῃσι
1509 2195 1570 2230 vel
1587 2174 1750 2250 ἐθέλῃσι

227 2245 294 2280 Od
315 2257 340 2278 α
361 2247 441 2279 349.
469 2245 489 2286 ζ
515 2247 582 2279 189
607 2232 831 2279 indicativos
857 2254 936 2279 esse
961 2243 1107 2288 censet,
1139 2244 1180 2278 at
1203 2242 1243 2278 in
1267 2241 1394 2278 Iliadis
1419 2253 1528 2277 versu
1553 2235 1654 2277 εὖτε
1681 2253 1749 2287 pro

226 2288 311 2327 (ίστε
340 2291 501 2337 corrigo,
534 2292 597 2326 ut.
607 2293 646 2326 et
671 2290 876 2326 sententiae
901 2290 1095 2326 institutae
1120 2291 1158 2326 et
1183 2289 1362 2325 sermonis
1388 2289 1466 2335 legi
1490 2289 1656 2325 satisfiat.
1706 2289 1750 2344 111

227 2339 413 2384 Odysseae
439 2318 606 2374 versibus
632 2350 733 2379 οπως
742 2335 912 2397 ἐθέλῃσι
944 2337 1202 2373 coniunctivus
1230 2348 1305 2373 non
1329 2337 1387 2372 est
1407 2338 1607 2394 propterea
1629 2347 1748 2372 remo-

227 2386 383 2430 vendas,
416 2385 592 2431 quoniam
617 2385 708 2421 alibi
739 2382 840 2426 ὅπως
867 2382 1029 2429 ἐθέλεις,
1061 2398 1142 2420 otu
1172 2380 1321 2431 μάλιστ’
1349 2380 1511 2426 ἐθέλεις,
1543 2396 1595 2419 ων
1623 2380 1749 2420 ἐθέλει

225 2433 380 2480 legitur:
419 2433 518 2478 quod
555 2433 587 2467 si
625 2432 751 2468 omnia
787 2432 881 2468 haec
921 2433 969 2468 ad
1007 2432 1163 2468 eandem
1198 2442 1367 2468 normam
1403 2430 1525 2466 forent
1555 2430 1746 2476 exigenda,

224 2481 350 2526 potius
376 2480 452 2515 illis
471 2480 562 2516 locis
582 2477 716 2527 ἐθέλῃς
736 2480 775 2515 et
795 2477 910 2526 ἐθέλῃ
937 2479 1186 2515 scribendum:
1212 2481 1255 2514 ut
1274 2475 1432 2523 ἐθέλεις,
1461 2474 1587 2513 ἐθέλει
1610 2477 1747 2513 veteris

225 2528 432 2588 scripturae
461 2527 640 2584 reliquiae
671 2528 763 2571 sint,
795 2527 900 2563 velut
931 2528 1029 2573 apud
1059 2526 1289 2562 Herodotum
1322 2526 1339 2560 I
1364 2529 1434 2561 216
1464 2524 1579 2581 vulgo
1609 2524 1749 2570 legitur

225 2576 291 2620 τῆς
316 2572 388 2621 γὰρ
415 2572 646 2621 ἐπιθυμήσει
669 2572 863 2620 γυναικός,
895 2575 959 2610 sed
984 2574 1057 2610 duo
1083 2573 1170 2609 libri
1194 2572 1385 2609 verissime
1411 2569 1639 2618 ἐπιθυμήσῃ.
1689 2572 1748 2607 Ab

226 2624 387 2658 Homero
425 2622 542 2668 igitur
578 2622 669 2658 istae
706 2622 902 2658 indicativi
933 2621 1073 2657 formae
1104 2621 1260 2656 alienae.
1309 2618 1576 2655 Alexandrinos
1614 2620 1747 2664 poetas

225 2671 347 2716 magis
373 2670 551 2706 credibile
577 2671 634 2705 est
664 2670 762 2704 hunc
793 2679 955 2704 errorem
986 2668 1229 2725 commisisse,
1262 2667 1327 2702 sed
1358 2665 1456 2711 apud
1482 2665 1635 2702 Bionem
1659 2665 1676 2700 I
1701 2669 1746 2701 93
1799 2670 1801 2673 ⁴

226 2720 324 2753 recte
350 2718 538 2753 Hermann
564 2715 603 2752 οἴ
624 2715 667 2752 δε
692 2715 819 2771 λέβητι
843 2717 1001 2764 χρυσείῳ
1027 2712 1221 2761 φορέοισιν
1245 2711 1347 2759 ὕδωρ
1372 2724 1439 2758 pro
1465 2708 1533 2754 ὃς.
1577 2710 1747 2759 ,φορέῃ-

227 2777 284 2799 σιν
308 2764 488 2808 restituit,
514 2764 554 2799 in
579 2764 776 2800 'lheocrito
803 2763 906 2798 XXV
931 2767 977 2799 46
1001 2774 1077 2798 11011
1103 2763 1222 2808 magis
1248 2762 1388 2797 certum
1413 2761 1472 2795 est
1495 2740 1653 2806 κρίνησι,
1678 2771 1747 2796 1100

225 2813 352 2847 tamen
383 2792 544 2847 debebat
574 2812 762 2847 Hermann
795 2809 994 2846 lectionem
1025 2811 1193 2854 κρίνουσι
1223 2808 1396 2854 probare,
1430 2805 1580 2843 videtur
1605 2809 1747 2843 Ahrens

227 2860 327 2893 recte
351 2860 471 2905 κρίνει
496 2871 564 2904 σφι
588 2858 852 2894 emendavisse.
904 2858 1198 2902 Disputaverunt
1229 2856 1275 2891 de
1305 2855 1376 2890 hoc
1408 2854 1615 2900 schemate,
1645 2854 1746 2900 quod

227 2904 290 2950 lb)
294 2906 389 2941 cium
411 2907 483 2943 dici
504 2907 609 2951 solet,
630 2908 714 2951 post
733 2898 953 2941 Abi-ensium
977 2904 1071 2940 Dial.
1091 2904 1176 2941 Dor.
1197 2906 1265 2938 302
1283 2913 1401 2948 nuper
1421 2901 1574 2938 Corssen
1594 2904 1744 2948 Α1133Ρ1.
1796 2935 1798 2938 .
