<?xml version="1.0" encoding="UTF-8"?>
<!DOCTYPE html PUBLIC "-//W3C//DTD XHTML 1.0 Transitional//EN"
    "http://www.w3.org/TR/xhtml1/DTD/xhtml1-transitional.dtd">
<html xmlns="http://www.w3.org/1999/xhtml" xml:lang="en" lang="en">
 <head>
  <title>
</title>
<meta http-equiv="Content-Type" content="text/html;charset=utf-8" />
  <meta name='ocr-system' content='tesseract 3.04.00' />
  <meta name='ocr-capabilities' content='ocr_page ocr_carea ocr_par ocr_line ocrx_word'/>
</head>
<body>
  <div class='ocr_page' id='page_1' title='image "./poetaelyricigrae03berguoft_0673.png"; bbox 0 0 1864 3126; ppageno 0'>
   <div class='ocr_carea' id='block_1_1' title="bbox 582 109 1617 154">
    <p class='ocr_par' dir='ltr' id='par_1_1' title="bbox 582 109 1617 154">
     <span class='ocr_line' id='line_1_1' title="bbox 582 109 1617 154; baseline 0 -2"><span class='ocrx_word' id='word_1_1' title='bbox 582 113 806 152; x_wconf 75' lang='lat' dir='ltr'>CARMINA</span> <span class='ocrx_word' id='word_1_2' title='bbox 832 113 1121 151; x_wconf 80' lang='lat' dir='ltr'><strong>POPULABIA.</strong></span> <span class='ocrx_word' id='word_1_3' title='bbox 1529 109 1617 154; x_wconf 83' lang='grc'><strong><em>663</em></strong></span> 
     </span>
    </p>
   </div>
   <div class='ocr_carea' id='block_1_2' title="bbox 177 218 1276 353">
    <p class='ocr_par' dir='ltr' id='par_1_2' title="bbox 177 218 1276 353">
     <span class='ocr_line' id='line_1_2' title="bbox 177 218 1206 282; baseline -0.006 -11"><span class='ocrx_word' id='word_1_4' title='bbox 177 227 229 271; x_wconf 83' lang='lat' dir='ltr'><strong><em>A.</em></strong></span> <span class='ocrx_word' id='word_1_5' title='bbox 252 223 300 269; x_wconf 93' lang='grc' dir='ltr'><strong><em>Ὁ</em></strong></span> <span class='ocrx_word' id='word_1_6' title='bbox 330 222 372 270; x_wconf 85' lang='grc' dir='ltr'><strong><em>δ’</em></strong></span> <span class='ocrx_word' id='word_1_7' title='bbox 407 222 591 282; x_wconf 79' lang='grc' dir='ltr'><strong><em>ἔκγονός</em></strong></span> <span class='ocrx_word' id='word_1_8' title='bbox 622 235 706 267; x_wconf 89' lang='grc' dir='ltr'><strong><em>σου</em></strong></span> <span class='ocrx_word' id='word_1_9' title='bbox 737 225 784 267; x_wconf 89' lang='grc' dir='ltr'><strong><em>τί</em></strong></span> <span class='ocrx_word' id='word_1_10' title='bbox 810 224 954 267; x_wconf 84' lang='grc' dir='ltr'><strong><em>ποΐων</em></strong></span> <span class='ocrx_word' id='word_1_11' title='bbox 985 218 1206 271; x_wconf 61' lang='lat' dir='ltr'><strong><em>&amp;adium</em></strong></span> 
     </span>
     <span class='ocr_line' id='line_1_3' title="bbox 179 290 1276 353; baseline -0.005 -10"><span class='ocrx_word' id='word_1_12' title='bbox 179 298 226 343; x_wconf 91' lang='grc' dir='ltr'><strong><em>Β.</em></strong></span> <span class='ocrx_word' id='word_1_13' title='bbox 260 298 439 342; x_wconf 78' lang='grc' dir='ltr'><strong><em>Λευκᾶν</em></strong></span> <span class='ocrx_word' id='word_1_14' title='bbox 470 293 549 353; x_wconf 82' lang='grc' dir='ltr'><strong><em>ἀφ’</em></strong></span> <span class='ocrx_word' id='word_1_15' title='bbox 585 296 732 339; x_wconf 80' lang='grc' dir='ltr'><strong><em>ἵππων</em></strong></span> <span class='ocrx_word' id='word_1_16' title='bbox 764 296 826 347; x_wconf 80' lang='grc' dir='ltr'><strong><em>εἰς</em></strong></span> <span class='ocrx_word' id='word_1_17' title='bbox 855 292 1094 338; x_wconf 82' lang='grc' dir='ltr'><strong><em>θάλασσαν</em></strong></span> <span class='ocrx_word' id='word_1_18' title='bbox 1124 290 1276 338; x_wconf 82' lang='grc' dir='ltr'><strong><em>ἅλατο.</em></strong></span> 
     </span>
    </p>
   </div>
   <div class='ocr_carea' id='block_1_3' title="bbox 167 414 912 557">
    <p class='ocr_par' dir='ltr' id='par_1_3' title="bbox 167 414 912 557">
     <span class='ocr_line' id='line_1_4' title="bbox 175 414 912 458; baseline -0.009 6"><span class='ocrx_word' id='word_1_19' title='bbox 175 437 181 444; x_wconf 85' lang='grc'><em>·</em></span> <span class='ocrx_word' id='word_1_20' title='bbox 790 415 847 458; x_wconf 81' lang='grc'><strong><em>22</em></strong></span> <span class='ocrx_word' id='word_1_21' title='bbox 860 414 912 457; x_wconf 88' lang='lat' dir='ltr'><strong><em>A.</em></strong></span> 
     </span>
     <span class='ocr_line' id='line_1_5' title="bbox 167 492 693 557; baseline -0.006 -12"><span class='ocrx_word' id='word_1_22' title='bbox 167 497 331 557; x_wconf 52' lang='lat' dir='ltr'><em>&#39;&#39;Em”</em></span> <span class='ocrx_word' id='word_1_23' title='bbox 364 492 400 544; x_wconf 73' lang='grc' dir='ltr'><em>ὦ</em></span> <span class='ocrx_word' id='word_1_24' title='bbox 432 495 527 556; x_wconf 82' lang='grc' dir='ltr'><strong><em>φίλ’</em></strong></span> <span class='ocrx_word' id='word_1_25' title='bbox 554 494 693 543; x_wconf 65' lang='lat' dir='ltr'><strong><em>‘&#39;HI-ce.</em></strong></span> 
     </span>
    </p>
   </div>
   <div class='ocr_carea' id='block_1_4' title="bbox 175 603 906 748">
    <p class='ocr_par' dir='ltr' id='par_1_4' title="bbox 175 603 906 748">
     <span class='ocr_line' id='line_1_6' title="bbox 785 603 906 649; baseline 0.017 -2"><span class='ocrx_word' id='word_1_26' title='bbox 785 605 842 648; x_wconf 82' lang='grc'><strong><em>22</em></strong></span> <span class='ocrx_word' id='word_1_27' title='bbox 856 603 906 649; x_wconf 90' lang='grc' dir='ltr'><strong><em>Β.</em></strong></span> 
     </span>
     <span class='ocr_line' id='line_1_7' title="bbox 175 686 803 748; baseline -0.008 -12"><span class='ocrx_word' id='word_1_28' title='bbox 175 686 340 748; x_wconf 76' lang='grc' dir='ltr'><strong><em>Ἐξάγω</em></strong></span> <span class='ocrx_word' id='word_1_29' title='bbox 372 687 519 748; x_wconf 81' lang='grc' dir='ltr'><strong><em>χωλὸν</em></strong></span> <span class='ocrx_word' id='word_1_30' title='bbox 549 690 803 747; x_wconf 81' lang='grc' dir='ltr'><strong><em>τραγίσκον.</em></strong></span> 
     </span>
    </p>
   </div>
   <div class='ocr_carea' id='block_1_5' title="bbox 166 796 884 926">
    <p class='ocr_par' dir='ltr' id='par_1_5' title="bbox 166 796 884 926">
     <span class='ocr_line' id='line_1_8' title="bbox 813 796 884 839; baseline 0 0"><span class='ocrx_word' id='word_1_31' title='bbox 813 796 884 839; x_wconf 84' lang='grc'><strong><em>23.</em></strong></span> 
     </span>
     <span class='ocr_line' id='line_1_9' title="bbox 166 865 655 926; baseline -0.004 -13"><span class='ocrx_word' id='word_1_32' title='bbox 166 866 329 926; x_wconf 83' lang='grc' dir='ltr'><strong><em>Ἴωμεν</em></strong></span> <span class='ocrx_word' id='word_1_33' title='bbox 361 870 423 921; x_wconf 84' lang='grc' dir='ltr'><strong><em>εἰς</em></strong></span> <span class='ocrx_word' id='word_1_34' title='bbox 450 865 655 924; x_wconf 86' lang='grc' dir='ltr'><strong><em>Ἀθήνας.</em></strong></span> 
     </span>
    </p>
   </div>
   <div class='ocr_carea' id='block_1_6' title="bbox 179 962 884 1105">
    <p class='ocr_par' dir='ltr' id='par_1_6' title="bbox 179 962 884 1105">
     <span class='ocr_line' id='line_1_10' title="bbox 815 962 884 1005; baseline 0 0"><span class='ocrx_word' id='word_1_35' title='bbox 815 962 884 1005; x_wconf 80' lang='grc'><strong><em>24.</em></strong></span> 
     </span>
     <span class='ocr_line' id='line_1_11' title="bbox 179 1039 876 1105; baseline -0.004 -14"><span class='ocrx_word' id='word_1_36' title='bbox 179 1046 363 1105; x_wconf 81' lang='grc' dir='ltr'><strong><em>Μακραὶ</em></strong></span> <span class='ocrx_word' id='word_1_37' title='bbox 394 1044 548 1104; x_wconf 83' lang='grc' dir='ltr'><strong><em>δρύες,</em></strong></span> <span class='ocrx_word' id='word_1_38' title='bbox 580 1039 615 1089; x_wconf 80' lang='grc' dir='ltr'><strong><em>ὦ</em></strong></span> <span class='ocrx_word' id='word_1_39' title='bbox 648 1045 876 1089; x_wconf 78' lang='grc' dir='ltr'><strong><em>Μέναλκα.</em></strong></span> 
     </span>
    </p>
   </div>
   <div class='ocr_carea' id='block_1_7' title="bbox 131 1152 1616 1295">
    <p class='ocr_par' dir='ltr' id='par_1_7' title="bbox 131 1152 1616 1295">
     <span class='ocr_line' id='line_1_12' title="bbox 457 1152 1616 1213; baseline -0.007 -14"><span class='ocrx_word' id='word_1_40' title='bbox 457 1211 459 1213; x_wconf 15' lang='lat'><strong><em>¹</em></strong></span> <span class='ocrx_word' id='word_1_41' title='bbox 813 1152 884 1197; x_wconf 84' lang='lat'><strong>25.</strong></span> <span class='ocrx_word' id='word_1_42' title='bbox 1526 1159 1616 1192; x_wconf 81' lang='lat'><strong>1305</strong></span> 
     </span>
     <span class='ocr_line' id='line_1_13' title="bbox 131 1217 757 1295; baseline -0.006 -12"><span class='ocrx_word' id='word_1_43' title='bbox 131 1235 135 1238; x_wconf 52' lang='grc'>’</span> <span class='ocrx_word' id='word_1_44' title='bbox 173 1236 393 1295; x_wconf 68' lang='grc' dir='ltr'><strong><em>Έικόρει,</em></strong></span> <span class='ocrx_word' id='word_1_45' title='bbox 424 1235 536 1295; x_wconf 80' lang='grc' dir='ltr'><strong><em>κόρη</em></strong></span> <span class='ocrx_word' id='word_1_46' title='bbox 567 1217 757 1294; x_wconf 75' lang='grc' dir='ltr'><strong><em>κορώνη.</em></strong></span> 
     </span>
    </p>
   </div>
   <div class='ocr_carea' id='block_1_8' title="bbox 80 1347 1618 1925">
    <p class='ocr_par' dir='ltr' id='par_1_8' title="bbox 81 1347 1617 1499">
     <span class='ocr_line' id='line_1_14' title="bbox 82 1347 1617 1399; baseline -0.006 -6"><span class='ocrx_word' id='word_1_47' title='bbox 82 1358 266 1394; x_wconf 87' lang='grc' dir='ltr'><em>ΠΟΙΣΑΙ</em></span> <span class='ocrx_word' id='word_1_48' title='bbox 302 1357 342 1392; x_wconf 75' lang='lat' dir='ltr'><strong><em>et</em></strong></span> <span class='ocrx_word' id='word_1_49' title='bbox 378 1357 632 1391; x_wconf 84' lang='lat' dir='ltr'><strong>HEHOIKH.</strong></span> <span class='ocrx_word' id='word_1_50' title='bbox 666 1375 708 1380; x_wconf 90' lang='lat'><strong><em>-—</em></strong></span> <span class='ocrx_word' id='word_1_51' title='bbox 743 1353 786 1391; x_wconf 92' lang='lat' dir='ltr'><strong><em>V.</em></strong></span> <span class='ocrx_word' id='word_1_52' title='bbox 820 1357 851 1389; x_wconf 88' lang='grc'><strong><em>2.</em></strong></span> <span class='ocrx_word' id='word_1_53' title='bbox 891 1349 1055 1399; x_wconf 83' lang='grc' dir='ltr'><strong><em>μαρύομ’</em></strong></span> <span class='ocrx_word' id='word_1_54' title='bbox 1103 1351 1186 1397; x_wconf 75' lang='grc' dir='ltr'><strong><em>ἔρια</em></strong></span> <span class='ocrx_word' id='word_1_55' title='bbox 1225 1349 1415 1394; x_wconf 83' lang='lat' dir='ltr'><strong>Meineke,</strong></span> <span class='ocrx_word' id='word_1_56' title='bbox 1459 1362 1493 1385; x_wconf 91' lang='lat' dir='ltr'><strong><em>v.</em></strong></span> <span class='ocrx_word' id='word_1_57' title='bbox 1533 1347 1617 1395; x_wconf 81' lang='grc' dir='ltr'><strong><em>ἔρια</em></strong></span> 
     </span>
     <span class='ocr_line' id='line_1_15' title="bbox 81 1396 1614 1490; baseline -0.005 -50"><span class='ocrx_word' id='word_1_58' title='bbox 81 1402 291 1490; x_wconf 64' lang='grc' dir='ltr'><strong><em>ιέαρύομαι,</em></strong></span> <span class='ocrx_word' id='word_1_59' title='bbox 330 1403 429 1439; x_wconf 86' lang='lat' dir='ltr'><strong>idem</strong></span> <span class='ocrx_word' id='word_1_60' title='bbox 460 1401 602 1447; x_wconf 84' lang='grc' dir='ltr'><strong><em>κρόκαν</em></strong></span> <span class='ocrx_word' id='word_1_61' title='bbox 633 1404 682 1447; x_wconf 81' lang='lat' dir='ltr'><strong><em>(v,</em></strong></span> <span class='ocrx_word' id='word_1_62' title='bbox 709 1398 865 1447; x_wconf 78' lang='grc' dir='ltr'><strong><em>κρόκην)</em></strong></span> <span class='ocrx_word' id='word_1_63' title='bbox 898 1399 1056 1447; x_wconf 75' lang='lat' dir='ltr'><strong>scripsit.</strong></span> <span class='ocrx_word' id='word_1_64' title='bbox 1086 1420 1128 1425; x_wconf 90' lang='lat'><strong><em>-—</em></strong></span> <span class='ocrx_word' id='word_1_65' title='bbox 1156 1398 1198 1434; x_wconf 90' lang='lat' dir='ltr'><strong><em>V.</em></strong></span> <span class='ocrx_word' id='word_1_66' title='bbox 1226 1402 1259 1434; x_wconf 89' lang='grc'><strong><em>3.</em></strong></span> <span class='ocrx_word' id='word_1_67' title='bbox 1299 1396 1473 1444; x_wconf 79' lang='grc' dir='ltr'><strong><em>ἔκγονος,</em></strong></span> <span class='ocrx_word' id='word_1_68' title='bbox 1510 1398 1614 1433; x_wconf 72' lang='lat' dir='ltr'><strong>Eunt.</strong></span> 
     </span>
     <span class='ocr_line' id='line_1_16' title="bbox 102 1465 246 1499; baseline -0.007 -11"><span class='ocrx_word' id='word_1_69' title='bbox 102 1465 246 1499; x_wconf 84' lang='grc' dir='ltr'><strong><em>γγονος.</em></strong></span> 
     </span>
    </p>

    <p class='ocr_par' dir='ltr' id='par_1_9' title="bbox 80 1490 1618 1781">
     <span class='ocr_line' id='line_1_17' title="bbox 177 1490 1616 1542; baseline -0.005 -7"><span class='ocrx_word' id='word_1_70' title='bbox 177 1500 235 1536; x_wconf 87' lang='lat' dir='ltr'><strong>Fr.</strong></span> <span class='ocrx_word' id='word_1_71' title='bbox 263 1502 308 1535; x_wconf 90' lang='grc'><strong><em>22</em></strong></span> <span class='ocrx_word' id='word_1_72' title='bbox 322 1498 365 1534; x_wconf 85' lang='grc' dir='ltr'><strong><em>Α.</em></strong></span> <span class='ocrx_word' id='word_1_73' title='bbox 411 1498 545 1535; x_wconf 88' lang='lat' dir='ltr'>Pollux</span> <span class='ocrx_word' id='word_1_74' title='bbox 563 1496 613 1533; x_wconf 88' lang='lat' dir='ltr'><strong><em>IX</em></strong></span> <span class='ocrx_word' id='word_1_75' title='bbox 636 1501 720 1533; x_wconf 74' lang='lat'><strong>123:</strong></span> <span class='ocrx_word' id='word_1_76' title='bbox 740 1493 787 1532; x_wconf 81' lang='lat' dir='ltr'><strong><em>‘H</em></strong></span> <span class='ocrx_word' id='word_1_77' title='bbox 811 1494 852 1532; x_wconf 74' lang='grc' dir='ltr'><strong><em>δὲ</em></strong></span> <span class='ocrx_word' id='word_1_78' title='bbox 881 1491 998 1542; x_wconf 79' lang='grc' dir='ltr'><strong><em>ἔξεχ’</em></strong></span> <span class='ocrx_word' id='word_1_79' title='bbox 1027 1492 1058 1531; x_wconf 76' lang='grc' dir='ltr'><em>ὦ</em></span> <span class='ocrx_word' id='word_1_80' title='bbox 1078 1491 1171 1540; x_wconf 86' lang='grc' dir='ltr'><strong><em>φίλ’</em></strong></span> <span class='ocrx_word' id='word_1_81' title='bbox 1195 1490 1294 1540; x_wconf 82' lang='grc' dir='ltr'><strong><em>ἥλιε</em></strong></span> <span class='ocrx_word' id='word_1_82' title='bbox 1316 1490 1451 1530; x_wconf 79' lang='grc' dir='ltr'><strong><em>παιδιὰ</em></strong></span> <span class='ocrx_word' id='word_1_83' title='bbox 1479 1490 1616 1539; x_wconf 81' lang='grc' dir='ltr'><strong><em>κρότον</em></strong></span> 
     </span>
     <span class='ocr_line' id='line_1_18' title="bbox 83 1537 1617 1594; baseline -0.005 -11"><span class='ocrx_word' id='word_1_84' title='bbox 83 1546 160 1594; x_wconf 79' lang='grc' dir='ltr'><strong><em>ἔχει</em></strong></span> <span class='ocrx_word' id='word_1_85' title='bbox 185 1547 260 1583; x_wconf 79' lang='grc' dir='ltr'><strong><em>τῶν</em></strong></span> <span class='ocrx_word' id='word_1_86' title='bbox 285 1547 432 1582; x_wconf 77' lang='grc' dir='ltr'><strong><em>παίδων</em></strong></span> <span class='ocrx_word' id='word_1_87' title='bbox 459 1543 529 1582; x_wconf 83' lang='grc' dir='ltr'><strong><em>οὖν</em></strong></span> <span class='ocrx_word' id='word_1_88' title='bbox 555 1546 605 1593; x_wconf 83' lang='grc' dir='ltr'><strong><em>τῷ</em></strong></span> <span class='ocrx_word' id='word_1_89' title='bbox 633 1541 858 1594; x_wconf 78' lang='grc' dir='ltr'><strong><em>ἕπιβοήματι</em></strong></span> <span class='ocrx_word' id='word_1_90' title='bbox 877 1542 1010 1592; x_wconf 82' lang='grc' dir='ltr'><strong><em>τούτῳ,</em></strong></span> <span class='ocrx_word' id='word_1_91' title='bbox 1037 1540 1182 1579; x_wconf 80' lang='grc' dir='ltr'><strong><em>ὁπόταν</em></strong></span> <span class='ocrx_word' id='word_1_92' title='bbox 1201 1540 1319 1587; x_wconf 81' lang='grc' dir='ltr'><strong><em>νέφος</em></strong></span> <span class='ocrx_word' id='word_1_93' title='bbox 1340 1537 1530 1588; x_wconf 73' lang='grc' dir='ltr'><strong><em>ἐπιδράμῃ</em></strong></span> <span class='ocrx_word' id='word_1_94' title='bbox 1550 1538 1617 1576; x_wconf 87' lang='grc' dir='ltr'><strong><em>τὸν</em></strong></span> 
     </span>
     <span class='ocr_line' id='line_1_19' title="bbox 80 1587 1618 1640; baseline -0.005 -9"><span class='ocrx_word' id='word_1_95' title='bbox 80 1593 194 1640; x_wconf 81' lang='grc' dir='ltr'><strong><em>θεόν,</em></strong></span> <span class='ocrx_word' id='word_1_96' title='bbox 225 1589 323 1630; x_wconf 77' lang='grc' dir='ltr'><strong><em>ὅθεν</em></strong></span> <span class='ocrx_word' id='word_1_97' title='bbox 350 1594 414 1630; x_wconf 76' lang='grc' dir='ltr'><strong><em>καὶ</em></strong></span> <span class='ocrx_word' id='word_1_98' title='bbox 440 1590 621 1639; x_wconf 79' lang='grc' dir='ltr'><em>Στράττις</em></span> <span class='ocrx_word' id='word_1_99' title='bbox 652 1589 694 1629; x_wconf 74' lang='grc' dir='ltr'><strong><em>ἐν</em></strong></span> <span class='ocrx_word' id='word_1_100' title='bbox 721 1593 950 1633; x_wconf 79' lang='grc' dir='ltr'><strong><em>Φοινίσσαις·</em></strong></span> <span class='ocrx_word' id='word_1_101' title='bbox 988 1587 1068 1627; x_wconf 77' lang='grc' dir='ltr'><strong><em>εἷθ’</em></strong></span> <span class='ocrx_word' id='word_1_102' title='bbox 1095 1587 1199 1635; x_wconf 83' lang='grc' dir='ltr'><strong><em>ἥλιος</em></strong></span> <span class='ocrx_word' id='word_1_103' title='bbox 1230 1587 1299 1636; x_wconf 75' lang='grc' dir='ltr'><strong><em>μὲν</em></strong></span> <span class='ocrx_word' id='word_1_104' title='bbox 1329 1590 1508 1625; x_wconf 83' lang='grc' dir='ltr'><strong><em>πείθεται</em></strong></span> <span class='ocrx_word' id='word_1_105' title='bbox 1539 1592 1618 1630; x_wconf 85' lang='grc' dir='ltr'><strong><em>τοῖς</em></strong></span> 
     </span>
     <span class='ocr_line' id='line_1_20' title="bbox 81 1633 1615 1688; baseline -0.005 -9"><span class='ocrx_word' id='word_1_106' title='bbox 81 1643 267 1688; x_wconf 79' lang='grc' dir='ltr'><strong><em>παιδίοις,</em></strong></span> <span class='ocrx_word' id='word_1_107' title='bbox 298 1638 390 1677; x_wconf 83' lang='grc' dir='ltr'><strong><em>ὅταν</em></strong></span> <span class='ocrx_word' id='word_1_108' title='bbox 422 1639 595 1687; x_wconf 79' lang='grc' dir='ltr'><strong><em>λέγωσιν·</em></strong></span> <span class='ocrx_word' id='word_1_109' title='bbox 635 1636 734 1686; x_wconf 77' lang='grc' dir='ltr'><strong><em>ἕξεχ’</em></strong></span> <span class='ocrx_word' id='word_1_110' title='bbox 762 1633 791 1675; x_wconf 77' lang='grc' dir='ltr'><em>ὦ</em></span> <span class='ocrx_word' id='word_1_111' title='bbox 826 1636 907 1685; x_wconf 86' lang='grc' dir='ltr'><strong><em>φίλ’</em></strong></span> <span class='ocrx_word' id='word_1_112' title='bbox 935 1635 1027 1684; x_wconf 79' lang='grc' dir='ltr'><strong><em>ἥλιε.</em></strong></span> <span class='ocrx_word' id='word_1_113' title='bbox 1079 1638 1131 1674; x_wconf 85' lang='lat' dir='ltr'><strong><em>Of.</em></strong></span> <span class='ocrx_word' id='word_1_114' title='bbox 1158 1637 1346 1683; x_wconf 77' lang='lat' dir='ltr'><strong>Aristoph.</strong></span> <span class='ocrx_word' id='word_1_115' title='bbox 1373 1637 1483 1672; x_wconf 82' lang='lat' dir='ltr'><strong>Insul.</strong></span> <span class='ocrx_word' id='word_1_116' title='bbox 1510 1635 1555 1673; x_wconf 82' lang='lat' dir='ltr'><strong><em>fr.</em></strong></span> <span class='ocrx_word' id='word_1_117' title='bbox 1582 1641 1615 1672; x_wconf 83' lang='lat'><strong><em>4.</em></strong></span> 
     </span>
     <span class='ocr_line' id='line_1_21' title="bbox 81 1681 1615 1733; baseline -0.005 -7"><span class='ocrx_word' id='word_1_118' title='bbox 81 1689 184 1726; x_wconf 70' lang='lat' dir='ltr'><strong>Eunt.</strong></span> <span class='ocrx_word' id='word_1_119' title='bbox 211 1690 252 1726; x_wconf 88' lang='lat' dir='ltr'><strong><em>ll.</em></strong></span> <span class='ocrx_word' id='word_1_120' title='bbox 279 1693 360 1733; x_wconf 88' lang='grc'>881,</span> <span class='ocrx_word' id='word_1_121' title='bbox 385 1692 442 1724; x_wconf 81' lang='grc'><strong><em>42.</em></strong></span> <span class='ocrx_word' id='word_1_122' title='bbox 494 1688 628 1725; x_wconf 77' lang='lat' dir='ltr'><strong>Athen.</strong></span> <span class='ocrx_word' id='word_1_123' title='bbox 655 1687 741 1723; x_wconf 79' lang='lat' dir='ltr'><strong><em>xlv</em></strong></span> <span class='ocrx_word' id='word_1_124' title='bbox 767 1690 836 1724; x_wconf 80' lang='lat'><strong><em>619</em></strong></span> <span class='ocrx_word' id='word_1_125' title='bbox 852 1687 897 1722; x_wconf 87' lang='lat' dir='ltr'><strong><em>B:</em></strong></span> <span class='ocrx_word' id='word_1_126' title='bbox 927 1683 975 1723; x_wconf 86' lang='lat' dir='ltr'><strong><em>‘H</em></strong></span> <span class='ocrx_word' id='word_1_127' title='bbox 998 1684 1041 1722; x_wconf 72' lang='grc' dir='ltr'><strong><em>δὲ</em></strong></span> <span class='ocrx_word' id='word_1_128' title='bbox 1069 1685 1124 1727; x_wconf 84' lang='grc' dir='ltr'><strong><em>εἰς</em></strong></span> <span class='ocrx_word' id='word_1_129' title='bbox 1144 1682 1351 1722; x_wconf 83' lang='grc' dir='ltr'><strong><em>Ἀπόλλωνα</em></strong></span> <span class='ocrx_word' id='word_1_130' title='bbox 1377 1681 1457 1731; x_wconf 79' lang='grc' dir='ltr'><strong><em>ᾥδὴ</em></strong></span> <span class='ocrx_word' id='word_1_131' title='bbox 1485 1686 1615 1729; x_wconf 82' lang='grc' dir='ltr'><strong><em>φιλη·</em></strong></span> 
     </span>
     <span class='ocr_line' id='line_1_22' title="bbox 80 1734 761 1781; baseline -0.003 -7"><span class='ocrx_word' id='word_1_132' title='bbox 80 1735 201 1781; x_wconf 83' lang='grc' dir='ltr'><strong><em>λιάς,</em></strong></span> <span class='ocrx_word' id='word_1_133' title='bbox 226 1734 277 1779; x_wconf 77' lang='grc' dir='ltr'><strong><em>ὡς</em></strong></span> <span class='ocrx_word' id='word_1_134' title='bbox 304 1735 502 1773; x_wconf 83' lang='grc' dir='ltr'><strong><em>Τελέσιλλα</em></strong></span> <span class='ocrx_word' id='word_1_135' title='bbox 528 1737 643 1780; x_wconf 89' lang='grc' dir='ltr'><strong><em>παρίσ</em></strong></span> <span class='ocrx_word' id='word_1_136' title='bbox 691 1747 761 1772; x_wconf 93' lang='grc' dir='ltr'><strong><em>σιν.</em></strong></span> 
     </span>
    </p>

    <p class='ocr_par' dir='ltr' id='par_1_10' title="bbox 83 1775 1617 1925">
     <span class='ocr_line' id='line_1_23' title="bbox 178 1775 1617 1830; baseline -0.005 -9"><span class='ocrx_word' id='word_1_137' title='bbox 178 1785 235 1821; x_wconf 79' lang='lat' dir='ltr'><strong>Fr.</strong></span> <span class='ocrx_word' id='word_1_138' title='bbox 263 1789 307 1821; x_wconf 83' lang='lat'><strong><em>22</em></strong></span> <span class='ocrx_word' id='word_1_139' title='bbox 322 1785 362 1820; x_wconf 93' lang='lat' dir='ltr'><strong><em>B.</em></strong></span> <span class='ocrx_word' id='word_1_140' title='bbox 409 1783 632 1830; x_wconf 78' lang='lat' dir='ltr'><strong>Hesychius:</strong></span> <span class='ocrx_word' id='word_1_141' title='bbox 687 1780 788 1829; x_wconf 81' lang='grc' dir='ltr'><strong><em>ξάγω</em></strong></span> <span class='ocrx_word' id='word_1_142' title='bbox 814 1779 934 1828; x_wconf 80' lang='grc' dir='ltr'><strong><em>χωλὸν</em></strong></span> <span class='ocrx_word' id='word_1_143' title='bbox 959 1782 1177 1828; x_wconf 86' lang='grc' dir='ltr'><strong><em>τραγίσκον·</em></strong></span> <span class='ocrx_word' id='word_1_144' title='bbox 1204 1780 1361 1821; x_wconf 75' lang='grc' dir='ltr'><strong><em>παιδιᾶς</em></strong></span> <span class='ocrx_word' id='word_1_145' title='bbox 1388 1778 1488 1820; x_wconf 85' lang='grc' dir='ltr'><strong><em>εἶδος</em></strong></span> <span class='ocrx_word' id='word_1_146' title='bbox 1513 1775 1617 1824; x_wconf 76' lang='grc' dir='ltr'><strong><em>παρὰ</em></strong></span> 
     </span>
     <span class='ocr_line' id='line_1_24' title="bbox 85 1827 1614 1879; baseline -0.003 -10"><span class='ocrx_word' id='word_1_147' title='bbox 85 1833 341 1879; x_wconf 82' lang='grc' dir='ltr'><strong><em>Ταραντίνοις.</em></strong></span> <span class='ocrx_word' id='word_1_148' title='bbox 399 1831 602 1868; x_wconf 84' lang='lat' dir='ltr'>Exordium</span> <span class='ocrx_word' id='word_1_149' title='bbox 633 1831 704 1867; x_wconf 91' lang='lat' dir='ltr'><strong><em>hoc</em></strong></span> <span class='ocrx_word' id='word_1_150' title='bbox 736 1829 945 1867; x_wconf 76' lang='lat' dir='ltr'><strong>cantilenae</strong></span> <span class='ocrx_word' id='word_1_151' title='bbox 975 1828 1142 1876; x_wconf 78' lang='lat' dir='ltr'><strong>puerilis.</strong></span> <span class='ocrx_word' id='word_1_152' title='bbox 1169 1849 1212 1855; x_wconf 92' lang='lat'><strong>—</strong></span> <span class='ocrx_word' id='word_1_153' title='bbox 1241 1829 1335 1863; x_wconf 78' lang='lat' dir='ltr'><strong>Item</strong></span> <span class='ocrx_word' id='word_1_154' title='bbox 1368 1827 1614 1873; x_wconf 71' lang='lat' dir='ltr'><strong>Theophrast.</strong></span> 
     </span>
     <span class='ocr_line' id='line_1_25' title="bbox 83 1874 1209 1925; baseline -0.004 -9"><span class='ocrx_word' id='word_1_155' title='bbox 83 1879 191 1917; x_wconf 79' lang='lat' dir='ltr'><strong>Char.</strong></span> <span class='ocrx_word' id='word_1_156' title='bbox 218 1892 247 1916; x_wconf 90' lang='lat' dir='ltr'><strong><em>c.</em></strong></span> <span class='ocrx_word' id='word_1_157' title='bbox 275 1884 313 1915; x_wconf 93' lang='lat'><strong><em>5:</em></strong></span> <span class='ocrx_word' id='word_1_158' title='bbox 340 1881 404 1915; x_wconf 81' lang='grc' dir='ltr'><strong><em>καὶ</em></strong></span> <span class='ocrx_word' id='word_1_159' title='bbox 430 1883 508 1920; x_wconf 88' lang='grc' dir='ltr'><strong><em>τοῖς</em></strong></span> <span class='ocrx_word' id='word_1_160' title='bbox 531 1876 600 1925; x_wconf 74' lang='grc' dir='ltr'><strong><em>μὲν</em></strong></span> <span class='ocrx_word' id='word_1_161' title='bbox 626 1879 819 1924; x_wconf 81' lang='grc' dir='ltr'><strong><em>(παιδίοις)</em></strong></span> <span class='ocrx_word' id='word_1_162' title='bbox 845 1878 1066 1923; x_wconf 75' lang='grc' dir='ltr'><strong><em>συμπαίζειν</em></strong></span> <span class='ocrx_word' id='word_1_163' title='bbox 1091 1874 1209 1922; x_wconf 84' lang='grc' dir='ltr'><strong><em>λέγων</em></strong></span> 
     </span>
    </p>
   </div>
   <div class='ocr_carea' id='block_1_9' title="bbox 677 1946 1020 1993">
    <p class='ocr_par' dir='ltr' id='par_1_11' title="bbox 677 1946 1020 1993">
     <span class='ocr_line' id='line_1_26' title="bbox 677 1946 1020 1993; baseline -0.003 -8"><span class='ocrx_word' id='word_1_164' title='bbox 677 1946 816 1993; x_wconf 74' lang='grc' dir='ltr'><strong><em>Ἄσκός,</em></strong></span> <span class='ocrx_word' id='word_1_165' title='bbox 842 1947 1002 1990; x_wconf 85' lang='grc' dir='ltr'><strong><em>πέλεκυς</em></strong></span> <span class='ocrx_word' id='word_1_166' title='bbox 1011 1975 1020 1992; x_wconf 92' lang='grc'><strong><em>,</em></strong></span> 
     </span>
    </p>
   </div>
   <div class='ocr_carea' id='block_1_10' title="bbox 81 2016 1615 2923">
    <p class='ocr_par' dir='ltr' id='par_1_12' title="bbox 81 2016 1615 2923">
     <span class='ocr_line' id='line_1_27' title="bbox 81 2016 1615 2068; baseline -0.003 -9"><span class='ocrx_word' id='word_1_167' title='bbox 81 2021 127 2060; x_wconf 76' lang='grc' dir='ltr'><strong><em>τὰ</em></strong></span> <span class='ocrx_word' id='word_1_168' title='bbox 154 2021 197 2059; x_wconf 71' lang='grc' dir='ltr'><strong><em>δὲ</em></strong></span> <span class='ocrx_word' id='word_1_169' title='bbox 225 2019 288 2059; x_wconf 71' lang='grc' dir='ltr'><strong><em>ἐπὶ</em></strong></span> <span class='ocrx_word' id='word_1_170' title='bbox 311 2023 377 2068; x_wconf 88' lang='grc' dir='ltr'><strong><em>τῆς</em></strong></span> <span class='ocrx_word' id='word_1_171' title='bbox 402 2018 562 2068; x_wconf 86' lang='grc' dir='ltr'><strong><em>γαστρὸς</em></strong></span> <span class='ocrx_word' id='word_1_172' title='bbox 587 2018 657 2058; x_wconf 77' lang='grc' dir='ltr'><strong><em>ἐᾶν</em></strong></span> <span class='ocrx_word' id='word_1_173' title='bbox 682 2017 893 2058; x_wconf 74' lang='grc' dir='ltr'><strong><em>καθεύδειν</em></strong></span> <span class='ocrx_word' id='word_1_174' title='bbox 919 2016 998 2067; x_wconf 78' lang='grc' dir='ltr'><strong><em>ἅμα</em></strong></span> <span class='ocrx_word' id='word_1_175' title='bbox 1021 2017 1249 2067; x_wconf 76' lang='grc' dir='ltr'><strong><em>θλιβόμενος</em></strong></span> <span class='ocrx_word' id='word_1_176' title='bbox 1274 2018 1502 2066; x_wconf 85' lang='lat' dir='ltr'><strong>principium</strong></span> <span class='ocrx_word' id='word_1_177' title='bbox 1527 2030 1615 2065; x_wconf 89' lang='lat' dir='ltr'><strong>pue-</strong></span> 
     </span>
     <span class='ocr_line' id='line_1_28' title="bbox 81 2068 829 2108; baseline -0.003 -1"><span class='ocrx_word' id='word_1_178' title='bbox 81 2083 205 2108; x_wconf 86' lang='lat' dir='ltr'><strong>rorum</strong></span> <span class='ocrx_word' id='word_1_179' title='bbox 231 2070 442 2107; x_wconf 72' lang='lat' dir='ltr'><strong>cantilenae</strong></span> <span class='ocrx_word' id='word_1_180' title='bbox 467 2069 616 2106; x_wconf 79' lang='lat' dir='ltr'><strong><em>videtur</em></strong></span> <span class='ocrx_word' id='word_1_181' title='bbox 639 2068 829 2106; x_wconf 83' lang='lat' dir='ltr'><strong>adhibere.</strong></span> 
     </span>
     <span class='ocr_line' id='line_1_29' title="bbox 176 2110 1615 2161; baseline -0.004 -7"><span class='ocrx_word' id='word_1_182' title='bbox 176 2118 233 2154; x_wconf 89' lang='lat' dir='ltr'><strong><em>Fr.</em></strong></span> <span class='ocrx_word' id='word_1_183' title='bbox 260 2122 316 2156; x_wconf 80' lang='grc'><strong><em>28.</em></strong></span> <span class='ocrx_word' id='word_1_184' title='bbox 367 2117 466 2153; x_wconf 79' lang='lat' dir='ltr'><strong>Plut.</strong></span> <span class='ocrx_word' id='word_1_185' title='bbox 501 2117 650 2160; x_wconf 77' lang='lat' dir='ltr'><strong>Quaest.</strong></span> <span class='ocrx_word' id='word_1_186' title='bbox 684 2116 811 2153; x_wconf 81' lang='lat' dir='ltr'><strong>Graec.</strong></span> <span class='ocrx_word' id='word_1_187' title='bbox 845 2128 876 2153; x_wconf 89' lang='lat' dir='ltr'><strong><em>c.</em></strong></span> <span class='ocrx_word' id='word_1_188' title='bbox 902 2119 965 2152; x_wconf 84' lang='lat'><strong><em>35:</em></strong></span> <span class='ocrx_word' id='word_1_189' title='bbox 1001 2116 1053 2151; x_wconf 84' lang='grc' dir='ltr'><strong><em>Τι’</em></strong></span> <span class='ocrx_word' id='word_1_190' title='bbox 1079 2112 1218 2161; x_wconf 79' lang='grc' dir='ltr'><strong><em>δήποτε</em></strong></span> <span class='ocrx_word' id='word_1_191' title='bbox 1251 2119 1334 2155; x_wconf 77' lang='grc' dir='ltr'><strong><em>ταῖς</em></strong></span> <span class='ocrx_word' id='word_1_192' title='bbox 1371 2110 1503 2159; x_wconf 79' lang='grc' dir='ltr'><strong><em>κόραις</em></strong></span> <span class='ocrx_word' id='word_1_193' title='bbox 1540 2114 1615 2149; x_wconf 80' lang='grc' dir='ltr'><strong><em>τῶν</em></strong></span> 
     </span>
     <span class='ocr_line' id='line_1_30' title="bbox 84 2158 1403 2210; baseline -0.004 -8"><span class='ocrx_word' id='word_1_194' title='bbox 84 2167 287 2203; x_wconf 84' lang='grc' dir='ltr'><strong><em>Βοττιαίων</em></strong></span> <span class='ocrx_word' id='word_1_195' title='bbox 315 2163 407 2206; x_wconf 80' lang='grc' dir='ltr'><strong><em>ἔθος</em></strong></span> <span class='ocrx_word' id='word_1_196' title='bbox 430 2158 478 2210; x_wconf 85' lang='grc' dir='ltr'><strong><em>ἦν</em></strong></span> <span class='ocrx_word' id='word_1_197' title='bbox 503 2163 627 2210; x_wconf 82' lang='grc' dir='ltr'><strong><em>λέγειν</em></strong></span> <span class='ocrx_word' id='word_1_198' title='bbox 653 2161 913 2210; x_wconf 74' lang='grc' dir='ltr'><strong><em>χορευούσαις·</em></strong></span> <span class='ocrx_word' id='word_1_199' title='bbox 934 2161 1090 2209; x_wconf 83' lang='grc' dir='ltr'><strong><em>Ἴωμεν</em></strong></span> <span class='ocrx_word' id='word_1_200' title='bbox 1117 2161 1183 2203; x_wconf 81' lang='grc' dir='ltr'><strong><em>εἰς</em></strong></span> <span class='ocrx_word' id='word_1_201' title='bbox 1203 2158 1403 2208; x_wconf 69' lang='grc' dir='ltr'><strong><em>Ἀθήνας.</em></strong></span> 
     </span>
     <span class='ocr_line' id='line_1_31' title="bbox 177 2205 1614 2257; baseline -0.003 -9"><span class='ocrx_word' id='word_1_202' title='bbox 177 2213 236 2249; x_wconf 83' lang='lat' dir='ltr'><strong><em>Fr.</em></strong></span> <span class='ocrx_word' id='word_1_203' title='bbox 263 2217 320 2248; x_wconf 79' lang='lat'><strong>24.</strong></span> <span class='ocrx_word' id='word_1_204' title='bbox 365 2212 499 2248; x_wconf 73' lang='lat' dir='ltr'><strong>Athen.</strong></span> <span class='ocrx_word' id='word_1_205' title='bbox 528 2211 613 2247; x_wconf 91' lang='lat' dir='ltr'><strong><em>XIV</em></strong></span> <span class='ocrx_word' id='word_1_206' title='bbox 640 2211 766 2248; x_wconf 77' lang='lat'>6190:</span> <span class='ocrx_word' id='word_1_207' title='bbox 793 2210 984 2257; x_wconf 78' lang='grc' dir='ltr'><strong><em>Κλέαρχος</em></strong></span> <span class='ocrx_word' id='word_1_208' title='bbox 1009 2207 1047 2246; x_wconf 84' lang='grc' dir='ltr'><strong><em>δ’</em></strong></span> <span class='ocrx_word' id='word_1_209' title='bbox 1077 2207 1118 2246; x_wconf 72' lang='grc' dir='ltr'><strong><em>ἐν</em></strong></span> <span class='ocrx_word' id='word_1_210' title='bbox 1145 2207 1279 2257; x_wconf 75' lang='grc' dir='ltr'><strong><em>πρώτῳ</em></strong></span> <span class='ocrx_word' id='word_1_211' title='bbox 1304 2206 1512 2252; x_wconf 79' lang='grc' dir='ltr'><strong><em>Ἐρωτικῶν</em></strong></span> <span class='ocrx_word' id='word_1_212' title='bbox 1537 2205 1614 2244; x_wconf 84' lang='grc' dir='ltr'><strong><em>νό-</em></strong></span> 
     </span>
     <span class='ocr_line' id='line_1_32' title="bbox 116 2250 1615 2307; baseline -0.004 -11"><span class='ocrx_word' id='word_1_213' title='bbox 116 2274 188 2296; x_wconf 87' lang='grc' dir='ltr'><strong><em>ιον</em></strong></span> <span class='ocrx_word' id='word_1_214' title='bbox 219 2261 424 2295; x_wconf 81' lang='grc' dir='ltr'><strong><em>καλεῖσθαί</em></strong></span> <span class='ocrx_word' id='word_1_215' title='bbox 445 2257 530 2294; x_wconf 88' lang='grc' dir='ltr'><strong><em>τινά</em></strong></span> <span class='ocrx_word' id='word_1_216' title='bbox 557 2271 674 2304; x_wconf 88' lang='grc' dir='ltr'><strong><em>φησιν</em></strong></span> <span class='ocrx_word' id='word_1_217' title='bbox 699 2255 802 2307; x_wconf 76' lang='grc' dir='ltr'><strong><em>ᾠδὴν</em></strong></span> <span class='ocrx_word' id='word_1_218' title='bbox 834 2254 907 2294; x_wconf 73' lang='grc' dir='ltr'><strong><em>ἀπ’</em></strong></span> <span class='ocrx_word' id='word_1_219' title='bbox 939 2255 1255 2303; x_wconf 77' lang='grc' dir='ltr'><strong><em>Ἠριφανίδος,</em></strong></span> <span class='ocrx_word' id='word_1_220' title='bbox 1287 2255 1447 2302; x_wconf 80' lang='grc' dir='ltr'><strong><em>γράφων</em></strong></span> <span class='ocrx_word' id='word_1_221' title='bbox 1479 2250 1615 2297; x_wconf 70' lang='grc' dir='ltr'><strong><em>οὕτως·</em></strong></span> 
     </span>
     <span class='ocr_line' id='line_1_33' title="bbox 87 2299 1613 2353; baseline -0.003 -10"><span class='ocrx_word' id='word_1_222' title='bbox 87 2306 319 2353; x_wconf 76' lang='grc' dir='ltr'><strong><em>Ι-Ιριφανὶς</em></strong></span> <span class='ocrx_word' id='word_1_223' title='bbox 352 2303 372 2351; x_wconf 85' lang='grc' dir='ltr'>ἡ</span> <span class='ocrx_word' id='word_1_224' title='bbox 406 2303 671 2352; x_wconf 85' lang='grc' dir='ltr'><strong><em>μελοποιός,</em></strong></span> <span class='ocrx_word' id='word_1_225' title='bbox 706 2303 912 2342; x_wconf 79' lang='grc' dir='ltr'><strong><em>Μενάλκου</em></strong></span> <span class='ocrx_word' id='word_1_226' title='bbox 944 2305 1243 2351; x_wconf 78' lang='grc' dir='ltr'><strong><em>κυνηγετοῦντος</em></strong></span> <span class='ocrx_word' id='word_1_227' title='bbox 1267 2301 1495 2349; x_wconf 77' lang='grc' dir='ltr'><strong><em>ἐρασθεῖσα,</em></strong></span> <span class='ocrx_word' id='word_1_228' title='bbox 1522 2299 1613 2349; x_wconf 77' lang='grc' dir='ltr'><strong><em>ἐθή-</em></strong></span> 
     </span>
     <span class='ocr_line' id='line_1_34' title="bbox 83 2347 1615 2401; baseline -0.003 -11"><span class='ocrx_word' id='word_1_229' title='bbox 83 2369 169 2401; x_wconf 77' lang='grc' dir='ltr'><strong><em>ρευε</em></strong></span> <span class='ocrx_word' id='word_1_230' title='bbox 197 2353 439 2401; x_wconf 82' lang='grc' dir='ltr'><strong><em>μεταθέουσα</em></strong></span> <span class='ocrx_word' id='word_1_231' title='bbox 465 2358 548 2395; x_wconf 80' lang='grc' dir='ltr'><strong><em>ταῖς</em></strong></span> <span class='ocrx_word' id='word_1_232' title='bbox 573 2351 811 2399; x_wconf 76' lang='grc' dir='ltr'><strong><em>ἐπιθυμίαις·</em></strong></span> <span class='ocrx_word' id='word_1_233' title='bbox 838 2353 1008 2398; x_wconf 78' lang='grc' dir='ltr'><strong><em>φοιτῶσα</em></strong></span> <span class='ocrx_word' id='word_1_234' title='bbox 1033 2349 1106 2397; x_wconf 77' lang='grc' dir='ltr'><strong><em>γὰρ</em></strong></span> <span class='ocrx_word' id='word_1_235' title='bbox 1131 2350 1196 2387; x_wconf 83' lang='grc' dir='ltr'><strong><em>καὶ</em></strong></span> <span class='ocrx_word' id='word_1_236' title='bbox 1220 2348 1447 2397; x_wconf 82' lang='grc' dir='ltr'><strong><em>πλανωμένη</em></strong></span> <span class='ocrx_word' id='word_1_237' title='bbox 1467 2347 1615 2392; x_wconf 81' lang='grc' dir='ltr'><strong><em>πάντας</em></strong></span> 
     </span>
     <span class='ocr_line' id='line_1_35' title="bbox 82 2394 1615 2457; baseline -0.003 -19"><span class='ocrx_word' id='word_1_238' title='bbox 82 2402 169 2444; x_wconf 87' lang='grc' dir='ltr'><strong><em>τοὺς</em></strong></span> <span class='ocrx_word' id='word_1_239' title='bbox 201 2399 350 2446; x_wconf 81' lang='grc' dir='ltr'><strong><em>ὀρείους</em></strong></span> <span class='ocrx_word' id='word_1_240' title='bbox 381 2398 533 2457; x_wconf 67' lang='grc' dir='ltr'><strong><em>ἐπεξῄει</em></strong></span> <span class='ocrx_word' id='word_1_241' title='bbox 563 2398 745 2447; x_wconf 84' lang='grc' dir='ltr'><strong><em>δρυμούς,</em></strong></span> <span class='ocrx_word' id='word_1_242' title='bbox 777 2397 828 2441; x_wconf 80' lang='grc' dir='ltr'><strong><em>ὥς</em></strong></span> <span class='ocrx_word' id='word_1_243' title='bbox 858 2401 986 2447; x_wconf 80' lang='grc' dir='ltr'><strong><em>μῦθον</em></strong></span> <span class='ocrx_word' id='word_1_244' title='bbox 1018 2398 1117 2435; x_wconf 82' lang='grc' dir='ltr'><strong><em>εἶναι</em></strong></span> <span class='ocrx_word' id='word_1_245' title='bbox 1148 2396 1236 2439; x_wconf 83' lang='grc' dir='ltr'><strong><em>τοὺς</em></strong></span> <span class='ocrx_word' id='word_1_246' title='bbox 1264 2396 1493 2444; x_wconf 84' lang='grc' dir='ltr'><strong><em>λεγομένους</em></strong></span> <span class='ocrx_word' id='word_1_247' title='bbox 1520 2394 1615 2439; x_wconf 84' lang='grc' dir='ltr'><strong><em>Ἰοὕς</em></strong></span> 
     </span>
     <span class='ocr_line' id='line_1_36' title="bbox 83 2442 1613 2503; baseline -0.003 -18"><span class='ocrx_word' id='word_1_248' title='bbox 83 2448 263 2496; x_wconf 84' lang='grc' dir='ltr'><strong><em>δρόμους,</em></strong></span> <span class='ocrx_word' id='word_1_249' title='bbox 296 2445 388 2485; x_wconf 69' lang='grc' dir='ltr'><strong><em>ὥστε</em></strong></span> <span class='ocrx_word' id='word_1_250' title='bbox 422 2461 472 2494; x_wconf 89' lang='grc' dir='ltr'><strong><em>μη</em></strong></span> <span class='ocrx_word' id='word_1_251' title='bbox 502 2446 622 2503; x_wconf 77' lang='grc' dir='ltr'><strong><em>μόνον</em></strong></span> <span class='ocrx_word' id='word_1_252' title='bbox 656 2449 731 2484; x_wconf 79' lang='grc' dir='ltr'><strong><em>τῶν</em></strong></span> <span class='ocrx_word' id='word_1_253' title='bbox 762 2444 980 2493; x_wconf 74' lang='grc' dir='ltr'><strong><em>ἀνθρώπων</em></strong></span> <span class='ocrx_word' id='word_1_254' title='bbox 1011 2444 1099 2488; x_wconf 83' lang='grc' dir='ltr'><strong><em>τοὺς</em></strong></span> <span class='ocrx_word' id='word_1_255' title='bbox 1129 2442 1311 2495; x_wconf 74' lang='grc' dir='ltr'><strong><em>ἀστοργίᾳ</em></strong></span> <span class='ocrx_word' id='word_1_256' title='bbox 1348 2443 1613 2490; x_wconf 84' lang='grc' dir='ltr'><strong><em>διαφέροντας,</em></strong></span> 
     </span>
     <span class='ocr_line' id='line_1_37' title="bbox 82 2489 1614 2542; baseline -0.005 -8"><span class='ocrx_word' id='word_1_257' title='bbox 82 2494 175 2534; x_wconf 74' lang='grc' dir='ltr'><strong><em>ἀλλὰ</em></strong></span> <span class='ocrx_word' id='word_1_258' title='bbox 208 2496 273 2532; x_wconf 78' lang='grc' dir='ltr'><strong><em>καὶ</em></strong></span> <span class='ocrx_word' id='word_1_259' title='bbox 303 2496 379 2532; x_wconf 79' lang='grc' dir='ltr'><strong><em>τῶν</em></strong></span> <span class='ocrx_word' id='word_1_260' title='bbox 409 2498 542 2542; x_wconf 90' lang='grc' dir='ltr'><strong><em>θηρων</em></strong></span> <span class='ocrx_word' id='word_1_261' title='bbox 573 2493 660 2537; x_wconf 81' lang='grc' dir='ltr'><strong><em>τοὺς</em></strong></span> <span class='ocrx_word' id='word_1_262' title='bbox 691 2491 1006 2541; x_wconf 75' lang='grc' dir='ltr'><strong><em>ἀνημερωτάτους</em></strong></span> <span class='ocrx_word' id='word_1_263' title='bbox 1036 2493 1295 2538; x_wconf 81' lang='grc' dir='ltr'><strong><em>συνδακρῦσαι</em></strong></span> <span class='ocrx_word' id='word_1_264' title='bbox 1326 2493 1376 2541; x_wconf 78' lang='grc' dir='ltr'><strong><em>τῷ</em></strong></span> <span class='ocrx_word' id='word_1_265' title='bbox 1402 2489 1525 2528; x_wconf 87' lang='grc' dir='ltr'><strong><em>πάθει</em></strong></span> <span class='ocrx_word' id='word_1_266' title='bbox 1548 2495 1614 2528; x_wconf 78' lang='grc' dir='ltr'><strong><em>λα-</em></strong></span> 
     </span>
     <span class='ocr_line' id='line_1_38' title="bbox 84 2537 1614 2594; baseline -0.003 -13"><span class='ocrx_word' id='word_1_267' title='bbox 84 2543 221 2594; x_wconf 83' lang='grc' dir='ltr'><strong><em>βόντας</em></strong></span> <span class='ocrx_word' id='word_1_268' title='bbox 245 2545 425 2589; x_wconf 75' lang='grc' dir='ltr'><strong><em>αἴσθησιν</em></strong></span> <span class='ocrx_word' id='word_1_269' title='bbox 452 2541 630 2589; x_wconf 81' lang='grc' dir='ltr'><strong><em>ἐρωτικῆς</em></strong></span> <span class='ocrx_word' id='word_1_270' title='bbox 654 2540 820 2584; x_wconf 73' lang='grc' dir='ltr'><strong><em>ἐλπίδος·</em></strong></span> <span class='ocrx_word' id='word_1_271' title='bbox 855 2538 952 2579; x_wconf 79' lang='grc' dir='ltr'><strong><em>ὅθεν</em></strong></span> <span class='ocrx_word' id='word_1_272' title='bbox 987 2539 1142 2588; x_wconf 72' lang='grc' dir='ltr'><strong><em>ἐποίησέ</em></strong></span> <span class='ocrx_word' id='word_1_273' title='bbox 1172 2553 1210 2577; x_wconf 91' lang='grc' dir='ltr'><strong><em>τε</em></strong></span> <span class='ocrx_word' id='word_1_274' title='bbox 1244 2539 1309 2577; x_wconf 75' lang='grc' dir='ltr'><strong><em>καὶ</em></strong></span> <span class='ocrx_word' id='word_1_275' title='bbox 1332 2537 1524 2586; x_wconf 85' lang='grc' dir='ltr'><strong><em>ποιήσασα</em></strong></span> <span class='ocrx_word' id='word_1_276' title='bbox 1548 2552 1614 2576; x_wconf 80' lang='grc' dir='ltr'><strong><em>πε·</em></strong></span> 
     </span>
     <span class='ocr_line' id='line_1_39' title="bbox 84 2585 1613 2641; baseline -0.004 -12"><span class='ocrx_word' id='word_1_277' title='bbox 84 2590 184 2641; x_wconf 82' lang='grc' dir='ltr'><strong><em>ριῄει</em></strong></span> <span class='ocrx_word' id='word_1_278' title='bbox 209 2589 304 2628; x_wconf 81' lang='grc' dir='ltr'><strong><em>κατὰ</em></strong></span> <span class='ocrx_word' id='word_1_279' title='bbox 331 2588 400 2637; x_wconf 90' lang='grc' dir='ltr'><strong><em>τὴν</em></strong></span> <span class='ocrx_word' id='word_1_280' title='bbox 427 2588 596 2637; x_wconf 76' lang='grc' dir='ltr'><strong><em>ἐρημίαν,</em></strong></span> <span class='ocrx_word' id='word_1_281' title='bbox 622 2586 672 2631; x_wconf 73' lang='grc' dir='ltr'><strong><em>ὥς</em></strong></span> <span class='ocrx_word' id='word_1_282' title='bbox 696 2601 826 2636; x_wconf 86' lang='grc' dir='ltr'><strong><em>φασιν,</em></strong></span> <span class='ocrx_word' id='word_1_283' title='bbox 850 2586 1055 2638; x_wconf 72' lang='grc' dir='ltr'><strong><em>ἀναβοῶσα</em></strong></span> <span class='ocrx_word' id='word_1_284' title='bbox 1080 2588 1146 2625; x_wconf 81' lang='grc' dir='ltr'><strong><em>καὶ</em></strong></span> <span class='ocrx_word' id='word_1_285' title='bbox 1177 2586 1324 2638; x_wconf 79' lang='grc' dir='ltr'><strong><em>ᾅδουσα</em></strong></span> <span class='ocrx_word' id='word_1_286' title='bbox 1356 2586 1398 2624; x_wconf 88' lang='grc' dir='ltr'><strong><em>τὸ</em></strong></span> <span class='ocrx_word' id='word_1_287' title='bbox 1429 2585 1613 2634; x_wconf 81' lang='grc' dir='ltr'><strong><em>καλούμε-</em></strong></span> 
     </span>
     <span class='ocr_line' id='line_1_40' title="bbox 83 2631 1613 2686; baseline -0.002 -11"><span class='ocrx_word' id='word_1_288' title='bbox 83 2653 151 2677; x_wconf 89' lang='grc' dir='ltr'><strong><em>νον</em></strong></span> <span class='ocrx_word' id='word_1_289' title='bbox 175 2637 356 2686; x_wconf 89' lang='grc' dir='ltr'><strong><em>νόμιον,</em></strong></span> <span class='ocrx_word' id='word_1_290' title='bbox 384 2635 425 2675; x_wconf 79' lang='grc' dir='ltr'><strong><em>ἔν</em></strong></span> <span class='ocrx_word' id='word_1_291' title='bbox 451 2634 479 2685; x_wconf 79' lang='grc' dir='ltr'><em>ᾧ</em></span> <span class='ocrx_word' id='word_1_292' title='bbox 508 2636 601 2675; x_wconf 81' lang='grc' dir='ltr'><strong><em>ἐστι·</em></strong></span> <span class='ocrx_word' id='word_1_293' title='bbox 628 2637 816 2683; x_wconf 79' lang='grc' dir='ltr'><strong><em>Μακραὶ</em></strong></span> <span class='ocrx_word' id='word_1_294' title='bbox 841 2635 995 2683; x_wconf 78' lang='grc' dir='ltr'><strong><em>δρύες,</em></strong></span> <span class='ocrx_word' id='word_1_295' title='bbox 1021 2632 1051 2673; x_wconf 75' lang='grc' dir='ltr'><em>ὦ</em></span> <span class='ocrx_word' id='word_1_296' title='bbox 1076 2635 1299 2673; x_wconf 83' lang='grc' dir='ltr'><strong><em>Μέναλκα</em></strong></span> <span class='ocrx_word' id='word_1_297' title='bbox 1319 2635 1363 2680; x_wconf 89' lang='grc' dir='ltr'><strong><em>(Β</em></strong></span> <span class='ocrx_word' id='word_1_298' title='bbox 1383 2631 1613 2680; x_wconf 84' lang='grc' dir='ltr'><strong><em>Μενάλκαι).</em></strong></span> 
     </span>
     <span class='ocr_line' id='line_1_41' title="bbox 83 2682 1615 2738; baseline -0.002 -15"><span class='ocrx_word' id='word_1_299' title='bbox 83 2687 292 2734; x_wconf 75' lang='lat' dir='ltr'><strong><em>Era&#39;phanis</em></strong></span> <span class='ocrx_word' id='word_1_300' title='bbox 317 2698 381 2722; x_wconf 88' lang='lat' dir='ltr'><strong><em>cur</em></strong></span> <span class='ocrx_word' id='word_1_301' title='bbox 406 2698 479 2723; x_wconf 84' lang='lat' dir='ltr'><strong><em>non</em></strong></span> <span class='ocrx_word' id='word_1_302' title='bbox 506 2686 556 2722; x_wconf 75' lang='lat' dir='ltr'><strong><em>sit</em></strong></span> <span class='ocrx_word' id='word_1_303' title='bbox 581 2685 793 2731; x_wconf 76' lang='lat' dir='ltr'><strong><em>recipienda</em></strong></span> <span class='ocrx_word' id='word_1_304' title='bbox 810 2684 849 2722; x_wconf 91' lang='lat' dir='ltr'><strong><em>in</em></strong></span> <span class='ocrx_word' id='word_1_305' title='bbox 868 2695 1063 2721; x_wconf 79' lang='lat' dir='ltr'><strong>numerum</strong></span> <span class='ocrx_word' id='word_1_306' title='bbox 1082 2685 1289 2731; x_wconf 79' lang='lat' dir='ltr'><strong>poetarum,</strong></span> <span class='ocrx_word' id='word_1_307' title='bbox 1314 2682 1426 2719; x_wconf 81' lang='lat' dir='ltr'><strong>facile</strong></span> <span class='ocrx_word' id='word_1_308' title='bbox 1445 2685 1615 2738; x_wconf 58' lang='lat' dir='ltr'><strong><em>apparet.</em></strong></span> 
     </span>
     <span class='ocr_line' id='line_1_42' title="bbox 179 2726 1614 2781; baseline -0.003 -10"><span class='ocrx_word' id='word_1_309' title='bbox 179 2735 237 2771; x_wconf 87' lang='lat' dir='ltr'><strong><em>Fr.</em></strong></span> <span class='ocrx_word' id='word_1_310' title='bbox 266 2739 322 2771; x_wconf 82' lang='lat'><strong>25.</strong></span> <span class='ocrx_word' id='word_1_311' title='bbox 374 2733 581 2781; x_wconf 78' lang='lat' dir='ltr'><strong>Horapollo</strong></span> <span class='ocrx_word' id='word_1_312' title='bbox 606 2732 773 2779; x_wconf 81' lang='lat' dir='ltr'><strong>Hierogl.</strong></span> <span class='ocrx_word' id='word_1_313' title='bbox 799 2733 816 2768; x_wconf 93' lang='lat'><em>1</em></span> <span class='ocrx_word' id='word_1_314' title='bbox 841 2735 880 2768; x_wconf 88' lang='lat'><strong><em>8:</em></strong></span> <span class='ocrx_word' id='word_1_315' title='bbox 914 2733 990 2778; x_wconf 86' lang='grc' dir='ltr'><strong><em>Τῆς</em></strong></span> <span class='ocrx_word' id='word_1_316' title='bbox 1014 2729 1057 2768; x_wconf 67' lang='grc' dir='ltr'><strong><em>δὲ</em></strong></span> <span class='ocrx_word' id='word_1_317' title='bbox 1084 2728 1258 2776; x_wconf 78' lang='grc' dir='ltr'><strong><em>τοιαύτης</em></strong></span> <span class='ocrx_word' id='word_1_318' title='bbox 1283 2726 1411 2766; x_wconf 75' lang='grc' dir='ltr'><strong><em>αὐτῶν</em></strong></span> <span class='ocrx_word' id='word_1_319' title='bbox 1437 2731 1525 2776; x_wconf 87' lang='grc' dir='ltr'><strong><em>(των</em></strong></span> <span class='ocrx_word' id='word_1_320' title='bbox 1550 2743 1614 2767; x_wconf 78' lang='grc' dir='ltr'><strong><em>κο·</em></strong></span> 
     </span>
     <span class='ocr_line' id='line_1_43' title="bbox 85 2775 1613 2828; baseline -0.003 -10"><span class='ocrx_word' id='word_1_321' title='bbox 85 2783 230 2828; x_wconf 86' lang='grc' dir='ltr'><strong><em>ρωνῶν)</em></strong></span> <span class='ocrx_word' id='word_1_322' title='bbox 255 2779 434 2828; x_wconf 82' lang='grc' dir='ltr'><strong><em>ὁμονοίας</em></strong></span> <span class='ocrx_word' id='word_1_323' title='bbox 459 2779 570 2827; x_wconf 77' lang='grc' dir='ltr'><strong><em>χάριν</em></strong></span> <span class='ocrx_word' id='word_1_324' title='bbox 595 2778 704 2827; x_wconf 76' lang='grc' dir='ltr'><strong><em>μέχρι</em></strong></span> <span class='ocrx_word' id='word_1_325' title='bbox 727 2780 799 2816; x_wconf 82' lang='grc' dir='ltr'><strong><em>νῦν</em></strong></span> <span class='ocrx_word' id='word_1_326' title='bbox 825 2778 865 2816; x_wconf 80' lang='grc' dir='ltr'><strong><em>οἷ</em></strong></span> <span class='ocrx_word' id='word_1_327' title='bbox 890 2775 1069 2825; x_wconf 84' lang='grc' dir='ltr'><strong><em>Ἕλληνες</em></strong></span> <span class='ocrx_word' id='word_1_328' title='bbox 1094 2776 1136 2815; x_wconf 75' lang='grc' dir='ltr'><strong><em>ἐν</em></strong></span> <span class='ocrx_word' id='word_1_329' title='bbox 1162 2783 1238 2820; x_wconf 78' lang='grc' dir='ltr'><strong><em>τοῖς</em></strong></span> <span class='ocrx_word' id='word_1_330' title='bbox 1262 2775 1398 2824; x_wconf 85' lang='grc' dir='ltr'><strong><em>γάμοις</em></strong></span> <span class='ocrx_word' id='word_1_331' title='bbox 1427 2775 1478 2815; x_wconf 77' lang='grc' dir='ltr'><strong><em>ἐκ</em></strong></span> <span class='ocrx_word' id='word_1_332' title='bbox 1510 2777 1613 2823; x_wconf 75' lang='grc' dir='ltr'><strong><em>κορὶ</em></strong></span> 
     </span>
     <span class='ocr_line' id='line_1_44' title="bbox 84 2823 1613 2876; baseline -0.003 -11"><span class='ocrx_word' id='word_1_333' title='bbox 84 2829 188 2876; x_wconf 72' lang='grc' dir='ltr'><strong><em>κορὶ</em></strong></span> <span class='ocrx_word' id='word_1_334' title='bbox 212 2842 392 2875; x_wconf 79' lang='grc' dir='ltr'><strong><em>κορωνη</em></strong></span> <span class='ocrx_word' id='word_1_335' title='bbox 418 2829 486 2874; x_wconf 76' lang='lat' dir='ltr'><strong>(sic</strong></span> <span class='ocrx_word' id='word_1_336' title='bbox 506 2828 586 2865; x_wconf 90' lang='lat' dir='ltr'><strong>cod.</strong></span> <span class='ocrx_word' id='word_1_337' title='bbox 599 2827 682 2864; x_wconf 84' lang='lat' dir='ltr'><strong>Par.</strong></span> <span class='ocrx_word' id='word_1_338' title='bbox 698 2826 738 2872; x_wconf 79' lang='lat' dir='ltr'><strong><em>C,</em></strong></span> <span class='ocrx_word' id='word_1_339' title='bbox 762 2827 809 2863; x_wconf 83' lang='lat' dir='ltr'><strong><em>cf.</em></strong></span> <span class='ocrx_word' id='word_1_340' title='bbox 829 2826 935 2863; x_wconf 86' lang='lat' dir='ltr'><strong>codd.</strong></span> <span class='ocrx_word' id='word_1_341' title='bbox 951 2838 1009 2873; x_wconf 83' lang='lat' dir='ltr'><strong>ap.</strong></span> <span class='ocrx_word' id='word_1_342' title='bbox 1025 2825 1178 2862; x_wconf 78' lang='lat' dir='ltr'><strong>Bachm.</strong></span> <span class='ocrx_word' id='word_1_343' title='bbox 1191 2825 1259 2861; x_wconf 85' lang='lat' dir='ltr'><strong>An.</strong></span> <span class='ocrx_word' id='word_1_344' title='bbox 1274 2825 1310 2861; x_wconf 92' lang='lat'><strong><em>11</em></strong></span> <span class='ocrx_word' id='word_1_345' title='bbox 1331 2826 1415 2871; x_wconf 75' lang='lat'>407)</span> <span class='ocrx_word' id='word_1_346' title='bbox 1439 2823 1613 2871; x_wconf 75' lang='grc' dir='ltr'><strong><em>λέγωσιν</em></strong></span> 
     </span>
     <span class='ocr_line' id='line_1_45' title="bbox 84 2870 1612 2923; baseline -0.002 -11"><span class='ocrx_word' id='word_1_347' title='bbox 84 2873 328 2923; x_wconf 76' lang='grc' dir='ltr'><strong><em>ἀγνοοῦντες.</em></strong></span> <span class='ocrx_word' id='word_1_348' title='bbox 356 2877 419 2912; x_wconf 86' lang='lat' dir='ltr'><strong><em>sed</em></strong></span> <span class='ocrx_word' id='word_1_349' title='bbox 441 2876 523 2913; x_wconf 90' lang='lat' dir='ltr'><strong>cod.</strong></span> <span class='ocrx_word' id='word_1_350' title='bbox 543 2877 638 2922; x_wconf 82' lang='lat' dir='ltr'><strong>Aug.</strong></span> <span class='ocrx_word' id='word_1_351' title='bbox 665 2876 704 2911; x_wconf 79' lang='lat' dir='ltr'><strong><em>et</em></strong></span> <span class='ocrx_word' id='word_1_352' title='bbox 728 2873 811 2911; x_wconf 85' lang='lat' dir='ltr'><strong>edd.</strong></span> <span class='ocrx_word' id='word_1_353' title='bbox 837 2871 965 2920; x_wconf 75' lang='grc' dir='ltr'><strong><em>ἐκκορὶ</em></strong></span> <span class='ocrx_word' id='word_1_354' title='bbox 989 2872 1073 2921; x_wconf 73' lang='grc' dir='ltr'><strong><em>κορὶ</em></strong></span> <span class='ocrx_word' id='word_1_355' title='bbox 1098 2870 1281 2920; x_wconf 73' lang='grc' dir='ltr'><strong><em>κορώνην,</em></strong></span> <span class='ocrx_word' id='word_1_356' title='bbox 1307 2871 1413 2910; x_wconf 85' lang='lat' dir='ltr'><strong>codd.</strong></span> <span class='ocrx_word' id='word_1_357' title='bbox 1439 2872 1522 2909; x_wconf 82' lang='lat' dir='ltr'><strong>Par.</strong></span> <span class='ocrx_word' id='word_1_358' title='bbox 1549 2873 1612 2910; x_wconf 74' lang='lat' dir='ltr'><strong><em>AB</em></strong></span> 
     </span>
    </p>
   </div>
  </div>
 </body>
</html>
