1864 3126
0 0 137 245 Γ
774 154 1048 191 SlMONlDES.
1599 154 1652 195 4⁴
1661 152 1689 195 3

142 269 212 321 qui
242 269 384 309 ceteris
424 268 547 308 fuerit
584 269 781 319 exemplo,
825 268 938 307 cuius
977 268 1150 318 plurima
1188 267 1419 318 posteritati
1463 268 1686 318 propagata

142 334 224 374 sint
267 334 567 385 epigrammata.
638 333 775 374 Nihilo
820 333 948 373 secius
994 333 1155 382 Kaihel,
1200 334 1269 384 qui
1313 334 1502 383 pleraque
1546 332 1680 372 omnia

142 399 338 439 Simonidi
377 398 595 448 abiudicat‚
639 399 840 449 permulta
882 398 1038 438 novicia
1076 412 1162 438 esse
1200 399 1422 449 contendit,
1469 399 1543 438 hac
1586 398 1680 437 insi-

142 466 258 517 gnita
289 465 430 504 fraude
462 467 543 504 tam
585 467 758 513 veteres,
797 477 917 516 quam
956 466 1115 503 nostros
1156 464 1334 503 homines
1373 464 1561 515 deceptos
1593 476 1681 503 esse

142 531 340 594 opinatur.

896 648 934 691 6.

264 747 479 787 Simonidis
519 747 813 798 epigrammata
845 759 933 786 cum
966 747 1046 786 alia
1077 747 1185 798 apud
1222 747 1321 787 alios
1363 747 1554 798 legantur
1586 746 1678 786 scri-

141 814 299 864 ptores,
343 813 391 852 de
434 813 598 852 testium
647 812 724 852 fide
761 813 980 863 prudenter
1017 813 1273 852 iudicandum
1312 815 1392 852 est:
1433 812 1681 851 incommode

140 882 275 918 autem
303 878 457 928 accidit,
484 879 529 917 ut
554 877 800 929 antiquiores
827 878 911 917 fere
931 891 1010 918 nou
1036 878 1212 918 indicent
1238 879 1454 929 scriptores
1481 878 1677 929 epigram-

141 947 312 995 matum,
354 943 438 983 sive
470 944 576 994 quod
617 943 716 983 talia
747 943 878 983 minus
909 945 1122 995 curabant,
1161 945 1244 984 sive
1276 944 1382 995 quod
1413 945 1508 982 tunc
1539 946 1682 994 poetae

141 1022 286 1048 nomen
311 1009 495 1048 omnibus
521 1009 597 1049 fuit
622 1011 775 1048 notum.
824 1009 968 1060 Itaque
989 1010 1204 1050 Simonidis
1229 1022 1374 1048 nomen
1400 1021 1518 1060 saepe
1537 1008 1682 1049 novicii

140 1074 308 1114 alicuius
340 1075 594 1125 grammatici
634 1075 863 1114 testimonio
893 1076 1117 1127 munitum,
1158 1087 1402 1127 quamquam
1434 1075 1683 1126 epigramma

138 1140 346 1191 antiquum
385 1152 472 1180 esse
511 1143 552 1180 et
587 1141 740 1180 fraudis
779 1141 1003 1192 suspicione
1047 1154 1190 1181 vacare
1235 1142 1458 1191 locupletes
1497 1144 1680 1180 auctores

138 1205 334 1245 evincant.
406 1205 499 1245 Alia
537 1206 706 1257 denique
744 1207 863 1258 plane
901 1203 1155 1261 ἀνεπίγραφα
1198 1207 1351 1246 tradita
1401 1207 1475 1246 hoc
1519 1207 1681 1246 demum

140 1271 299 1311 saeculo
331 1271 458 1311 critici
491 1269 686 1312 Simonidi
719 1272 918 1312 vindicare
958 1273 1090 1313 conati
1129 1274 1222 1312 sunt
1260 1272 1497 1312 coniecturis
1530 1273 1595 1312 usi
1626 1272 1683 1311 in-

139 1337 277 1387 certis3
322 1338 411 1388 quis
451 1338 555 1377 enim
593 1338 635 1376 in
674 1338 930 1378 coniectando
968 1338 1018 1377 ab
1066 1338 1174 1377 omni
1218 1351 1352 1377 errore
1398 1337 1474 1377 sibi
1512 1338 1681 1377 caveat?

141 1403 340 1453 Apertum
378 1403 506 1454 igitur
544 1406 623 1455 est,
662 1417 763 1454 quae
796 1406 1027 1454 quantaque
1058 1403 1269 1442 dubitandi
1301 1403 1354 1442 sit
1385 1403 1573 1452 materia,
1612 1403 1683 1442 sed

140 1468 207 1518 qui
234 1480 362 1518 nuper
387 1468 464 1508 huc
489 1469 666 1508 animum
693 1469 1014 1519 applicaverunt,
1047 1469 1305 1508 difficillimae
1332 1469 1575 1519 quaestionis
1602 1482 1683 1508 mo-

139 1533 299 1573 lestiam
333 1533 478 1572 mirum
509 1535 551 1573 in
582 1535 744 1574 modum
776 1537 993 1583 auxerunt,
1033 1535 1138 1586 quod
1171 1535 1292 1574 etiam
1323 1547 1425 1585 quae
1451 1537 1562 1574 certa
1588 1537 1682 1574 sunt

139 1598 181 1637 in
198 1599 396 1638 incertum
415 1601 616 1650 revocant,
643 1600 777 1639 omnia
796 1600 936 1649 moliti,
966 1602 1011 1639 ut
1035 1602 1196 1651 poetam
1218 1599 1341 1640 Ceum
1362 1600 1410 1640 de
1430 1600 1682 1650 possessione

143 1664 262 1715 plane
293 1664 492 1705 deiiciant.

257 1730 345 1782 Ego
385 1730 580 1771 Simonidi
618 1731 813 1782 adscripsi
851 1730 1070 1782 'praeeunte
1102 1731 1400 1772 Schneidewino
1434 1733 1682 1784 epigramma

138 1796 358 1846 quadrigae
389 1797 431 1835 in
456 1809 547 1837 arce
572 1797 824 1836 Athenarum
851 1797 1133 1854 subscriptum,
1169 1792 1250 1848 (ep.
1274 1793 1390 1850 132),
1422 1798 1527 1849 qnod
1553 1799 1679 1839 Hero-

138 1860 256 1900 dotus
276 1861 422 1912 aliique
448 1865 589 1912 poetae
614 1862 774 1902 nomine
799 1875 878 1903 non
904 1863 1040 1903 addito
1067 1866 1347 1903 servaverunt:
1374 1877 1503 1915 neque
1529 1866 1680 1905 temere

138 1927 208 1972 aut
239 1926 531 1967 inconsiderate
571 1928 644 1967 hoc
684 1928 892 1978 proposui,
935 1931 1005 1970 sed
1035 1931 1169 1969 motus
1201 1930 1441 1969 auctoritate
1474 1930 1679 1981 Aristidis,

82 2014 85 2017 >
138 1991 207 2041 qui
231 1991 332 2031 illud
357 1993 607 2044 epigramma
631 2005 712 2032 una
737 2005 827 2032 cum
853 1994 942 2034 aliis
969 1994 1209 2035 Simonideis
1235 1995 1412 2035 adhibet.
1462 1995 1548 2035 Hoc
1573 1999 1681 2036 recte

136 2056 288 2096 factum
337 2060 460 2110 negat
502 2058 727 2105 Kirchhoff,
778 2059 846 2110 qui
896 2060 1118 2112 contendit,
1169 2060 1390 2100 Aristidem
1436 2061 1570 2111 potius
1614 2062 1680 2100 ad-

135 2123 290 2161 versari
316 2122 407 2162 huic
435 2118 674 2178 opinioni.*)
745 2124 886 2176 Neque
917 2126 966 2166 de
997 2126 1071 2166 hoc
1103 2126 1188 2166 solo
1214 2126 1506 2177 epigrammate
1532 2128 1679 2178 agitur,

141 2187 210 2226 sed
242 2188 290 2227 de
323 2189 524 2240 omnibus,
563 2202 665 2240 quae
698 2190 836 2231 eodem
866 2193 954 2231 loco
986 2192 1195 2242 leguntur:
1236 2203 1329 2230 nam
1367 2192 1447 2231 iam
1479 2191 1549 2230 alii
1581 2192 1678 2232 haec

139 2265 295 2303 quoque
339 2253 379 2292 in
424 2254 690 2304 suspicionem
730 2256 998 2308 adduxerunt,
1043 2256 1181 2297 confisi
1220 2257 1288 2306 iis,
1332 2269 1433 2307 quae
1472 2256 1684 2296 Kirchhoff

140 2318 321 2368 protulit.

259 2383 458 2423 Aristides
477 2383 519 2423 in
544 2385 722 2425 oratione
748 2385 888 2438 XLIX,
921 2400 1022 2438 quae
1047 2386 1135 2439 περὶ
1159 2389 1229 2427 τοῦ
1254 2386 1591 2442 παραφθέγματος
1622 2390 1678 2429 in-

141 2449 345 2501 scribitur,
378 2461 446 2488 sex
477 2449 770 2500 epigrammata
801 2452 983 2501 adhibet,
1016 2453 1160 2503 quibus
1195 2453 1334 2493 laudes
1359 2453 1691 2506 Atheniensium„

238 2587 273 2631 *)
299 2587 340 2622 In
368 2587 472 2623 Actis
498 2589 647 2623 menstr.
675 2588 739 2624 Ac.
767 2588 888 2625 Berol.
920 2593 1009 2626 1869
1035 2602 1070 2636 p.
1098 2594 1184 2626 411:
1225 2590 1289 2636 „ln
1316 2591 1386 2627 den
1411 2591 1678 2638 Sammlungen

142 2633 235 2669 wird
267 2634 334 2670 das
361 2634 579 2681 Epigrnmm
612 2635 849 2680 gewehnlioh
883 2636 967 2673 dem
994 2637 1203 2673 Simonides
1236 2638 1542 2682 zugeschriebem
1577 2639 1680 2685 fragt

142 2692 241 2727 man,
268 2682 336 2718 anf
351 2683 493 2718 welche
515 2682 704 2719 Autoritilt
729 2682 807 2727 hin,
833 2695 873 2719 so
894 2685 985 2720 wird
1006 2696 1092 2720 man
1112 2685 1179 2720 auf
1195 2685 1254 2721 die
1275 2685 1391 2721 Stelle
1412 2686 1476 2722 des
1495 2686 1679 2724 Aristides

140 2729 359 2765 verwiesen:
396 2729 495 2767 sieht
521 2742 607 2766 man
635 2730 696 2766 bei
721 2730 860 2767 diesem
887 2733 1003 2776 nach,
1029 2744 1070 2768 so
1095 2731 1194 2768 sieht
1219 2744 1321 2777 man,
1349 2733 1435 2768 dass
1460 2734 1520 2769 die
1546 2734 1677 2771 Worte

141 2777 337 2813 desselben
363 2778 438 2813 und
463 2777 530 2813 der
555 2778 895 2824 Zusammenhang‚
927 2778 965 2815 in
997 2779 1082 2815 dem
1114 2779 1164 2815 sie
1198 2780 1348 2824 stehen,
1387 2781 1493 2817 nicht
1518 2782 1589 2818 den
1615 2793 1677 2830 ge·

143 2823 309 2870 ringstcn
336 2825 478 2860 Anhalt
503 2826 562 2860 fiir
586 2825 668 2861 eine
689 2826 814 2860 solche
834 2825 1096 2873 Behauptung,
1122 2827 1219 2862 wohl
1247 2828 1337 2863 aber
1361 2828 1420 2863 fiir
1445 2828 1513 2865 das
1539 2831 1676 2876 gerade

141 2871 365 2954 Gggelntheil
383 2872 548 2955 kbieten,
589 2884 721 2910 wovon
752 2874 831 2909 sich
864 2886 908 2909 zu
934 2874 1164 2921 fiberzeugen
1197 2875 1257 2911 ich
1285 2877 1431 2922 getrost
1454 2877 1538 2912 dem
1564 2878 1678 2915 Leser

140 2922 165 2953 fi
193 2929 232 2954 er
249 2930 357 2956 assen
408 2923 517 2955 aun.‘·
