1864 3126
219 125 303 167 142
719 104 722 107 ³
783 124 971 162 ΡΟΕΤΑΕ
996 127 1174 164 Mamor

215 240 357 287 poetae
408 240 446 276 ct
490 238 740 287 grammatici
782 238 1041 278 Alexandrini
1083 242 1288 290 tamquam
1327 241 1652 281 venustissimum
1695 243 1737 280 et

216 303 397 341 omnibus
429 303 605 341 numeris
631 303 859 341 absolutum
885 304 1100 354 praeclaris
1126 305 1310 345 laudibus
1336 307 1575 356 extulerunt,
1600 318 1734 356 quam-

216 381 335 417 quam
367 368 539 415 fuerunt,
573 367 640 418 qui
671 368 743 407 hoc
775 381 932 407 carmen
963 369 1140 418 poetriae
1171 370 1463 420 abiudicarent,
1495 371 1586 409 vide
1616 371 1664 410 fr.
1699 374 1735 410 1.

216 431 410 477 Quoniam
441 433 607 471 heroicis
640 432 821 472 versibus
861 435 950 471 erat
986 434 1203 485 conditum,
1245 435 1386 474 Suidas
1424 435 1615 474 Erinnam
1645 433 1735 475 ἕπο-
1785 467 1788 469 .

214 493 332 536 ποιὸν
356 499 545 548 appellat,
579 498 648 537 sed
679 499 923 547 poematium
947 498 1048 537 illud
1073 512 1097 538 a
1121 500 1270 550 lyricae
1295 501 1426 550 poesis
1452 501 1603 540 virtute
1629 501 1736 539 haud

214 563 351 611 procul
383 563 560 602 abfuisse
592 565 900 603 consentaneum
926 566 998 602 est.
1059 565 1273 604 Praeterea
1310 566 1462 604 Erinna
1499 567 1619 605 etiam
1657 566 1735 616 epi-

214 605 441 677 grammaaea
484 629 722 679 composuit,
762 641 861 678 quae
898 628 1100 679 Meleager
1136 631 1178 667 in
1215 643 1328 668 suam
1366 643 1549 670 coronam
1582 630 1736 680 recepit
1747 639 1816 671 926

212 687 290 745 (IV
324 696 360 743 1,
395 689 486 746 12);
518 694 610 732 hinc
646 694 726 732 tria
757 694 982 733 etiamnunc
1017 696 1060 733 in
1090 694 1334 745 Anthologia
1363 695 1549 734 Palatina
1586 696 1734 735 extant.

214 757 462 808 Quamquam
495 761 630 798 autem
667 759 1001 808 epigrammatum
1039 761 1308 810 antiquiorum
1345 762 1526 799 auctores
1563 762 1734 810 plerum-

213 836 288 872 que
328 823 486 873 incerti,
531 824 608 863 duo
653 827 788 862 tamen
831 824 938 863 haud
979 825 1097 863 dubie
1136 825 1310 863 Erinnae
1356 828 1468 864 sunt:
1513 839 1605 864 nam
1647 827 1736 876 ipsa

215 901 360 927 nomen
392 903 507 928 suum
538 889 719 939 professa
751 891 812 928 est
836 890 878 928 in
904 891 1073 929 secundo
1100 891 1387 941 epigrammate
1414 886 1472 944 (5,
1497 905 1533 930 v.
1562 886 1620 944 8),
1645 904 1734 930 cum

212 954 286 993 hoc
317 955 452 993 autem
484 954 768 1005 epigrammate
807 954 1032 994 arctissima
1067 956 1304 995 necessitate
1344 958 1406 995 est
1442 957 1607 995 tertium
1644 968 1733 995 con-

211 1019 390 1057 iunctum
423 1014 499 1072 (6).
561 1019 647 1058 Iam
678 1020 865 1069 quoniam
897 1021 994 1059 haec
1033 1021 1324 1072 epigrammata
1355 1021 1535 1071 quamvis
1567 1023 1736 1061 venusta

211 1086 347 1123 tamen
377 1085 427 1122 ab
459 1085 712 1134 antiquitatis
745 1085 1003 1135 simplicitate
1035 1086 1284 1136 aliquantum
1322 1085 1506 1124 recedere
1537 1086 1735 1136 videntur,

211 1149 383 1188 fortasse
423 1149 566 1200 aliquis
605 1150 823 1199 existimet,
862 1150 991 1189 colum
1027 1151 1206 1200 maioris,
1245 1151 1534 1201 epigrammata
1570 1151 1736 1189 minoris

213 1214 386 1252 Erinnae
417 1227 521 1253 esse:
554 1228 693 1254 verum
724 1216 825 1254 hanc
862 1216 1129 1255 coniecturam
1161 1216 1258 1255 satis
1297 1229 1493 1266 superque
1530 1215 1736 1266 redarguit

213 1279 296 1319 sive
327 1279 526 1337 Leonidae
558 1280 641 1319 sive
672 1280 865 1330 Meleagri
897 1282 1114 1320 auctoritas
1145 1282 1267 1322 Anth.
1299 1281 1382 1321 Pal.
1414 1281 1493 1320 VII
1526 1283 1598 1321 13:

391 1388 652 1445 Παρθενικὴν
683 1388 867 1432 νεαοιδὸν
898 1392 941 1433 ἐν
970 1388 1228 1445 ὖμνοπόλοισι
1259 1391 1442 1445 μέλισσαν

438 1454 655 1510 ’Ἠρινναν,
687 1459 871 1497 Μουσῶν
901 1455 1031 1497 ἄνθεα
1061 1456 1343 1511 δρεπτομὲναν,

377 1519 517 1570 ’Ἅιδας
548 1522 603 1570 εἰς
634 1517 822 1574 ὑμέναιον
852 1518 1093 1575 ἆνᾶρπασεν·
1125 1516 1150 1575 ἦ
1183 1523 1233 1575 ῥα
1261 1519 1344 1563 τόδ’
1379 1522 1541 1575 ἔμφρων

449 1583 526 1627 εἶπ’
561 1584 708 1639 ἐτύμως
739 1583 764 1626 ἆ
795 1592 904 1636 παῖς·
936 1585 1162 1641 »βάσκανος
1193 1585 1272 1628 ἓ’σσ’
1301 1585 1452 1628 Ἀΐδαίῖ

212 1695 343 1744 Igitur
373 1695 445 1733 illa
475 1695 600 1745 virgo,
631 1707 732 1744 quae
765 1707 961 1734 summam
991 1696 1166 1735 musicae
1197 1696 1296 1745 artis
1333 1696 1492 1735 laudem
1524 1699 1735 1736 consecuta

211 1762 468 1810 praematura
499 1762 628 1799 morte
660 1760 836 1799 extincta
867 1763 937 1808 est,
970 1761 1090 1799 etiam
1122 1761 1414 1811 epigrammata
1438 1762 1516 1801 ista
1541 1761 1734 1800 condidit:

210 1837 303 1864 nam
333 1826 551 1865 novissima
581 1826 706 1865 verba
744 1825 980 1875 deprompta
1017 1827 1111 1865 sunt
1148 1839 1195 1864 ex
1225 1827 1349 1876 epigr.
1383 1827 1420 1875 6,
1453 1827 1489 1866 3.
1553 1826 1734 1876 Sapphus

211 1890 322 1928 illam
354 1891 521 1929 amicam
553 1891 594 1928 et
625 1891 833 1940 aequalem
863 1891 988 1930 fuisse
1018 1891 1199 1938 tradunt,
1233 1891 1303 1929 sed
1334 1893 1442 1929 certe
1473 1891 1645 1930 Erinnae
1676 1903 1736 1929 re·

148 1955 151 1958 ’
211 1955 357 2005 liquiae
395 1969 497 2006 quae
539 1957 754 2005 supersunt
794 1955 900 1993 haud
941 1968 1139 2005 quaquam
1179 1955 1356 2004 produnt
1399 1956 1600 2006 singulare
1641 1955 1735 2005 Sap-

211 2021 351 2069 phicae
389 2020 520 2070 poesis
559 2020 751 2059 studium:
789 2033 915 2069 neque
952 2021 1120 2068 aeolico,
1157 2019 1231 2058 sed·
1263 2019 1395 2059 dorico
1439 2032 1620 2059 sermone
1662 2032 1735 2058 usa

212 2086 274 2123 est
312 2086 463 2124 Erinna
513 2082 747 2138 (secundum
793 2084 954 2123 Suidam
1001 2085 1110 2123 colus
1155 2084 1234 2122 fuit
1271 2083 1422 2148 ποίῃμα
1461 2083 1627 2138 Αἰολικῇ
1669 2083 1734 2123 καὶ

210 2150 362 2202 Δωρίδι
393 2146 611 2205 διαλέκτῳ),
641 2150 778 2199 itaque
809 2162 889 2188 non
919 2152 982 2188 est
1012 2148 1226 2189 verisimile
1258 2160 1345 2187 eam
1377 2149 1418 2187 in
1448 2149 1580 2187 insula
1604 2149 1733 2189 Lesbo

210 2217 348 2254 natam
385 2227 488 2254 esse:
531 2228 624 2254 nam
667 2216 716 2253 de
759 2215 891 2264 patria
934 2227 1090 2264 quoque
1125 2214 1231 2252 inter
1262 2215 1419 2253 veteres
1450 2214 1732 2264 grammaticos
1757 2248 1770 2250 -

211 2281 289 2319 fuit
319 2280 368 2319 lis
401 2275 511 2333 (vide
541 2275 682 2332 infra):
714 2279 782 2330 qui
812 2280 999 2319 Lesbiam
1030 2280 1184 2330 dicunt,
1215 2279 1403 2318 videntur
1434 2280 1508 2318 hoc
1544 2279 1733 2318 hariolati

213 2358 316 2394 esse,
355 2346 542 2395 quoniam
581 2344 955 2384 animadvertebant
986 2345 1176 2384 Erinnam
1211 2346 1374 2395 propter
1411 2344 1630 2383 carminum
1666 2357 1731 2384 ve-

210 2412 414 2450 nustatem
451 2423 540 2449 cum
581 2410 791 2460 Sapphone
830 2411 1021 2461 componi.
1083 2411 1143 2449 Ac
1185 2411 1396 2459 propterea
1439 2409 1590 2447 Erinna
1627 2409 1732 2447 haud

212 2475 330 2514 dubie
368 2475 489 2514 etiam
527 2487 675 2525 suppar
712 2478 844 2514 aetate
884 2476 1126 2516 clarissimae
1168 2471 1346 2524 poetriae
1388 2473 1475 2513 visa
1518 2475 1596 2512 est:
1638 2485 1731 2512 nam

213 2541 504 2590 epigrammata
534 2541 694 2591 quidem
724 2541 915 2591 Erinnae,
953 2553 1055 2591 quae
1095 2541 1326 2588 supersunt,
1368 2539 1602 2588 argumento
1640 2541 1734 2577 sunt

212 2605 363 2654 opinor,
395 2606 468 2644 has
498 2605 672 2655 poetrias
705 2606 923 2645 multorum
954 2618 1147 2644 annorum
1178 2604 1308 2653 spatio
1340 2603 1487 2643 divisas
1519 2615 1624 2641 esse:
1663 2604 1731 2641 sed

212 2670 276 2709 cui
306 2671 430 2709 aetati
461 2670 723 2709 adscribenda
754 2671 817 2720 sit,
849 2683 929 2709 non
958 2670 1102 2719 liquet:
1133 2681 1227 2707 nam
1258 2668 1394 2718 Plinii,
1426 2667 1494 2717 qui
1524 2667 1730 2718 Myronem

212 2735 405 2774 artificem
431 2736 481 2774 ab
501 2736 652 2775 Erinna
676 2736 924 2774 nominatum
949 2748 1035 2775 esse
1060 2736 1244 2782 testatur,
1263 2733 1495 2772 manifestus
1521 2734 1584 2772 est
1609 2746 1731 2781 error,
1755 2769 1760 2773 .

211 2802 302 2840 vide
331 2802 447 2852 infra,
478 2801 659 2851 quamvis
691 2802 826 2850 statua
855 2801 1031 2850 poetriae
1063 2812 1087 2837 a
1116 2799 1305 2848 Naucyde
1344 2797 1450 2836 facta
1487 2810 1575 2835 cum
1614 2797 1731 2836 Plinii

213 2866 345 2905 verbis
377 2867 474 2905 satis
505 2866 715 2905 convenire
746 2866 940 2905 videatur.
