1864 3126
228 143 317 184 212
535 187 537 191 ,
794 145 985 181 ΡΟΕΤΑΕ
1011 145 1190 182 MELICI.

648 288 999 331 IX.1A10T
1042 287 1334 332 ΠΕΡΣΙΣ

876 383 1115 437 *18.[24]

288 476 836 498 -Lvu-uu—-Luu
860 482 1072 499 -----
1096 477 1311 500 rou-2

277 544 497 603 ’Ώικτειρε
527 545 609 603 γὰρ
641 545 780 590 αὐτὸν
816 544 941 603 ὕδωρ
980 547 1066 591 αἰεὶ
1104 548 1325 604 φορέοντα
1358 547 1470 601 Διὸς
1506 548 1648 608 κούρα
1678 553 1752 607 βα-

1082 621 1294 663 σιλεῦσιν.

893 744 1096 798 19.[28]

349 831 516 869 Pausan.
549 831 584 868 X
618 832 683 878 27,
718 833 760 869 2:
800 830 875 877 Εἰς
906 827 949 868 δὲ
973 825 1152 882 Ἑκάβην
1181 822 1432 882 Στησίχορος
1451 830 1494 870 ἐν
1520 827 1638 872 Ἰλίου
1658 831 1756 884 ,πέρ-

231 896 310 935 σιδι
342 894 534 946 ἐποίησεν,
567 891 607 942 ἐς
638 895 798 935 Λυκίαν
827 891 905 935 ὑπὸ
933 891 1177 942 ’Λπόλλωνος
1207 891 1333 946 αὐτὴν
1362 898 1612 948 κομισθῆναι.

327 1045 389 1080 ΙΧ.
422 1046 566 1080 ΙΛΙΟΤ
589 1046 791 1079 ΠΕΡΣΙΣ.
842 1045 922 1080 Hoc
954 1056 1103 1080 carmen
1134 1043 1286 1089 respicit
1315 1044 1386 1079 Dio
1399 1044 1606 1102 NChrysost
1635 1045 1695 1080 Or.
1722 1045 1756 1080 II

233 1097 298 1128 33:
323 1089 554 1137 Στησιχόρου
581 1090 623 1127 δὲ
651 1091 715 1126 καὶ
739 1089 935 1148 Πινδάρου
963 1089 1195 1150 ἐπεμνήσθη,
1221 1092 1288 1126 τοῦ
1308 1091 1378 1136 μὲν
1398 1087 1454 1127 ότι
1463 1089 1632 1150 ’,μιμητὴς
1646 1089 1757 1138 Ομή-

233 1153 299 1185 ρου
325 1139 509 1184 γενέσθαι
534 1140 646 1174 δοκεῖ
663 1139 728 1174 καὶ
747 1136 815 1183 τὴν
836 1135 973 1174 ἅλωσιν
993 1137 1062 1174 οὐκ
1082 1137 1245 1181 ἀναξίως
1265 1136 1416 1184 ἐποίησε
1436 1140 1502 1184 τῆς
1523 1140 1660 1184 Τροίας
1679 1142 1752 1176 κτλ..

233 1208 277 1213 -
305 1186 373 1230 Qui
399 1187 568 1222 tabulam
593 1186 747 1222 Iliacam
773 1186 944 1230 confecit,
969 1187 1009 1222 in
1034 1186 1166 1222 Troiae
1192 1186 1335 1221 excidio
1361 1198 1400 1221 se
1427 1185 1679 1222 Stesichorum
1703 1198 1757 1223 se-

234 1235 360 1270 cutum
387 1245 466 1269 esse
491 1233 701 1279 profitetur:
729 1235 874 1269 IAIOY
896 1235 1091 1269 ΠΕΡΣΙΣ
1114 1236 1243 1268 ΚΑΤΑ
1262 1235 1612 1278 ΣΤΗΣΙΧΟΡΟΝ,
1638 1245 1758 1280 neque

234 1284 302 1326 est,
328 1293 393 1316 cur
416 1281 526 1316 fidem
553 1281 773 1326 abrogemus
799 1281 945 1326 artifici,
971 1281 1036 1326 qui
1056 1280 1260 1316 Stesichori
1285 1292 1399 1325 quam
1423 1281 1646 1326 cyclicorum
1670 1292 1758 1329 poe-

235 1331 357 1365 tarum
378 1327 513 1364 maluit
529 1328 691 1373 vestigia
708 1339 888 1374 premere,
907 1329 1206 1373 quandoquidem
1224 1328 1443 1364 Himeraeus
1460 1331 1574 1374 poeta
1592 1316 1757 1364 Aeneam

234 1387 279 1412 ex
305 1376 437 1411 Troiae
462 1375 632 1411 incendio
658 1378 846 1411 servatum
871 1376 1001 1411 Italiae
1027 1385 1129 1411 oram
1137 1376 1281 1432 petere
1307 1375 1413 1420 fecit,
1446 1375 1568 1410 hinc
1557 1389 1598 1411 1n
1621 1376 1754 1412 tabula

234 1425 292 1459 est
317 1422 466 1463 Αἰνείας
491 1420 561 1458 σὺν
586 1427 664 1463 τοῖς
688 1422 798 1464 ἰδίοις
823 1420 996 1466 ἀπαίρων
1021 1422 1077 1463 εἰς
1107 1420 1175 1468 τὴν
1202 1404 1421 1476 Euneon'oep’:
1453 1434 1539 1458 nam
1574 1423 1758 1459 Stesicho-

234 1483 316 1506 rum
346 1471 417 1506 hoc
449 1472 597 1506 Aeneae
627 1469 699 1506 iter
728 1470 971 1506 testificatum
1008 1481 1105 1514 esse,
1140 1470 1251 1505 fidem
1289 1470 1439 1505 omnino
1475 1470 1569 1506 facit
1604 1469 1758 1506 artificis

235 1518 429 1564 professio,
454 1517 625 1563 quamvis
650 1517 716 1553 alii
739 1520 908 1553 auctores
933 1517 1064 1553 desint.
1105 1517 1178 1552 Sed
1202 1518 1241 1552 in
1266 1517 1423 1563 singulis
1447 1518 1558 1553 rebus
1587 1529 1662 1563 qua
1686 1518 1760 1554 fide

236 1565 439 1601 Stesichori
464 1565 623 1611 vestigia
647 1566 794 1601 secutus
819 1565 868 1600 sit
892 1565 1036 1609 artifex,
1076 1576 1149 1601 non
1175 1565 1265 1600 satis
1290 1568 1347 1601 est
1377 1567 1625 1610 compertum:
1651 1564 1760 1600 licuit

236 1612 336 1648 enim
360 1612 418 1648 illi
443 1623 487 1647 ex
513 1613 596 1647 aliis
621 1612 742 1658 poetis
767 1613 903 1648 addere
930 1623 1024 1657 quae
1050 1611 1352 1658 praetermiserat
1370 1612 1537 1658 melicus,
1561 1613 1622 1651 vel
1640 1612 1758 1658 negli-

235 1671 335 1706 gere,
373 1671 468 1705 quae
507 1660 740 1695 Stesichorus
783 1661 1030 1696 enarraverat.
1087 1659 1153 1694 Vir
1198 1662 1362 1695 armatus
1399 1659 1594 1695 mulierem
1630 1659 1758 1705 gladio

236 1709 366 1753 petens
398 1718 514 1753 prope
546 1707 700 1743 Veneris
731 1707 860 1742 fanum
892 1711 934 1742 ut
963 1707 1184 1752 interpretes
1214 1707 1365 1742 tabulae
1401 1709 1538 1752 putant
1567 1707 1758 1742 Menelaus

236 1755 304 1799 est,
329 1753 535 1800 fugientem
567 1754 749 1790 Helenam
772 1756 1004 1809 persecutus,
1037 1755 1080 1789 ut
1103 1765 1243 1800 poenas
1275 1755 1437 1800 repetat:
1470 1755 1559 1790 satis
1589 1754 1646 1789 illi
1678 1754 1758 1799 qui-

236 1803 322 1837 dem
346 1802 604 1847 probabiliter,
630 1802 800 1846 quamvis
824 1802 975 1837 nomina
1000 1813 1073 1837 non
1099 1802 1174 1837 sint
1199 1802 1402 1847 adscripta:
1428 1801 1503 1837 iam
1522 1801 1560 1836 in
1580 1801 1759 1846 antiquis-

237 1850 331 1884 simo
353 1849 444 1885 artis
463 1849 726 1885 monumento
716 1862 755 1884 m
769 1849 918 1906 Cypseli
930 1861 1018 1884 arca
1029 1849 1232 1893 visebatur,
1245 1850 1288 1884 ut
1300 1850 1455 1884 Pausan.
1471 1849 1503 1883 V
1520 1852 1574 1892 18,
1589 1853 1610 1884 3
1630 1849 1759 1884 refert.

235 1894 431 1936 Μενέλαος
454 1893 618 1950 θώρακά
639 1909 677 1931 τε
706 1894 920 1937 ἐνδεδυκὼς
950 1896 1015 1931 καὶ
1048 1895 1142 1941 ἔχων
1175 1897 1283 1941 ξίφος
1310 1894 1454 1931 ἔπεισιν
1474 1893 1630 1941 Ελένην
1663 1892 1757 1932 ἀπο-

234 1948 380 1979 κτεῖναι
405 1944 500 1987 δῆλα
527 1941 575 1983 ὡς
599 1940 846 1989 ἁλισκομένης
873 1940 998 1987 Ἰλίου,
1025 1944 1137 1988 idque
1174 1944 1318 1978 facinus
1350 1943 1515 1978 narravit
1537 1942 1695 1979 Lesches
1720 1944 1759 1978 et

235 1993 367 2036 postea
384 1990 528 2035 Ibycus,
548 2002 623 2026 non
649 1990 894 2035 Stesichorus,
919 1991 983 2035 qui
1008 1991 1114 2025 finxit
1131 1990 1293 2025 Achivos
1318 1991 1473 2025 ultionis
1493 1990 1646 2035 cupidos
1665 1990 1757 2035 lapi-

235 2039 300 2073 des
325 2038 365 2073 in
390 2037 571 2073 Helenam
597 2038 791 2082 coniicere,
816 2038 888 2075 vid.
921 2040 965 2072 fr.
993 2038 1056 2072 25:
1093 2038 1204 2083 plane
1236 2039 1361 2072 autem
1391 2037 1611 2073 incredibile
1643 2037 1757 2073 Stesi-

235 2085 390 2121 chorum
420 2085 475 2120 ita
505 2084 805 2130 exaggeravisse,
835 2087 878 2119 ut
902 2085 1046 2120 Helena
1070 2084 1127 2119 bis
1158 2083 1419 2129 gravissimum
1445 2085 1642 2120 discrimen
1667 2084 1757 2120 effu-

235 2134 351 2177 geret,
375 2143 497 2177 neque
521 2131 612 2167 licet
635 2132 706 2167 hoc
730 2131 903 2185 perfugio
930 2132 1003 2175 uti,
1036 2131 1289 2184 Stesichorum
1319 2131 1482 2167 Menelai
1513 2132 1694 2167 ultionem
1717 2132 1757 2167 in

234 2179 295 2215 Ilii
321 2179 481 2224 excidio,
512 2179 738 2215 Achivorum
769 2180 862 2214 iram
892 2178 931 2214 in
956 2179 1084 2215 Nostis
1111 2178 1349 2223 enarravisse,
1380 2191 1466 2214 nam
1493 2179 1606 2215 schol.
1632 2179 1757 2225 Eurip.

237 2227 354 2262 Orest.
390 2227 487 2272 (vide
520 2227 562 2262 fr.
590 2227 650 2272 25)
682 2226 843 2262 dilucide
883 2227 1044 2262 testatur
1074 2227 1173 2261 hunc
1203 2206 1354 2272 poetani
1383 2226 1544 2262 Menelai
1575 2226 1757 2272 impetum

235 2273 386 2310 silentio
425 2273 738 2320 praetermississe
774 2285 894 2319 neque
931 2274 1096 2309 Leschae
1134 2274 1345 2319 exemplum
1381 2275 1547 2310 secutum
1585 2285 1673 2309 esse.
1713 2294 1757 2300 —

234 2320 417 2357 Dixerunt
447 2321 492 2356 de
523 2321 810 2367 necessitudine,
847 2332 942 2366 quae
975 2321 1073 2357 inter
1107 2320 1310 2357 Stesichori
1341 2332 1487 2357 carmen
1521 2322 1559 2357 et
1588 2321 1758 2356 tabulam

234 2369 388 2404 Iliacam
413 2367 634 2413 intercedat,
658 2366 835 2404 Welcker
860 2369 916 2414 Op
918 2380 993 2404 usc.
1020 2368 1036 2403 I
1064 2372 1131 2404 180
1146 2379 1221 2413 seq.
1247 2370 1286 2403 et
1309 2368 1349 2403 in
1373 2368 1507 2403 Annal.
1533 2368 1620 2404 Inst.
1645 2369 1756 2404 Arch.

233 2416 250 2450 I
276 2420 345 2451 233
359 2427 434 2461 seq.
462 2416 550 2460 (alte
577 2416 732 2451 Denkm.
759 2416 793 2450 II
821 2381 916 2452 19οΡ
902 2427 968 2461 seq
971 2418 992 2460 )
1019 2418 1057 2451 et
1082 2415 1123 2451 O.
1142 2415 1241 2451 Jahn
1261 2415 1407 2451 Griech.
1426 2415 1757 2451 Bilderchroniken

236 2467 281 2498 32
297 2475 392 2508 seq.,
425 2463 489 2508 qui
520 2463 671 2508 quidem
697 2463 877 2498 artificem
909 2463 1008 2508 quod
1039 2463 1226 2508 professus
1257 2465 1314 2498 est
1343 2462 1516 2508 religiose
1547 2463 1761 2498 exsecutum

235 2522 312 2546 esse
338 2511 500 2553 censent,
532 2510 597 2545 alii
628 2509 782 2546 seorsim
815 2511 990 2555 sentiunt,
1021 2511 1125 2546 velut
1149 2510 1307 2554 Preller‚
1331 2510 1484 2555 Nissen,
1510 2509 1643 2545 Fricke
1668 2509 1756 2556 (vid.

236 2557 431 2593 Michaelis
455 2557 495 2592 in
520 2558 645 2593 adnot.
671 2557 718 2593 ad
744 2557 865 2592 Iahnii
895 2558 1032 2593 librum
1058 2570 1092 2603 p.
1120 2560 1195 2603 38),
1227 2557 1322 2592 adde
1353 2556 1467 2598 etiam
1499 2556 1696 2592 Schreiber
1719 2557 1759 2592 in

235 2605 361 2640 Herm.
387 2605 420 2640 X
445 2608 514 2640 305
539 2616 577 2640 se

330 2653 388 2687 Fr.
416 2656 470 2688 18.
510 2617 644 2689 Athiin.
670 2652 703 2687 X
729 2652 852 2688 456F=
880 2649 1181 2698 Ἀνακομίζοντος
1212 2649 1249 2687 δ’
1284 2649 1413 2692 αυτοῖς
1442 2648 1483 2686 τὸ
1515 2646 1616 2695 υὸωρ
1652 2648 1757 2697 ὄνου,

237 2694 284 2734 ὃν
323 2696 483 2734 ἐκάλουν
518 2696 678 2742 Επειόν,
717 2697 781 2734 διὰ
818 2697 859 2734 τὸ
899 2702 1199 2759 μυθολογεῖσθαι
1236 2699 1346 2734 τοῦτο
1381 2699 1478 2756 δρᾶν
1513 2696 1662 2734 ἐκεῖνον
1693 2700 1757 2735 καὶ

233 2743 538 2803 ἀναγεγράφθαι
564 2744 605 2781 ἐν
631 2747 680 2794 τῷ
707 2747 773 2782 τοῦ
796 2743 1018 2787 ’Λπόλλωνος
1043 2745 1130 2794 ἱερῷ
1155 2744 1220 2781 τὸν
1248 2743 1418 2802 Τρωϊκὸν
1443 2746 1587 2791 μῦθον,
1613 2743 1654 2781 ἐν
1681 2741 1709 2794 ᾧ
1735 2743 1756 2782 ὃ

233 2789 385 2833 Ἐπειὸς
410 2791 623 2838 ὑδροφορεῖ
643 2798 721 2834 τοῖς
742 2790 955 2850 Ἀτρειὸαις,
992 2791 1040 2834 ὡς
1066 2783 1130 2828 κοῖὶ
1161 2790 1389 2850 Στησίχορός
1420 2805 1550 2838 φησιν·
1574 2783 1757 2838 Ὧικτειρε

239 2843 313 2920 κτλ.
365 2839 417 2876 cf.
444 2840 545 2876 Eust.
575 2845 678 2887 1323,
705 2844 760 2886 57,
786 2840 851 2876 ubi
877 2837 914 2875 δ’
942 2838 1058 2876 αὐτὸν
1084 2843 1121 2876 et
1141 2838 1233 2881 Διὸς
1256 2853 1404 2885 κουροις
1428 2840 1575 2886 legitur.
1602 2862 1646 2867 —
1672 2839 1760 2886 αἰεί,

236 2898 285 2923 vu
302 2899 349 2932 go
375 2884 446 2925 ἀεί.
