1864 3126
226 116 312 160 586
522 124 525 128 “
787 116 980 153 ΡΟΕΤΑΕ
998 116 1176 154 MELICI.

222 225 344 283 τούτῳ
376 225 492 280 ’ὅμοια
515 224 632 279 κύρια
656 224 750 268 ὄντα
773 224 874 281 πρὸς
899 227 1014 268 ἐνίων
1039 225 1087 269 οὗ
1111 233 1385 283 κατηριθμεῖτο
1410 230 1464 278 εἰς
1487 226 1534 270 τὰ
1559 227 1744 283 σύνθετα,

224 290 282 334 ’ότι
313 289 364 344 μὴ
397 292 462 332 καὶ
486 296 566 340 τοῖς
591 292 848 345 δηλουμένοις
873 292 1068 346 ἐκέχρητο·
1100 290 1182 334 ἄλλ’
1212 294 1279 335 έπί
1300 310 1343 346 γε
1367 292 1514 336 τούτων
1533 295 1744 347 ἐδείκνυτο,

227 354 279 406 ὦς
321 353 346 409 ἡ
390 355 525 411 πρώτη
570 355 755 407 σύνθεσις
798 355 1016 410 ἐπεκράτει,
1064 356 1201 408 καθὼς
1249 359 1325 413 ἔχει
1372 357 1414 401 τὸ
1463 356 1745 414 ἆρίσταρχος

224 419 424 476 (ἆρισταρχ
455 424 511 474 Α,
549 419 784 476 ἀριστάρχου
814 420 905 478 rel.)
943 421 1060 473 Ζεὺς
1096 420 1202 477 παρὰ
1240 428 1320 473 τοῖς
1355 424 1444 477 περὶ
1481 426 1742 479 Βακχυλίδην,

223 486 288 527 καὶ
319 483 391 540 οὐχ
420 483 446 540 ἡ
477 486 517 536 ἐξ
547 484 709 541 ὑστέρου
739 488 930 542 γενομένη
963 486 1179 543 συμβολικὴ
1211 487 1424 543 μετάθεσις.

882 606 950 650 53.
983 607 1087 660 [47.]

341 691 486 730 Athen.
517 691 576 730 IV
600 706 637 742 p.
661 693 744 731 174
758 692 807 731 F:
839 693 1105 745 Γιγγραΐνοισι
1134 688 1208 746 γὰρ
1237 692 1279 732 οἱ
1307 692 1506 743 Φοίνικες,
1539 689 1591 740 ὥς
1621 703 1745 745 φησιν

223 751 244 796 ὁ
274 753 467 806 Ξενοφῶν
500 751 610 810 (fori.
641 751 959 811 Ξενοφάνης),
997 756 1163 809 ἐχρῶντο
1200 753 1352 808 αὐλοῖς,
1393 758 1665 810 σπιθαμιαίοις
1699 754 1741 798 τὸ

223 819 407 873 μέγεθος,
445 817 515 869 ὀξὺ
552 820 617 861 καὶ
652 817 792 874 γοερὸν
829 821 1133 876 φθεγγομένοις·
1176 818 1327 870 τούτοις
1365 819 1408 862 δὲ
1444 821 1510 862 καὶ
1546 823 1587 863 οἱ
1614 824 1744 874 Κᾶρες

221 888 388 938 χρῶνται
419 885 462 925 ἔν
491 889 572 934 τοῖς
601 883 789 939 θρήνοις,
821 887 856 926 εἰ
884 883 937 939 μὴ
963 884 1039 939 ἄρα
1063 885 1130 926 καὶ
1154 883 1179 939 ἡ
1206 887 1337 940 Καρία
1363 888 1530 939 Φοινίκη
1562 886 1744 938 ἐκαλεῖτο,

222 946 275 999 ὦς
304 947 411 1004 παρὰ
442 952 621 1006 Κορίννῃ
652 950 718 991 καὶ
747 952 972 1007 Βακχυλίδῃ
1004 951 1106 992 ἐστὶν
1138 948 1276 1005 εὑρεῖν.

880 1068 948 1111 54.
983 1069 1088 1123 [48]

341 1153 428 1194 Sch.
461 1153 584 1194 Arisi’,
610 1155 684 1194 Av.
714 1155 844 1194 1536.
878 1150 1127 1206 Ευφρόνιος,
1159 1151 1217 1195 ότι
1242 1150 1338 1203 Διὸς
1368 1151 1552 1231 θυγάτηρ
1573 1170 1603 1233 η
1630 1156 1744 1194 Βασι-

221 1218 319 1257 λεία·
351 1217 416 1257 καὶ
448 1219 561 1258 δοκεῖ
584 1214 626 1259 τὸ
657 1215 753 1258 κατὰ
783 1215 855 1271 τὴν
886 1215 1115 1259 ἀθανασίαν
1146 1215 1244 1274 αὐτῇ
1270 1219 1502 1271 οἰκονομεῖν,
1532 1215 1554 1260 ὃ
1580 1218 1656 1271 ε’χει
1679 1218 1746 1259 καὶ

221 1280 327 1336 παρὰ
358 1284 582 1338 Βακχυλίδῃ
612 1300 638 1336 η
665 1280 838 1336 Ἀθηνᾶ,
868 1287 921 1340 τῷ
956 1285 1080 1324 Τυδεῖ
1105 1281 1287 1325 δώσουσα
1316 1281 1389 1337 τὴν
1419 1280 1654 1324 ἀθανασίαν.

878 1400 947 1443 55.
980 1401 1084 1454 [49]

341 1487 429 1527 Sch.
454 1486 568 1527 Pind.
595 1486 654 1526 Ol.
681 1487 701 1525 I
727 1489 800 1526 37:
826 1481 870 1525 ‘O
902 1484 945 1526 δὲ
976 1486 1221 1539 Βακχυλίδης
1249 1482 1318 1526 τὸν
1348 1483 1510 1545 Πέλοπα
1538 1481 1611 1538 τὴν
1634 1481 1746 1526 Ῥέαν

220 1551 320 1606 λέγει
346 1548 505 1605 ὖγιάσαι
529 1554 722 1591 καθεῖσαν
747 1547 814 1591 διὰ
844 1553 914 1592 τοῦ
943 1550 1121 1604 λέβητος,
1152 1548 1225 1603 ἀφ’
1255 1566 1303 1592 ου
1327 1549 1394 1590 καὶ
1418 1546 1531 1604 ὖγιης
1554 1545 1743 1603 ἀνεδόθη.

219 1619 290 1657 ubi
315 1618 493 1668 corrigas
519 1616 807 1670 έγκαθεῖσαν
831 1613 975 1657 πάλιν
999 1620 1058 1656 τῶ
1085 1615 1253 1670 λέβητι.
1303 1617 1431 1657 Schol.
1450 1616 1564 1656 Vrat.
1583 1616 1620 1655 A
1639 1617 1744 1667 quod

220 1691 282 1729 his
316 1690 524 1740 subiungit
552 1690 622 1729 τοῦ
652 1690 744 1741 βου·
778 1681 851 1728 οὖν
881 1685 1112 1740 ἀκουστέον,
1150 1690 1306 1728 librarii
1337 1689 1527 1728 correctio
1559 1690 1637 1737 est,
1675 1688 1743 1739 qui

219 1751 261 1794 τὸ
289 1751 470 1806 δεύτερον
500 1756 566 1794 vel
597 1753 639 1794 ἐκ
668 1756 737 1794 τοῦ
769 1752 952 1806 δευτέρου
983 1755 1208 1793 addendum
1233 1754 1403 1804 censuit,
1438 1766 1528 1792 cum
1559 1753 1654 1803 quid
1684 1766 1744 1792 re-

221 1821 397 1870 quireret
432 1821 619 1859 instituta
655 1820 870 1870 sent-entia,
907 1819 1265 1859 animadvertisset.
1331 1819 1433 1857 Hinc
1463 1820 1582 1868 poeta
1612 1818 1744 1858 nescio

221 1886 309 1936 quis
341 1898 403 1935 ap.
435 1886 498 1924 Et.
530 1886 581 1924 M.
616 1887 717 1933 279,
753 1886 805 1923 14
838 1886 1027 1935 Pelopem
1059 1885 1158 1923 dixit
1190 1882 1250 1931 δὶς
1279 1879 1492 1936 ἡβήσαντα.

878 1976 946 2018 56.
981 1974 1082 2032 [50.]
1650 1987 1739 2018 1242

342 2063 470 2102 Schol.
490 2063 537 2103 Il.
560 2078 587 2113 μ
613 2063 715 2101 292:
747 2057 952 2113 Εὐρώπην
981 2057 1053 2113 τὴν
1086 2061 1271 2109 Φοίνικος
1301 2056 1402 2108 Ζεὺς
1431 2057 1676 2112 θεασάμενος
1700 2060 1743 2101 ἕν

219 2144 295 2168 τινι
326 2129 483 2179 λειμῶνι
509 2122 601 2178 μετὰ
626 2128 815 2178 Νυμφῶν
839 2124 948 2178 ἄνθη
975 2123 1243 2179 ἆναλέγουσαν
1267 2122 1427 2178 ἠράσθη
1452 2123 1520 2165 καὶ
1543 2121 1744 2165 κατελθὼν

219 2190 384 2245 ἤλλαξεν
421 2188 561 2232 ἑαυτὸν
597 2191 652 2239 εἰς
688 2194 833 2245 ταῦρον
870 2190 935 2231 καὶ
972 2187 1049 2231 ἀπὸ
1093 2193 1162 2231 τοῦ
1206 2187 1391 2243 στόματος
1431 2186 1576 2243 κρόκον
1619 2189 1742 2231 ἔπνει.

221 2255 323 2299 οὕτω
357 2255 399 2297 δὲ
430 2253 502 2309 τὴν
532 2253 738 2309 Εὐρώπην
773 2253 976 2310 ἀπατήσας
1013 2253 1198 2309 ἐβάστασε
1234 2254 1300 2296 καὶ
1338 2250 1659 2308 διαπορθμεύσας
1689 2255 1744 2304 εἰς

221 2320 383 2376 Κρήτην
414 2321 525 2376 ἐμίγη
553 2318 667 2376 αὐτῇ·
700 2318 777 2362 εἷθ’
807 2319 908 2363 οὕτω
935 2318 1150 2377 συνῴκισεν
1174 2315 1299 2373 αὐτὴν
1318 2315 1539 2372 Ἀστερίωνι
1563 2321 1615 2376 τῷ
1633 2321 1742 2373 Κρη-

220 2391 298 2429 τῶν
328 2389 494 2440 βασιλεῖ·
526 2385 716 2440 γενομένη
749 2385 791 2426 δὲ
822 2386 961 2440 ἔγκυος
985 2386 1114 2438 ἐκείνη
1139 2389 1239 2437 τρεῖς
1262 2385 1408 2433 παῖδας
1433 2383 1626 2438 ἐγέννησε,
1656 2385 1743 2424 Μί-

221 2469 324 2504 νωα,
360 2449 607 2506 Σαρπηδόνα
643 2451 709 2492 καὶ
739 2448 1038 2504 Ῥαδάμανθυν·
1082 2447 1107 2503 ἡ
1145 2451 1292 2503 ἱστορία
1327 2446 1433 2501 παρὰ
1464 2445 1636 2503 Ἡσιόδῳ
1675 2446 1743 2488 καὶ

220 2519 453 2573 Βακχυλίδῃ.

948 2586 1016 2628 57.

341 2674 468 2713 Schol.
489 2672 643 2712 Gallim.
662 2673 704 2711 in
722 2673 809 2712 Del.
829 2685 863 2711 v.
887 2673 959 2711 28:
992 2671 1027 2710 εἰ
1057 2669 1100 2710 δὲ
1131 2670 1220 2723 λίην
1249 2657 1384 2718 πολέες
1414 2680 1456 2708 σε
1486 2662 1741 2719 περιτροχόω-

222 2750 285 2776 σιν
316 2734 483 2788 ἆοιδαί·]
516 2737 574 2776 Αἱ
601 2733 807 2789 Πινδάρου
838 2735 904 2776 καὶ
934 2736 1191 2789 Βακχυλίδου.
1242 2736 1345 2785 unde
1371 2733 1555 2774 coniicias
1580 2733 1741 2782 poetam

222 2803 263 2840 in
288 2803 460 2842 carmine
484 2804 616 2853 aliquo
641 2803 731 2842 Deli
762 2802 900 2841 laudes
932 2801 1172 2851 celebrasse,
1202 2799 1281 2839 nisi
1309 2799 1505 2847 interpres
1536 2796 1604 2835 ille
1635 2809 1739 2835 com-

220 2870 377 2905 mentus
408 2869 479 2907 est,
