1864 3126
940 715 996 759 ΙΙ.
1665 728 1733 760 812

710 811 1239 861 TERPANDER.

323 932 484 984 Septem
514 945 653 973 nomos
680 931 912 983 Terpandro
937 931 1082 971 tribuit
1106 931 1274 972 Photius
1300 946 1337 983 p.
1365 933 1463 981 302,
1493 933 1565 971 16:
1598 927 1738 983 Νόμος

204 993 226 1038 ὁ
259 993 524 1054 κιθαρῳδικὸς
553 994 696 1050 τρόπος
726 998 794 1050 τῆς
826 995 1036 1051 μελῳδίας,
1067 991 1262 1048 ἁρμονίαν
1293 995 1394 1050 ἔχων
1429 993 1575 1049 ταύτην
1613 992 1652 1051 (τ
1661 1012 1739 1036 ακ-

202 1057 307 1117 τὴν)
347 1062 412 1104 καὶ
451 1059 610 1117 ῥυθμὸν
652 1058 887 1115 ὡρισμένον·
918 1054 1026 1114 ἦσαν
1059 1059 1102 1101 δὲ
1134 1057 1229 1101 ἑπτὰ
1268 1061 1310 1102 οἵ
1341 1058 1421 1103 ὑπὸ
1462 1059 1737 1115 Τερπάνδρου·

205 1120 263 1170 ὧν
288 1124 343 1177 εἷς
368 1126 520 1182 ὄρθιος,
544 1125 742 1182 τετράδιος
774 1124 1058 1182 (τετραοίδιο
1069 1123 1122 1181 ς),
1154 1123 1313 1181 ὀξύς·*)
1345 1129 1562 1179 eademque
1594 1128 1737 1168 Suidas

206 1209 242 1235 v.
273 1187 395 1247 νόμος
431 1198 472 1235 et
510 1191 650 1247 ὄρθιος
687 1190 820 1246 νόμος.
873 1194 943 1234 ⁴Ac
980 1192 1151 1232 totidem
1188 1195 1370 1232 recenset
1406 1193 1512 1233 Plut.
1550 1193 1599 1232 de
1636 1207 1738 1233 mus.

202 1272 234 1299 c.
266 1261 312 1299 4:
349 1248 496 1309 ἐκεῖνος
532 1262 632 1314 γοῦν
669 1256 762 1308 τοὺς
798 1253 1092 1314 κιθαρῳδικοὺς
1134 1259 1286 1310 πρῶτος
1318 1253 1500 1310 ὠνόμασε
1544 1255 1735 1300 Βοιώτιόν

158 1314 166 1318 ’
200 1339 288 1365 τινα
317 1323 384 1365 καὶ
415 1320 582 1366 Αἰόλιον
616 1321 811 1379 Τροχαῖόν
841 1339 879 1364 τε
910 1322 976 1364 καὶ
1003 1319 1133 1373 Ὀξύν,
1165 1320 1364 1375 Κηπίωνά
1394 1338 1433 1364 τε
1463 1323 1530 1364 καὶ
1559 1321 1736 1376 Τερπάν-

202 1389 334 1442 δρειον
370 1392 520 1440 καλῶν,
558 1386 655 1431 ἀλλὰ
693 1386 773 1443 μὴν
810 1388 876 1430 καὶ
916 1388 1177 1442 Τετραοίδιον.
1242 1390 1444 1440 discrepat
1481 1404 1595 1442 vero,
1632 1391 1738 1441 quod

201 1451 356 1507 ὄρθιον,
387 1468 504 1506 quem
539 1456 708 1496 Photius
734 1456 966 1508 Terpandro
998 1455 1152 1504 tribuit,
1179 1468 1258 1494 non
1283 1457 1481 1495 recenset:
1513 1457 1619 1495 hunc
1650 1457 1735 1507 qui-

202 1520 292 1560 dem
325 1521 447 1560 etiam
478 1521 623 1561 Pollux
663 1520 865 1572 agnoscit,
903 1520 973 1571 qui
1010 1522 1098 1559 octo
1134 1532 1274 1559 nomos
1313 1521 1591 1571 Terpandreos
1628 1522 1736 1561 iusto

201 1587 339 1627 ordine
376 1588 558 1626 recenset
594 1585 653 1625 IV
694 1588 768 1627 65:
807 1582 924 1639 νόμοι
961 1583 1005 1625 δὲ
1042 1585 1084 1625 οἱ
1120 1580 1378 1638 Τερπάνδρου
1421 1581 1501 1627 ἀπὸ
1545 1583 1617 1638 μὲν
1658 1588 1737 1626 τῶν

200 1651 336 1692 ἐθνῶν
365 1647 466 1692 ὅθεν
494 1643 548 1703 ἦν
573 1647 736 1700 Αἰόλιος
767 1650 835 1691 καὶ
864 1646 1066 1701 Βοιώτιος,
1097 1646 1177 1690 ἀπὸ
1211 1648 1255 1691 δὲ
1284 1653 1365 1690 τῶν
1395 1651 1565 1705 ῥυθμῶν
1595 1648 1736 1704 ὄρθιος

198 1715 265 1757 καὶ
294 1719 487 1769 τροχαῖος,
518 1712 597 1756 ἀπὸ
630 1714 674 1756 δὲ
704 1713 861 1769 τρόπων
892 1711 986 1764 ὀξὺς
1022 1714 1089 1755 καὶ
1127 1712 1359 1772 τετραῷδιος
1391 1713 1513 1770 (unus
1544 1717 1648 1757 liber
1677 1731 1734 1757 τε·

198 1777 399 1835 τρᾶοιδος,
430 1781 522 1822 fort.
553 1778 832 1835 τετραοίδιος),
869 1777 948 1822 ἆπὸ
981 1779 1024 1822 δὲ
1055 1777 1179 1822 αὐτοῦ
1209 1778 1276 1820 καὶ
1306 1783 1376 1821 τοῦ
1408 1779 1608 1834 ἐρωμένου
1643 1785 1735 1835 Τερ-

198 1843 412 1900 πάνδρειος
442 1845 508 1888 καὶ
539 1845 802 1899 Καπίων·**)
834 1843 1073 1899 σφάλλονται
1105 1844 1148 1887 δὲ
1179 1845 1221 1886 οἱ
1247 1844 1315 1886 καὶ
1345 1840 1552 1887 ἀπόθετον
1576 1859 1734 1898 προστι-

198 1911 335 1962 θέντες
359 1908 465 1969 αὖτῷ
490 1911 556 1952 καὶ
581 1912 809 1967 σχοινίωνα·
838 1905 949 1953 ὀὗτοι
981 1909 1056 1967 γὰρ
1082 1907 1289 1964 αὖλητικοί
1316 1907 1408 1966 (scr.
1434 1907 1734 1967 αὖλῳδικοί).

199 1980 334 2032 Atque
379 1974 544 2030 Ὄρθιος
593 1973 715 2030 νόμος
763 1977 831 2029 qui
881 1991 961 2018 non
1009 1979 1088 2018 fuit
1139 1979 1320 2019 diversus
1368 1991 1392 2017 a.
1441 1978 1643 2028 prooemio
1693 1978 1735 2017 in

155 2059 158 2063 ’
199 2045 445 2095 Apollinem,
483 2043 562 2083 vid.
602 2057 706 2094 quae
745 2043 827 2082 dixi
863 2043 915 2082 ad
951 2043 1000 2083 fr.
1034 2046 1090 2095 2.,
1129 2043 1306 2082 omnium
1342 2055 1548 2099 'consensu
1585 2044 1733 2083 adscri-

198 2110 308 2150 bitur
351 2108 596 2159 Terpandro.
658 2108 773 2148 Adde
817 2111 1027 2159 praeterea
1071 2107 1181 2147 Suid.
1220 2121 1258 2148 v.
1286 2104 1456 2160 ’Όρθιον
1500 2104 1626 2161 νόμον
1668 2107 1735 2148 καὶ

198 2169 521 2228 τροχαῖον·.τοὺς
552 2168 628 2228 δύο
659 2167 812 2226 νόμους
842 2169 922 2214 ἀπὸ
954 2174 1032 2212 τῶν
1063 2171 1232 2225 ῥυθμῶν
1257 2168 1438 2225 ὠνόμασε
1467 2171 1734 2226 Τέρπανδρος,

199 2235 475 2290 ἀνατεταμένοι
506 2234 545 2278 δ’
578 2231 683 2291 ἦσαν
713 2237 779 2279 καὶ
811 2236 976 2279 εὔτονοι.
1037 2238 1210 2277 Fallitur
1246 2239 1353 2278 enim
1385 2238 1629 2288 Volkmann,
1664 2240 1732 2290 qui

198 2301 343 2357 ὄρθιον
374 2299 500 2355 νόμον
530 2304 582 2343 ab
614 2305 688 2344 hoc
719 2305 804 2345 loco
836 2304 1008 2344 alienum
1042 2315 1129 2344 esse
1161 2306 1306 2353 censet,
1333 2304 1479 2355 quippe
1511 2304 1579 2355 qui
1610 2304 1735 2344 fuerit

199 2366 422 2421 αὖλητικόςε
454 2370 497 2408 at
528 2369 606 2408 duo
638 2370 811 2418 fuerunt,
826 2370 975 2410 diversi
1005 2365 1122 2421 νόμοι
1153 2365 1300 2421 ὄρθιοι,
1331 2370 1436 2409 alter
1466 2366 1734 2424 κιθαρῳδικὸς

201 2435 435 2486 Terpandri,
466 2447 566 2485 quos
599 2435 736 2475 modos
767 2436 1014 2487 prooemium
1046 2436 1087 2474 in
1114 2435 1343 2486 Apollinem
1374 2435 1600 2486 exhibebat,
1631 2436 1735 2474 alter

199 2496 407 2553 αὐλητικὸς
437 2498 610 2552 Olympi,
642 2503 690 2539 ut
720 2501 891 2551 videtur,
923 2502 993 2552 qui
1023 2497 1145 2553 νόμος
1171 2497 1349 2553 Ἀθηνᾶς
1379 2501 1510 2540 dictus
1543 2503 1616 2540 est.
1665 2500 1732 2539 Illi

199 2579 312 2617 vero,
355 2576 454 2616 quos
486 2565 655 2605 Photius
700 2568 742 2605 et
781 2566 924 2606 Suidas
962 2569 1204 2617 sequuntur,
1246 2578 1336 2605 cum
1382 2567 1536 2615 septem
1574 2568 1732 2604 tantum

295 2692 330 2737 *)
355 2690 492 2728 Glossa
516 2691 564 2727 ad
589 2690 725 2727 Herod.
753 2691 767 2726 I
793 2694 856 2727 24.
888 2688 1024 2737 ὄρθιον
1055 2688 1174 2747 νόμον
1207 2687 1386 2737 Θαμύρα·
1419 2687 1439 2726 ὁ
1474 2687 1733 2748 κιθαρῳδικός

202 2736 337 2796 τρόπος
367 2739 433 2796 τῆς
464 2739 666 2797 μελῳδίας,
685 2735 890 2795 ἁρμονίαν
929 2737 1024 2784 ἔχων
1055 2735 1195 2783 τακτὴν
1228 2737 1290 2773 καὶ
1323 2735 1474 2784 ᾆυθμόν
1507 2733 1730 2784 ὡρισμένον·

202 2779 298 2832 ἦσαν
324 2784 366 2823 δὲ
394 2783 440 2830 ζ’,
467 2777 520 2822 ὧν
546 2783 641 2826 εἷς“
625 2799 645 2821 ο
679 2781 825 2831 ὄρθιος.
858 2786 925 2822 ubi
956 2786 1050 2822 falso
1081 2785 1288 2830 Thamyras
1319 2796 1387 2831 pro
1419 2785 1635 2831 Terpandro
1667 2797 1731 2821 no-

204 2833 376 2925 minat&-
381 2879 589 2927 Terpaudri
607 2882 646 2916 et
665 2879 840 2927 capionis
859 2877 978 2928 νόμον
999 2879 1113 2918 etiam
1126 2879 1296 2917 Clemens
1309 2879 1427 2916 Protr.
1444 2891 1478 2925 p.
1494 2883 1515 2915 2
1535 2882 1729 2935 memorat.
