1864 3126
222 129 272 171 61
283 129 308 171 8
520 126 522 129 ’
781 126 972 164 ΡΟΕΤΑΕ
998 127 1175 165 MELICI.

341 236 407 279 εἶτ’
443 239 647 292 ἐπεισῆγεν
678 240 834 292 χορείαν
864 234 889 291 ἢ
921 235 1113 292 τράπεζαν
1145 238 1330 292 δευτέραν

341 304 419 344 καὶ
449 303 693 357 παρέθηκε
723 303 962 358 γέμουσαν
991 302 1200 356 πέμμασι
1231 304 1569 352 παντοδαποῖς.

223 388 277 427 At
309 390 403 427 sunt
442 389 482 427 hi
518 389 642 439 ipsius
680 387 920 438 Antiphanis
959 400 1117 438 versus,
1157 388 1262 438 quod
1300 389 1365 428 vel
1401 388 1557 426 numeri
1594 388 1744 437 docent„

222 467 464 504 quamquam
496 454 701 493 Philoxeni
731 455 907 492 Δεῖπνον
938 453 1194 492 obversatum
1227 456 1288 492 est
1318 453 1463 492 comico
1495 455 1648 504 poetae,
1679 453 1748 504 qui

220 532 300 558 non
342 520 499 558 tantum
535 518 851 572 παρατραγῳδεῖ,
889 521 935 557 ut
971 520 1100 559 solent
1140 520 1293 559 mediae
1331 518 1555 558 comoediae
1593 521 1747 569 poetae,

222 586 290 624 Sed
323 585 445 624 etiam
476 585 859 636 dithyrambicorum
890 584 1042 622 lumina
1074 585 1115 623 et
1145 584 1341 634 ampullas
1368 583 1604 634 aemulatur,
1635 585 1748 623 velut

221 650 390 700 insignis
424 651 532 689 locus
565 663 611 688 ex
644 649 881 699 Aphrodisio
915 645 981 702 (fr.
1012 645 1055 701 1)
1081 650 1289 698 decerptus
1317 649 1440 698 docet,
1467 648 1536 687 ubi
1561 661 1597 688 v.
1620 650 1643 687 7
1665 661 1746 699 seq.

222 716 272 754 ad
311 716 534 765 exemplum
566 714 774 753 Philoxeni
805 715 851 753 fr.
887 717 931 762 3,
965 715 989 753 5
1012 726 1094 764 seq.
1133 714 1375 764 conscriptos
1417 726 1503 752 esse
1540 713 1747 753 verissime

222 780 505 820 animadvertit
536 774 779 833 Meineke.*)
829 779 919 818 Non
943 779 1103 829 probari
1127 781 1307 830 possunt,
1333 791 1434 829 quae
1460 779 1509 818 de
1534 779 1596 818 his
1622 778 1748 819 Cobet

222 846 263 884 in
295 846 552 895 Mnemosyne
584 845 677 884 anni
716 845 828 884 1856
860 858 898 894 p.
933 846 986 884 85
1026 843 1258 894 disputavit.
1295 844 1342 882 cf.
1374 843 1475 883 Nov.
1509 843 1616 883 Leot.
1650 845 1746 885 133.
1817 839 1823 844 ⁸

226 931 276 937 —
321 910 411 949 Non
452 912 559 949 recte
597 909 805 948 Philoxeni
841 922 986 948 nomen
1026 909 1317 948 restituendum
1355 909 1508 948 censuit
1545 909 1746 949 Hemster-

218 976 320 1026 huys
353 989 413 1025 ap.
450 975 621 1024 Hesyoh.
654 988 691 1013 v.
723 970 982 1026 Δορύφονον·
1012 970 1081 1014 τὸν
1113 974 1433 1026 δορυφονοῦντα·
1461 969 1749 1026 Ἀριστοφάνης
1795 999 1801 1004 -

216 1035 417 1094 Δαιδάλῳ,
455 1036 511 1079 ὅτι
545 1036 587 1078 δὲ
621 1035 859 1090 Φιλοκτήτης
889 1041 934 1093 τῇ
973 1038 1070 1087 λέξει
1102 1036 1286 1092 ἐχρήσατο
1317 1041 1488 1090 πρῶτος,
1528 1039 1647 1091 δηλοῖ
1673 1041 1748 1091 Τη-

217 1104 412 1156 λεκλείδης
452 1103 495 1143 ἐν
533 1100 792 1156 Πρυτάνεσιν.
839 1106 986 1144 rectius
1025 1104 1205 1143 Meineke
1251 1105 1489 1155 Φιλοκλῆς
1526 1105 1746 1155 proposuit.

221 1191 269 1197 -
307 1170 546 1220 Corruptum
580 1170 786 1209 Philoxeni
818 1167 960 1209 nomen
992 1170 1030 1207 in
1064 1171 1128 1208 Et.
1161 1171 1212 1208 M.
1249 1171 1344 1218 753,
1372 1171 1446 1208 51:
1489 1165 1747 1221 Τριτημόριον

216 1231 308 1283 τοὺς
334 1236 378 1283 ξἐξ
410 1237 576 1287 χαλκοῦς
615 1234 743 1286 εἴρηκε
777 1231 985 1282 Φιλόξενος
1017 1231 1066 1288 (P
1099 1235 1245 1286 φίλων,
1283 1235 1357 1272 ML
1390 1229 1496 1287 φιλ’)
1538 1234 1607 1273 ubi
1638 1237 1747 1274 recte

219 1302 400 1340 Meineke
432 1301 502 1340 alii
535 1295 723 1351 Φιλήμων
755 1299 1079 1339 emendaverunt.
1113 1322 1167 1326 —
1201 1301 1263 1339 Et..
1298 1301 1348 1338 M.
1377 1301 1472 1348 376,
1499 1301 1543 1338 4:
1569 1294 1746 1352 Ἑρμίς·

217 1363 443 1415 κλινόπους,
476 1361 610 1416 ἐπειδὴ
643 1363 686 1404 ἐν
717 1361 852 1412 αὐτοῖς
882 1363 1055 1417 ἕγλυφον
1086 1361 1285 1418 ἀγάλματα
1310 1360 1479 1417 Ἑρμοῦ,
1513 1359 1566 1412 ὥς
1596 1359 1746 1416 ἐφόρου

218 1429 349 1471 ὕπνου
380 1429 446 1470 καὶ
477 1426 642 1482 ὀνείρων
673 1429 738 1470 καὶ
772 1428 985 1482 Φιλοξένης
1015 1427 1181 1482 χάρισιν,
1214 1430 1390 1480 Sylburg
1421 1429 1651 1468 dubitanter
1679 1430 1746 1468 Φι-

219 1493 400 1546 λόξενος,
439 1496 508 1536 sed
539 1498 646 1535 reete
679 1496 719 1534 M
757 1496 974 1546 φυλακῆς
1012 1491 1168 1548 χάριν,
1205 1495 1323 1545 idque
1362 1494 1484 1533 etiam
1521 1496 1746 1534 ceterorum

219 1563 329 1601 codd.
362 1562 552 1601 lect-iones
583 1561 755 1600 firmant.
788 1582 843 1587 ——-
869 1560 963 1599 Alia
987 1561 1157 1611 denique
1183 1573 1282 1610 quae
1308 1560 1457 1610 passim
1483 1559 1590 1610 apud
1615 1572 1746 1609 gram-

219 1628 385 1667 maticos
407 1628 613 1667 Philoxeni
631 1627 787 1666 nomine
808 1627 1012 1677 leguntur,
1033 1626 1083 1665 ad
1102 1626 1408 1677 grammaticum
1422 1627 1516 1664 sunt
1528 1625 1745 1664 referenda.

314 1741 349 1786 *)
376 1741 501 1777 Etiam
526 1740 712 1776 Timocles
735 1739 775 1775 in
801 1740 983 1776 Heroibus
1003 1739 1046 1775 fr.
1068 1743 1088 1775 2
1115 1739 1204 1775 item
1219 1750 1393 1784 reoquum
1418 1738 1596 1774 sermonis
1615 1737 1743 1774 amba-

219 1789 330 1835 gibus
355 1801 462 1824 usum
489 1788 660 1824 deridens
688 1786 924 1831 Φιλοξένειον
949 1785 1090 1834 τρόπον
1115 1787 1290 1823 affectare
1316 1786 1474 1823 videtur.
