1864 3126
567 94 875 132 FRAGMENTA
902 92 1172 131 ADESPOTA.
1251 149 1255 154 ⁵
1554 90 1640 132 715

186 199 359 262 Ὕμνον
390 195 455 249 ὦν

198 273 369 321 κλύετε·
401 275 555 333 πέμπω
588 274 642 319 δέ
669 292 743 319 νιν

646 417 694 451 χα
704 417 711 425 ·
738 405 1080 451 με(γ)αλοσθ·εν(ης)

646 465 711 488 τον
722 463 729 471 ·
755 455 904 499 opnor)

104 525 178 563 Sed
202 524 318 562 missa
342 524 436 561 haec
462 522 609 561 faciam.
662 523 833 560 Pindaro
865 522 1067 570 adscripsit
1099 523 1165 559 has
1198 521 1377 568 reliquias
1402 521 1527 567 Blass,
1560 532 1642 568 per-

104 583 246 621 peram.
283 572 379 608 Huic
405 572 641 608 coniecturae
663 571 773 617 plane
793 571 1015 607 adversatur
1034 582 1271 607 numerorum
1294 570 1477 606 conditio:
1504 569 1642 614 singuli

105 619 206 659 enim
238 631 367 657 versus
399 619 555 665 singulis
588 619 681 656 colis
714 619 890 655 constant
919 617 1017 654 κατὰ
1051 617 1117 655 τὸν
1149 616 1308 664 ἀρχαῖον
1343 614 1495 664 τρόπον,
1528 617 1643 653 etiam

105 680 140 704 v.
167 671 213 704 14
247 667 270 705 i.
298 679 330 705 e.
363 667 576 713 hexapodia
610 664 843 713 ldgaoedica‚
881 666 945 702 ubi
978 666 1075 702 alter
1108 666 1278 712 dactylus
1310 665 1460 702 silentio
1492 665 1554 701 vel
1579 664 1642 701 ad·

105 715 266 753 iectione
292 718 350 752 est
375 726 458 751 com
486 715 628 751 lendus.
680 715 805 750 Semel
831 727 864 750 v.
885 718 906 750 9
933 726 1007 750 non
1033 715 1181 760 integro
1200 714 1385 750 vocabulo
1404 712 1642 758 terminatur,

104 761 215 800 πόλιν
247 760 286 804 ἐς
315 761 522 809 Ὁρχομενω
557 760 798 810 διῶῇξιππον,
838 760 936 798 ἔνθα
969 760 1078 807 ποτέ,
1117 762 1182 797 sed
1221 762 1427 807 composita
1459 760 1645 796 vocabula

104 811 210 847 velut
241 808 446 855 διῶξιππος
477 812 747 856 φιλησίμολπος
778 810 854 846 alia
890 809 928 845 id
960 820 1078 855 genus
1110 809 1165 845 ita
1198 809 1230 845 si
1262 807 1503 851 dirimuntur,
1534 807 1646 843 venia

104 858 144 894 in
158 859 334 905 promptu
356 862 423 894 est.
464 858 651 904 Antiquae
670 856 788 903 igitur
806 857 897 893 artis
916 856 978 892 hic
993 856 1308 903 deprehendimus
1322 855 1643 901 consuetudinem,

105 916 217 952 quam
239 906 396 942 Alcman
422 905 593 951 inprimis
613 908 759 942 secutus
785 906 859 950 est,
885 905 950 940 sed
977 904 1091 940 etiam
1117 903 1184 941 alii
1203 906 1349 950 poetae,
1377 904 1483 940 velut
1501 903 1645 950 Argiva

106 953 296 999 Telesilla,
321 966 344 990 a
368 954 520 990 Pindari
546 955 671 989 autem
698 952 958 997 magnitudine
983 951 1078 988 haec
1102 951 1327 998 simplicitas
1353 952 1489 996 aliena,
1516 961 1643 996 quam-

104 1012 217 1048 quam
248 1002 282 1038 is
316 1013 464 1047 quoque
498 1001 638 1048 passim
670 999 890 1045 minutiores
921 1011 1096 1036 numeros
1129 999 1314 1043 adhibuit,
1346 999 1451 1035 velut
1481 998 1522 1034 in
1555 1009 1645 1034 non-

103 1049 218 1086 nullis
244 1049 390 1094 Pythiis
415 1048 650 1085 carminibus.
690 1048 820 1093 Neque
846 1058 968 1083 sermo
995 1047 1105 1083 huius
1130 1046 1335 1093 fragmenti
1355 1045 1509 1082 Pindari
1528 1046 1642 1082 auda-

106 1097 204 1133 ciam
230 1098 269 1132 et
294 1096 435 1143 ingenii
460 1096 604 1132 lumina
629 1096 811 1139 ostentat3
837 1098 952 1140 atque
984 1095 1133 1131 doricae
1165 1095 1306 1131 formae
1338 1092 1580 1140 Πυθαγγέλω
1607 1095 1646 1129 et

100 1140 311 1191 Ὀρχομενοῖο
330 1145 440 1190 plane
460 1155 483 1179 a
497 1143 667 1180 Thebani
685 1147 819 1189 poetae
838 1155 907 1178 usu
927 1143 1115 1179 recedunt.
1145 1142 1314 1188 Denique
1335 1153 1420 1177 cum
1440 1140 1644 1187 epinicium

104 1192 218 1228 fuisse
244 1202 394 1227 carmen
420 1191 608 1236 videatur,
641 1191 831 1227 conditum
864 1192 1018 1236 propter
1044 1189 1252 1233 victoriam,
1278 1200 1390 1235 quam
1416 1189 1643 1225 Echecrates

106 1239 374 1276 Orchomenius
395 1239 552 1286 Delphis
580 1238 801 1285 reportavit,
826 1238 867 1274 id
891 1238 993 1282 quod
1016 1249 1050 1274 v.
1071 1241 1105 1273 4.
1148 1237 1336 1284 Apollinis
1363 1238 1504 1274 mentio
1523 1238 1642 1273 testa—

105 1289 177 1331 tur,
202 1298 338 1333 poema
368 1287 439 1323 hoc
464 1286 748 1323 adscribendum
781 1286 878 1321 foret
908 1284 1055 1331 Pythiis
1081 1285 1320 1329 carminibus,
1355 1285 1420 1320 ubi
1451 1295 1525 1321 non
1551 1284 1643 1331 legi-

106 1335 185 1379 tur,
218 1334 389 1381 quamvis
421 1335 484 1370 ille
517 1335 611 1370 liber
643 1334 790 1380 integer
821 1333 871 1370 sit
902 1333 1080 1369 servatus.
1128 1332 1341 1379 Epinicium
1372 1332 1450 1368 dixi
1482 1343 1644 1377 carmen,

106 1382 180 1419 nisi
205 1379 392 1429 ἐγκώμιον
424 1382 483 1419 vel
516 1380 666 1419 σκολιὸν
698 1381 782 1428 quis
813 1381 1006 1427 appellare
1038 1380 1164 1426 malit,
1195 1380 1235 1416 id
1267 1380 1367 1426 quod
1392 1392 1427 1416 v.
1456 1384 1476 1416 ‘1
1502 1377 1644 1426 στεφά-

107 1443 215 1476 νωμα
240 1427 481 1466 δαιτικλυτάν
508 1430 644 1477 arguit,
671 1439 791 1475 neque
819 1429 917 1465 enim
943 1427 1051 1464 Blass
1077 1427 1304 1473 audiendus,
1338 1428 1404 1474 qui
1427 1428 1525 1464 inter
1551 1441 1645 1473 παρ-

106 1480 244 1514 θενεῖα
275 1478 442 1523 rettulit,
474 1489 594 1523 neque
625 1476 879 1523 hyporchema
910 1476 1025 1513 fuisse
1057 1476 1248 1512 credibile.
1306 1475 1375 1512 Cui
1406 1480 1540 1522 poetae
1573 1475 1644 1511 hoc

100 1535 255 1562 *carmen
276 1525 562 1562 adscribendum
583 1525 632 1561 sit
651 1535 801 1571 prorsus
822 1524 1015 1560 incertum.
1054 1523 1279 1559 Plutarchus
1304 1523 1370 1559 vit.
1391 1523 1519 1569 Pelop.
1546 1534 1577 1559 c.
1601 1526 1644 1559 16

106 1573 354 1610 Echecratem
380 1575 574 1617 memorat,
601 1574 666 1618 qui
691 1584 734 1608 eo
761 1574 948 1618 tempore,
982 1582 1054 1616 quo
1081 1572 1215 1607 Persae
1240 1571 1378 1607 infesta
1402 1581 1506 1607 arma
1531 1570 1645 1607 Grae-

108 1620 162 1657 cis
185 1620 403 1661 intulerunt.
429 1621 570 1657 oraculi
589 1620 776 1666 Apollinis
797 1619 979 1665 Tegyraei
1004 1619 1189 1665 propheta
1214 1619 1297 1663 fuit,
1324 1619 1424 1664 quod
1450 1617 1644 1655 oraculum

106 1668 147 1704 in
167 1667 500 1704 Orchomeniorum
520 1670 602 1704 erat
620 1668 777 1703 dicione.
813 1667 982 1702 Eundem
1004 1667 1248 1702 Echecratem
1275 1666 1306 1702 si
1326 1667 1386 1702 hic
1406 1667 1520 1712 poeta
1539 1677 1647 1712 prae—

107 1716 215 1753 conio
240 1715 398 1760 ornavit,
424 1727 563 1762 suppar
580 1716 704 1751 aetate
724 1714 797 1750 fuit
822 1714 1005 1750 Simonidi
1029 1717 1068 1750 et
1087 1714 1260 1750 Pindaro.
1299 1713 1403 1750 Idem
1423 1715 1530 1749 Blass
1550 1714 1646 1749 stro-

108 1764 268 1810 pharum
300 1766 339 1800 et
373 1764 692 1810 antistropharum
723 1762 892 1809 vestigiis
924 1761 1149 1808 indagandis
1181 1762 1318 1798 frustra
1344 1772 1495 1807 operam
1527 1761 1644 1797 dedit.

108 1811 281 1847 Fortasse
307 1823 340 1848 v.
369 1815 411 1847 11
439 1812 614 1858 strophae
641 1810 714 1846 fuit
739 1810 918 1854 clausula,
951 1822 983 1845 v.
1014 1813 1164 1845 12—15
1190 1810 1341 1845 initium
1368 1809 1645 1855 antistrophae:

109 1870 196 1896 sane
222 1870 297 1894 non
322 1863 532 1906 congruunt
557 1871 640 1894 cnm
669 1871 700 1893 v.
730 1861 853 1901 1-4‚
886 1860 926 1893 at
950 1859 1076 1903 potest
1100 1857 1278 1903 strophae
1305 1857 1496 1893 exordium
1531 1857 1645 1892 inter-

110 1907 263 1952 ceptum
289 1918 381 1943 esse.
426 1907 499 1942 Sed
519 1907 642 1952 possis
663 1918 696 1941 v.
719 1909 858 1941 12—15
886 1905 999 1940 etiam
1026 1905 1147 1950 epodo
1168 1904 1386 1950 attribuere,
1412 1906 1455 1940 ut
1474 1917 1508 1941 v.
1532 1908 1646 1939 1—-11

111 1953 386 1999 antistropham
426 1954 486 1990 vel
518 1955 703 1999 integram
741 1953 802 1988 vel
833 1951 1012 1988 maiorem
1045 1954 1192 1998 partem
1230 1952 1449 1996 exhibeant,
1494 1952 1650 1997 stropha

110 2004 235 2037 autem
261 2002 297 2038 h.
325 2012 356 2037 e.
383 2001 558 2038 carminis
586 2001 777 2036 exordium
805 2001 918 2046 plane
944 2001 995 2035 sit
1019 1999 1266 2046 deperditum.
1316 2000 1395 2036 Hoc
1420 1999 1521 2035 enim
1547 1999 1642 2045 frag-

110 2055 277 2085 mentum
305 2049 458 2085 chartae
484 2050 557 2085 fuit
582 2059 668 2094 pars
694 2047 864 2092 inferior,
897 2048 935 2084 in
962 2058 1046 2094 qua-
1063 2047 1195 2093 scripti
1219 2058 1349 2083 versus
1379 2051 1441 2092 17,
1474 2047 1540 2083 sed
1565 2059 1598 2082 v.
1629 2051 1646 2082 1

111 2098 151 2132 et
174 2099 196 2132 2
247 2096 333 2132 lane
359 2096 578 2132 oblitterati.

237 2143 368 2179 hartae
393 2145 486 2181 haec
511 2147 568 2180 est
593 2143 736 2189 species
763 2142 967 2179 secundum
993 2143 1128 2179 Blassii
1155 2143 1419 2189 apographon:
1442 2155 1444 2158 ’

258 2243 265 2251 .
294 2242 302 2250 .
331 2243 338 2250 .
365 2214 431 2250 ors
454 2242 461 2249 .
484 2242 492 2250 .

258 2336 265 2343 .
289 2309 344 2344 Νε
366 2264 656 2345 frenesim
683 2330 727 2336 —
754 2310 814 2346 vel
841 2309 901 2345 Με
923 2338 931 2346 .
951 2309 1115 2345 *renea
1136 2337 1143 2344 .
1166 2310 1234 2343 Γω

257 2358 863 2440 ,οα-ῑ.κΛ..ἷῡῨεῨΜιο.-Τ
1158 2359 1221 2389 Ἠ

258 2501 284 2534 Α
308 2526 315 2534 .
335 2454 567 2534 notificem
591 2526 598 2534 .
621 2498 713 2534 ΜΕΝ
736 2528 742 2535 .
766 2500 798 2534 Θ
822 2520 862 2525 -

210 2598 231 2631 ⁶
260 2593 679 2630 ΑτΑιΑΝΔΡωΝεκεκ
699 2623 707 2630 .
730 2623 736 2630 .
759 2550 838 2629 ici
870 2595 887 2641 ,1

259 2643 692 2725 ΠΑΙΔιπΥΘΑι-ΓεΛῖο
722 2689 739 2735 Η
800 2645 816 2674 †

260 2760 679 2839 ετεψΑΝωΜΑΔΑἭ
697 2788 704 2795 .
728 2761 850 2838 QYI
878 2780 921 2786 -
975 2805 981 2809 ,

259 2855 370 2891 ΠΟΛ
381 2855 388 2890 Ι
399 2854 791 2891 ΝΕΕΟΡΧΟΜΕΝωΔ
802 2855 810 2889 Ι
820 2855 859 2890 ω
