1864 3126
252 85 340 127 498
540 134 542 137 ι
817 85 1010 122 ΡΟΕΤΑΕ
1036 86 1213 123 MELICI.

399 190 593 248 Ἀργεῖος
624 190 712 248 ἡδὺ
745 195 919 249 πνεῦμα
950 194 1064 250 χέων
1094 199 1313 251 καθαροῖς
1346 195 1393 238 ἐν
1425 192 1597 246 αὐλοῖς·

345 264 436 306 τῶν
468 261 738 320 ἐχορήγησεν
769 262 936 307 κύκλον
968 267 1210 321 μελίγηρυν
1235 261 1504 320 Ἱππόνικος,

275 346 317 376 10
403 333 708 392 Στρούθωνος
739 333 859 390 υἱός,
891 332 1086 392 ἅρμασιν
1119 336 1166 379 ἐν
1199 339 1404 392 Χαρίτων
1436 338 1673 394 φορηθείς,

344 405 393 446 αἵ
422 406 468 447 οἱ
497 402 565 448 ἐπ’
601 402 873 462 ἀνθρώπους
905 403 1048 462 ὄνομα
1078 404 1243 450 κλυτὸν
1274 404 1448 462 ἄγλαάν
1478 423 1524 450 τε
1553 409 1685 485 νίκαν

401 477 572 532 θῆκαν,
606 475 888 532 ἰοστεφάνων
919 478 1035 521 θεᾶν
1067 477 1186 520 ἕκατι
1218 479 1414 521 Μοισᾶν.

883 596 978 638 149.
1012 596 1147 650 [200]

342 679 499 720 Γνῶθι
530 675 785 733 Θεόγνητον
816 675 1044 733 προσιδὼν
1074 676 1154 721 τὸν
1181 675 1524 734 Ὀλυμπιονίκαν

401 750 561 803 παῖδα,
592 747 957 804 παλαισμοσύνας
988 746 1136 800 δεξιὸν
1167 746 1374 805 ἡνίοχον,
1684 762 1775 794 1176

341 817 578 862 κάλλιστον
609 818 690 875 μὲν
722 820 857 874 ἰδεῖν,
889 816 1051 862 ἀθλεῖν
1083 816 1123 862 δ’
1159 817 1214 862 οὐ
1245 823 1424 877 χείρονα
1456 822 1650 878 μορφῆς,

404 886 453 941 ὃς
483 890 684 947 πατέρων
717 888 905 946 ἀγαθῶν
938 888 1219 946 ἐστεφάνωσε
1249 889 1392 934 πόλιν.

345 948 364 955 s

244 1008 494 1054 permutanda
519 1007 730 1043 existimavi
761 1008 847 1042 τῶν
874 1005 1087 1053 ἕτιθηνεῖτο
1118 1010 1157 1044 et
1188 1020 1237 1043 ευ
1266 1004 1303 1043 δ’
1332 1005 1571 1054 ἐχορήγησεν.
1597 1029 1641 1035 -
1666 1008 1712 1046 V.
1739 1013 1772 1047 8.

246 1058 453 1101 καθαροῖς,
479 1055 652 1090 Meineke
677 1055 868 1099 καθαρῶς.
890 1076 933 1081 —-
953 1055 996 1090 V.
1019 1059 1051 1091 9.
1077 1052 1217 1090 κύκλον
1237 1057 1347 1090 Anna
1364 1055 1488 1100 Fabri,
1514 1056 1594 1092 cod.
1613 1053 1773 1095 κύκλων.

248 1103 415 1138 1110010110
436 1103 623 1138 structura
642 1102 746 1138 verbi
770 1107 957 1148 χορηγεῖν,
984 1102 1087 1137 0111110
1112 1102 1271 1138 alterum
1291 1083 1502 1149 exemplum
1520 1115 1594 1139 non
1613 1104 1773 1150 repperi.

251 1170 292 1175 —
315 1150 358 1185 V.
382 1154 436 1185 10.
463 1146 716 1192 Στρούθωνος
733 1149 893 1194 Ernesti,
918 1150 998 1185 cod.
1025 1148 1265 1195 στρούθονος,
1292 1152 1330 1185 et
1355 1151 1488 1186 deinde
1513 1150 1710 1196 φωρηθεὶς
1733 1154 1774 1187 et

248 1210 282 1232 v.
311 1201 353 1232 11
382 1193 542 1249 ὅνομακ’
571 1194 707 1242 αὐτὸν,
735 1208 831 1254 quae
858 1197 1018 1232 correxit
1041 1196 1199 1232 Ernesti.
1226 1218 1269 1223 -——
1296 1194 1478 1243 ἅρμασιν,
1504 1198 1602 1252 male
1627 1198 1774 1234 Hecker

247 1241 421 1289 ἀγκάσιν,
451 1243 551 1279 1ᾶο111
577 1256 610 1279 v.
638 1248 681 1279 11
699 1226 966 1290 ὀνομάκλυτον
996 1243 1165 1288 requirit.
1193 1265 1235 1269 —
1262 1245 1305 1280 V.
1334 1249 1376 1280 11
1404 1246 1442 1280 et
1467 1249 1510 1280 12
1545 1245 1680 1281 iniuria
1703 1257 1772 1292 pro

247 1291 456 1327 subditiciis
480 1291 596 1326 habet
621 1291 890 1327 Schneidewin.
917 1309 965 1316 —·
980 1291 1025 1326 V.
1047 1295 1103 1327 12.
1128 1291 1257 1346 θῆκαν
1284 1289 1519 1337 ἰοστεφάνων
1538 1292 1639 1328 θεᾶν
1667 1291 1774 1328 ἕκατι

244 1339 398 1374 Μοισᾶν
431 1339 561 1382 codex;
595 1349 679 1374 cum
710 1337 820 1374 huius
852 1350 979 1374 versus
1010 1339 1154 1373 numeri
1186 1350 1333 1396 prorsus
1359 1351 1382 1375 a
1406 1339 1559 1384 reliquis
1584 1339 1773 1385 recedant,

243 1386 349 1422 Neue
383 1386 477 1423 coni.
503 1386 656 1422 Μοισᾶν
691 1385 796 1422 ε’κατι
827 1386 956 1431 θῆκαν
989 1383 1226 1430 ἰοστεφάνων
1256 1384 1406 1431 θεάων,
1438 1386 1635 1422 Mehlhorn
1667 1386 1772 1423 ἕκατι

241 1433 393 1469 Μοισᾶν
419 1436 459 1470 θ.
487 1432 510 1468 ἰ.
536 1431 680 1478 θεάων,
706 1433 835 1469 Iacobs
860 1434 1013 1469 Μοισᾶν
1038 1431 1170 1469 θεάων
1188 1435 1229 1469 θ.
1252 1432 1274 1469 ἰ.
1298 1432 1416 1479 ἕκατι,
1440 1434 1614 1480 Hartung
1631 1435 1772 1479 θῆκαν,

243 1481 345 1516 θεᾶν
371 1477 608 1526 ἰοστεφάνων
634 1494 672 1516 τε
701 1480 806 1516 ε’κατι
831 1481 995 1523 Μοισᾶν,
1023 1481 1205 1525 Meineke,
1232 1481 1290 1516 cui
1316 1481 1429 1516 etiam
1454 1481 1556 1517 θεᾶν
1581 1481 1770 1518 inficetum

244 1529 282 1563 et
307 1539 623 1573 supervacaneum
648 1528 813 1571 videtur,
840 1525 954 1574 Ὡρᾶν
987 1541 1092 1563 εκατι
1123 1529 1253 1585 θῆκαν
1279 1527 1515 1586 ἰοστεφάνων
1540 1541 1579 1564 τε
1607 1529 1772 1570 Μοισᾶν,

241 1576 401 1620 denique
435 1575 476 1611 O.
504 1575 706 1611 Schneider
735 1576 877 1621 θῆκαν,
909 1576 1009 1611 θεᾶν
1043 1572 1277 1622 ἰοστεφάνων
1310 1573 1432 1611 ἰότατι
1462 1576 1625 1611 Μοισᾶν.
1676 1557 1772 1611 Mihi'

241 1588 354 1658 nihil
360 1623 580 1659 mutandum
606 1623 771 1667 videtur,
803 1634 931 1659 versus
964 1623 1022 1658 est
1045 1623 1262 1659 hexameter
1285 1623 1526 1668 logaoedicus
1551 1623 1594 1659 ut
1617 1623 1771 1669 priores,

243 1669 317 1706 nisi
331 1671 432 1715 quod
451 1670 531 1706 bini
545 1670 686 1716 dactyli
704 1670 766 1706 hic
784 1670 963 1706 inchoant
981 1681 1140 1714 versum,
1159 1669 1239 1706 illic
1258 1670 1423 1705 medium
1442 1671 1566 1706 locum
1580 1670 1770 1706 obtinent:

246 1718 418 1753 consulto
437 1719 509 1754 hoc
521 1717 683 1753 variavit
700 1718 831 1763 opinor
849 1719 964 1763 poeta
982 1717 1022 1753 in
1042 1717 1205 1752 carmine
1223 1717 1438 1762 novissimo,
1458 1718 1770 1763 quemadmodum

246 1765 317 1800 hoc
350 1765 510 1800 disticho
543 1765 657 1801 etiam
688 1765 815 1801 dorica
847 1764 1010 1801 dialecto
1044 1776 1249 1800 sermonem
1287 1765 1524 1811 temperavit.
1582 1764 1654 1801 Sed
1687 1776 1771 1800 cum

242 1812 377 1847 ceteris
402 1813 569 1848 versibus
594 1813 784 1848 anacrusis
811 1812 861 1847 sit
884 1812 1103 1858 praemissa,
1128 1811 1254 1848 nescio
1280 1823 1325 1848 an
1353 1812 1415 1848 hic
1440 1823 1588 1858 quoque
1607 1811 1770 1848 scriben-

242 1860 330 1894 dum
357 1859 419 1895 sit:

550 1905 744 1952 ἐ’,θηκαν
771 1904 1007 1952 ἰοστεφάνων
1031 1908 1134 1942 θεᾶν
1161 1920 1267 1942 εκατι
1291 1907 1457 1943 Μοισᾶν.

337 1977 463 2022 Epigr.
498 1981 577 2012 149.
625 1975 738 2012 Anth.
772 1976 876 2012 Plan.
910 1981 946 2013 2:
986 1980 1076 2023 Σιμ
1083 1978 1262 2013 ωνίδον.
1308 1998 1351 2004 -
1397 1977 1439 2012 V.
1474 1981 1505 2013 1.
1553 1975 1770 2036 Θεόγνητον

243 2024 501 2060 Schneidewin
526 2035 617 2060 corr.
645 2035 689 2060 ex
715 1991 1311 2081 Ρο110.ῩΙ9,1;μγΘεογνήτςο
1337 2022 1380 2060 δε
1406 2021 1584 2081 Αἰγινήτῃ
1623 2022 1770 2082 πάλης

243 2085 312 2118 μεν
338 2070 569 2131 στέφανον
594 2073 724 2128 λαβεῖν
749 2069 917 2117 ὑπῆρξεν
943 2070 985 2108 ἐν
1011 2073 1189 2107 παισίν·
1216 2069 1282 2107 τὸν
1307 2070 1350 2107 δε
1376 2068 1584 2117 ἀνδριάντα
1611 2070 1650 2107 οἷ
1671 2069 1769 2108 Πτό-

241 2123 341 2165 λιχος
361 2116 536 2176 ἐποίησεν
556 2117 1260 2177 Αἰγινήτης.01.Ρ111(1.Ργ1,11.ἶ711135
1279 2119 1474 2165 legebatur
1495 2117 1710 2165 Θεόκριτον.
1724 2139 1769 2146 -

243 2167 287 2202 V.
314 2171 347 2202 2
374 2163 540 2222 ἡνίοχον,
567 2166 824 2202 Schneidewin
849 2164 1014 2212 ἁνίοχον.
1041 2187 1084 2193 -
1112 2167 1156 2203 V.
1183 2171 1215 2203 3.
1242 2167 1407 2212 μορφῆς,
1434 2166 1583 2202 Brunck
1609 2167 1767 2213 μορφᾶς.

245 2235 289 2241 —
316 2214 360 2249 V.
386 2218 420 2249 4.
446 2212 568 2258 πόλιν,
593 2214 722 2249 malim
748 2211 866 2260 δόμον
892 2214 951 2250 vel
976 2212 1123 2271 πάτραν
1147 2214 1171 2251 1.
1198 2225 1229 2250 0.
1255 2215 1454 2272 φρατρίαν.

337 2261 462 2307 Epigr.
492 2264 569 2296 150.
614 2261 725 2296 Anth.
752 2261 829 2297 Pal.
856 2261 909 2296 VI
937 2266 1020 2297 144:
1054 2264 1086 2296 A
1107 2258 1299 2307 Ἀνάθημα
1324 2261 1375 2296 τῶ
1396 2259 1513 2307 Ἑρμῆ
1538 2258 1641 2306 παρὰ
1665 2264 1767 2297 Λεω-

241 2306 422 2354 κράτους·
448 2309 516 2344 τοῦ
541 2307 659 2344 αὐτοῦ
686 2309 738 2352 (id
764 2310 822 2344 001,
842 2306 1175 2354 Ἀνακρέοντος)
1200 2311 1239 2344 et
1257 2309 1344 2344 ante
1365 2308 1438 2344 hoc
1457 2309 1687 2354 epigramma.
1704 2319 1768 2344 sex

241 2367 368 2391 versus
394 2355 519 2400 vacui,
554 2357 615 2391 sed
649 2356 746 2391 infra
769 2358 862 2414 post
886 2355 937 2391 VI
963 2360 1031 2392 213
1064 2355 1163 2391 inter
1187 2355 1388 2392 Simonidis
1414 2356 1685 2412 epigrammata
1709 2367 1768 2390 ex-

240 2403 391 2438 hibetur
409 2403 566 2448 (lemma
583 2403 683 2438 idem
702 2402 735 2437 A
754 2400 939 2457 ἀνάθημα
964 2417 1030 2439 τωι
1055 2400 1148 2449 ἕρμη
1167 2400 1271 2448 παρὰ
1290 2406 1504 2449 λεωκρατου
1529 2415 1596 2438 τον
1620 2399 1767 2447 αὐτοῦ),

242 2451 341 2494 quod
373 2451 542 2485 firmatur
572 2462 633 2508 00,
667 2451 766 2494 quod
798 2451 922 2510 priore
951 2451 1034 2486 loco
1066 2452 1151 2486 ante
1181 2450 1253 2486 hoc
1287 2450 1403 2496 epigr.
1427 2450 1563 2486 lacuna.
1592 2451 1665 2494 est,
1701 2449 1767 2485 ubi

241 2509 333 2533 corr.
361 2494 405 2533 οὖ
431 2499 552 2533 λείπει
577 2494 626 2538 ὡς
651 2495 755 2543 οἶμαι
782 2494 870 2533 οὐδε
905 2496 1095 2544 ἐνταυθα,
1131 2499 1174 2533 ut
1206 2497 1406 2533 verisimile
1437 2497 1486 2533 sit
1511 2497 1767 2532 Anacreontea

240 2545 326 2580 inde
352 2556 375 2580 a
402 2549 468 2580 134
500 2556 615 2590 usque
646 2545 694 2581 ad
726 2549 794 2580 143
826 2545 1052 2590 continuari,
1086 2547 1167 2580 tum
1201 2549 1269 2580 144
1300 2544 1396 2580 alius
1427 2546 1561 2598 poetae
1593 2544 1768 2588 subsequi

242 2592 491 2645 epigramma,
526 2604 612 2627 nam
646 2595 713 2627 145
744 2594 823 2628 tam
854 2593 901 2628 ab
929 2594 1161 2629 Anacreonte
1193 2603 1304 2637 quam
1330 2603 1352 2627 a
1377 2590 1564 2627 Simonide
1589 2590 1764 2635 alienum,

241 2638 410 2694 quamvis
436 2639 503 2675 τοῦ
538 2637 656 2675 αὐτοῦ
680 2639 910 2685 inscriptum.
961 2639 1078 2685 Atqui
1102 2640 1219 2675 altero
1250 2640 1334 2675 loco
1364 2638 1601 2675 intersertum
1627 2638 1765 2684 legitur

240 2687 427 2731 germanis
447 2686 646 2722 Simonidis
666 2687 955 2733 epigrammatis
998 2689 1052 2722 Ac
1073 2686 1272 2722 Simonidis
1291 2697 1371 2722 esse
1395 2685 1623 2736 poematium
1648 2685 1764 2721 etiam

241 2734 432 2769 Leocratis
463 2745 598 2770 nomen
629 2734 739 2769 fidem
771 2734 881 2779 facit,
919 2734 985 2780 qui
1020 2735 1120 2770 bello
1146 2733 1291 2770 Medico
1322 2733 1441 2769 altero
1473 2731 1527 2767 et
1545 2733 1631 2778 post
1654 2732 1764 2768 rebus

240 2781 400 2824 publicis
426 2781 613 2825 interfuit,
650 2792 770 2826 neque
797 2793 819 2816 a
843 2782 1101 2827 gymnicorum
1133 2781 1377 2817 certaminum
1408 2779 1531 2815 studio
1556 2779 1701 2815 alienus
1726 2782 1766 2816 et

242 2827 431 2866 Simonide
457 2831 498 2864 ut
523 2828 671 2866 videtur
696 2828 930 2866 familiariter
952 2841 1056 2875 usus,
1083 2828 1267 2875 siquidem
1291 2829 1403 2876 poeta
1427 2827 1466 2862 in
1486 2827 1565 2862 eius
1585 2827 1762 2867 honorem
