1864 3126
0 2664 53 3126 *rwzssrwstfffae-‘Issufflr
29 2615 31 2619 ,
22 2559 25 2561 ,

777 166 1052 206 SIMONIDES.
1592 162 1680 205 459

784 278 878 323 102.
912 278 1048 332 [165]
1591 284 1680 315 1152

251 378 404 422 Τῶνδε
435 373 496 421 δι’
532 372 792 432 ἀνθρώπων
825 370 990 431 ἀρετὰν
1022 369 1105 429 οὐχ
1137 371 1254 414 ἵκετο
1287 367 1456 421 καπνός

306 449 468 506 αἰθέρα
500 447 739 505 δαιομένης
770 442 1023 504 εὐρυχόρου
1059 442 1237 500 Τεγέας·

247 523 294 566 οἳ
321 519 541 578 βούλοντο
573 516 708 562 πόλιν
740 515 822 573 μὲν
854 516 1088 573 ἐλευθερίᾳ
1119 517 1367 558 τεθαλυῖαν

307 591 432 637 παισὶ
463 595 629 648 λιπεῖν,
661 586 790 634 αὐτοὶ
823 585 864 634 δ’
901 587 950 631 ἐν
981 583 1251 643 προμάχοισι
1283 590 1457 630 θανεῖν.

245 748 372 796 Epigr.
401 752 478 786 102.
530 748 643 785 Anth.
670 748 748 784 Pal.
775 748 845 785 VII
878 752 964 785 512:
1003 759 1094 785 corr.
1127 748 1194 784 τοῦ
1228 744 1347 784 αὐτοῦ
1378 748 1687 794 (Σιμωνίδου),

153 797 181 834 C
207 795 260 839 εἰς
290 794 378 838 τοὺς
411 795 567 842 ἓλληνας
591 792 679 837 τοὺς
703 793 771 842 τὴν
797 794 934 842 τέγεαν
962 792 1387 841 ἐλευθεροποιήσαντας.
1416 817 1460 822 -
1487 795 1532 831 V.
1561 799 1590 833 1.
1618 791 1686 830 ἆν-

150 842 319 891 θρώπων
342 844 545 880 insolenter
570 842 722 889 dictum,
749 843 904 889 antiqua
924 844 1139 890 corruptela
1164 843 1383 880 delitescere
1408 842 1570 888 videtur,
1598 842 1684 879 fort.

151 887 1500 985 {5:2551202223223212225‘2⁰2⁶vv2⁰²⁰2⁶=155r03032322133³312133..
1515 890 1687 984 Sexi?

155 1008 199 1015 -
269 1016 277 1024 .
308 991 341 1024 4.
374 989 532 1032 θανεῖν,
564 986 653 1022 olim
686 986 1010 1023 Schneidewinum
1040 988 1188 1022 secutus
1225 968 1367 1022 invitus
1402 990 1533 1022 πεσεῖν
1569 985 1685 1021 edidi.
1731 1007 1734 1011 -

154 1036 234 1072 Hoc
258 1034 493 1081 epigramma
517 1033 616 1070 sicut
634 1034 843 1080 proximum
868 1035 967 1079 (103)
993 1045 1171 1080 quorsum
1196 1036 1342 1080 spectet
1365 1034 1566 1070 incertum:
1592 1033 1687 1069 letn-

154 1084 258 1119 mata
281 1082 432 1118 Anthol.
458 1082 538 1118 Pal.
564 1081 628 1118 hic
647 1093 791 1126 quoque
811 1082 883 1118 fide
902 1082 1068 1128 indigna,
1094 1093 1182 1118 nam
1202 1084 1362 1128 apparet
1379 1083 1579 1127 utrumque
1599 1092 1690 1127 poe-

155 1130 313 1167 matium
339 1129 590 1176 Tegeatarum
614 1129 831 1175 praedicare
856 1129 1045 1174 virtutem,
1072 1129 1135 1174 qui
1161 1128 1323 1175 patriam
1350 1129 1481 1165 urbem
1507 1129 1686 1165 adversus

154 1179 279 1221 hostes
310 1176 459 1214 fortiter
489 1176 746 1213 defenderunt.
797 1177 839 1213 Ο.
871 1177 1008 1213 ΜίίΙΙοι·
1039 1177 1126 1213 Dor.
1155 1181 1191 1222 1,
1221 1181 1288 1213 188
1319 1176 1434 1213 refert
1465 1176 1514 1213 ad
1545 1177 1689 1212 bellum

154 1226 405 1273 Tegeatarum
439 1226 478 1261 et
509 1223 795 1271 Spartanorum,
828 1225 928 1270 quod
954 1227 1040 1271 post
1065 1224 1122 1261 Ol.
1150 1228 1206 1268 75,
1233 1229 1253 1260 2
1286 1225 1351 1260 sed
1383 1226 1471 1260 ante
1499 1223 1555 1260 Ol.
1584 1227 1640 1268 78,
1667 1229 1690 1260 4

154 1274 300 1321 gestum
327 1284 407 1309 esse
432 1273 583 1315 statuit3
611 1273 675 1308 sed
701 1273 850 1319 saepius
876 1272 1065 1319 Tegeatae
1092 1274 1130 1308 et
1162 1272 1338 1318 Spartani
1363 1271 1582 1308 inimicitias
1609 1272 1689 1318 agi·
1748 1290 1759 1300 ·

153 1322 346 1357 taverunt:
371 1321 415 1356 ut
439 1320 653 1365 antiquiora
677 1319 779 1356 bella
812 1320 1110 1366 praetermittam
1143 1318 1232 1366 (vid.
1260 1320 1395 1357 Herod.
1423 1321 1439 1355 I
1466 1320 1538 1365 65),
1570 1321 1688 1355 etiam

154 1370 241 1405 ante
266 1367 357 1404 belli
376 1367 515 1403 Medici
539 1367 750 1403 incendium
774 1368 949 1414 Spartani
966 1367 1094 1404 infesti
1114 1370 1221 1403 erant
1240 1367 1428 1413 Tegeatis,
1454 1367 1529 1403 vid.
1549 1366 1685 1403 Herod.

156 1415 206 1452 lX
231 1419 287 1452 37.
339 1414 506 1459 Accedit,
532 1414 633 1460 quod
658 1415 951 1460 haudquaquam
985 1415 1127 1450 certum
1159 1416 1218 1451 est
1242 1416 1346 1450 haec'
1361 1415 1410 1450 ad
1434 1415 1576 1451 bellum
1602 1426 1687 1451 cum

156 1461 350 1511 Spartanis
380 1464 529 1518 gestum
560 1462 754 1498 referenda
792 1473 891 1508 esse,
922 1461 1094 1509 inprimis
1125 1462 1241 1508 epigr.
1276 1467 1343 1499 103
1369 1474 1404 1499 v.
1430 1466 1453 1497 4
1499 1473 1583 1498 cum
1615 1462 1687 1498 hac

155 1511 467 1557 interpretatione
493 1521 567 1546 non
592 1510 683 1546 satis
709 1510 894 1546 convenit.
945 1510 1070 1546 Facile
1097 1522 1119 1545 a
1148 1512 1256 1556 paret
1281 1510 1353 1546 duo
1379 1510 1474 1546 haec
1500 1510 1684 1556 epigram-

155 1559 258 1594 mata
283 1557 449 1594 eiusdem
475 1559 608 1604 poetae
634 1568 714 1593 esse
741 1559 779 1593 et
804 1558 953 1594 easdem
979 1569 1036 1594 res
1063 1568 1086 1593 a
1136 1557 1279 1604 egeatis
1297 1559 1423 1604 gestas
1450 1557 1688 1603 praedicare:

154 1605 265 1652 plane
298 1605 397 1642 enim
428 1605 526 1641 inter
557 1616 595 1640 se
628 1604 860 1651 conspirant3
893 1605 965 1641 hoc
989 1605 1077 1640 inde
1104 1604 1364 1651 repetendum,
1399 1605 1501 1651 quod
1525 1605 1687 1641 alterum

155 1654 253 1699 (108)
278 1653 450 1699 sepulcro
470 1646 538 1698 (ὧν
559 1647 625 1688 ὅδε
646 1649 799 1700 τύμβος)
820 1652 893 1689 fuit
911 1652 1149 1689 destinatum.
1177 1653 1336 1689 alterum
1357 1654 1455 1699 (102)
1482 1652 1584 1688 inani
1612 1652 1690 1689 sive

155 1701 354 1738 honorario
385 1700 531 1737 tumulo
563 1700 801 1746 inscriptum,
841 1712 916 1746 qua
953 1699 1227 1736 necessitudine
1262 1699 1377 1736 etiam
1410 1712 1466 1747 ep.
1499 1704 1544 1737 96
1572 1702 1610 1737 et
1642 1704 1686 1737 97

155 1747 355 1785 coniuncta
387 1759 467 1784 esse
498 1748 666 1794 apparet.
733 1748 811 1784 Iam
850 1747 882 1784 si
918 1747 1107 1794 Tegeatae
1138 1748 1239 1784 haud
1272 1748 1401 1794 procul
1433 1748 1481 1784 ab
1513 1747 1604 1784 urbe
1635 1759 1690 1784 se-

156 1797 278 1833 cundo
303 1795 424 1831 Marte
451 1806 535 1831 cum
561 1795 730 1832 hostibus
751 1794 1005 1840 conflixerant,
1032 1795 1137 1832 inani
1155 1796 1300 1832 tumulo
1327 1796 1427 1832 haud
1447 1796 1561 1832 fuerit
1586 1807 1690 1842 opus,

155 1843 285 1888 itaque
311 1843 453 1879 bellum
478 1843 550 1879 hoc
569 1844 676 1879 extra
699 1842 792 1879 fines
817 1844 965 1890 gestum
985 1854 1066 1880 esse
1093 1845 1383 1880 consentaneum
1410 1846 1476 1880 est.
1504 1843 1691 1889 Equidem

155 1902 229 1927 non
255 1890 385 1927 dubito
416 1890 510 1927 haec
541 1890 734 1936 poematia
764 1891 812 1926 ad
837 1902 895 1927 res
921 1902 944 1927 a
969 1891 1145 1937 Tegeatis
1178 1890 1277 1927 bello
1309 1891 1457 1927 Medico
1482 1895 1607 1938 gestas
1632 1902 1688 1926 re-

155 1940 263 1982 ferre,
295 1948 388 1984 quos
419 1938 567 1974 constat
599 1937 744 1984 proelio
776 1939 824 1975 ad
856 1938 1029 1975 Plataeas
1065 1938 1279 1975 interfuisse
1317 1941 1356 1975 et
1386 1939 1474 1984 post
1503 1939 1689 1984 proelium

159 1986 310 2022 seorsim
337 1985 414 2022 suis
439 1986 625 2021 tumulum
652 1985 888 2031 exstruxisse,
915 1986 989 2023 vid.
1010 1986 1147 2022 Herod.
1167 1986 1219 2021 IX
1239 1989 1284 2022 85
1313 1987 1498 2032 Τεγεῆται
1518 1985 1560 2023 δὲ
1581 1986 1692 2032 χωρὶς

156 2030 301 2074 πάντας
325 2030 440 2074 ἁλέας
459 2031 660 2079 (ἔθαψαν),
680 2034 815 2079 quibus
835 2034 1050 2080 petentibus
1077 2033 1285 2071 Simonides
1304 2036 1504 2080 utrumque
1525 2034 1690 2080 elogium

156 2080 388 2128 gratificatus
414 2082 482 2125 est,
508 2092 595 2117 nam
615 2081 773 2127 insignis
800 2081 899 2118 nitor
919 2081 1125 2117 carminum
1145 2082 1254 2118 huius
1273 2083 1408 2128 poetae
1428 2093 1580 2127 operam
1600 2082 1691 2118 satis

156 2139 347 2212 zizimi
364 2128 546 2212 “³⁸32ssss
565 2128 1690 2213 ἷῖἶῗῖνίεωῖἒῖθὲθῖἵὲἶῖἒὲἓξῃῖθῖὲῗὲῗὲἶῇἔὲοἳῗιῖιὲθῗέἒὲ

158 2204 403 2316 ξὲἓΐίῗωίᾏε,
420 2234 573 2316 Ἓέιῖῑῗ·
590 2188 796 2308 312»,ἕὲἓὲ
797 2224 1490 2308 Ἓὲὲὲἒηῗἰέὲῖῗῖἔθὲθῗῗῗέὴῗὲἓῗὲἑ
1507 2225 1691 2307 ῗΐέἑΐζξί

158 2316 291 2360 fuisse3
317 2327 404 2352 nam
430 2317 461 2353 si
484 2319 586 2355 recte
610 2330 644 2355 v.
665 2322 687 2354 4
706 2314 956 2365 ἀποφθιμένη
977 2319 1135 2363 restitui,
1162 2321 1276 2365 poeta
1295 2319 1387 2355 dicit
1407 2319 1595 2365 Tegeatae
1615 2318 1686 2355 for-

157 2365 246 2401 titer
269 2364 495 2411 pugnavisse
520 2376 588 2410 pro
614 2366 704 2402 urbe
731 2377 808 2409 sua,
835 2367 877 2401 ut
902 2367 1107 2402 communis
1127 2367 1271 2412 patriae
1293 2367 1454 2402 salutem
1474 2367 1688 2402 tuerentur:

158 2412 316 2448 Graecia
348 2412 448 2447 enim
480 2412 637 2449 subacta
676 2424 715 2448 se
747 2424 895 2459 quoque
928 2414 1076 2450 hostilis
1108 2414 1376 2450 dominationis
1402 2413 1502 2449 hand
1527 2413 1604 2449 fore
1630 2426 1689 2449 ex·

183 2461 283 2496 ertes
315 2459 623 2506 intellexerunt*)
674 2460 860 2506 Insignem
895 2461 994 2497 enim
1025 2462 1169 2508 patriae
1204 2472 1368 2497 amorem
1395 2472 1439 2497 ea
1464 2462 1690 2506 tempestate

161 2507 1038 2592 A‘Zfissffisffisbtvffizrffgsste‘effiss'tffls
1052 2508 1692 2592 ‘Zsstffssssimiffsmpssffpfflff3¹12&ss

157 2602 385 2639 Graecarum
410 2567 606 2638 civitlatum
631 2583 778 2639 Medico
804 2604 883 2639 tum
926 2603 969 2638 tu
994 2603 1190 2649 ingruente
1216 2584 1516 2649 componeretur:
1543 2604 1589 2639 cf.
1616 2603 1688 2640 He-

158 2649 237 2686 rod.
270 2649 322 2686 IX
348 2654 381 2688 9,
425 2649 522 2685 Plut.
551 2649 729 2685 Themist.
762 2660 792 2685 c.
819 2655 840 2686 6
872 2652 912 2687 et
936 2650 983 2686 de
1013 2650 1148 2687 Herod.
1177 2651 1329 2697 malign.
1357 2663 1386 2686 c.
1413 2654 1469 2687 41.
1513 2650 1688 2696 Polyaen.

157 2696 191 2732 V
218 2700 274 2733 30.
324 2696 441 2734 Poeta
466 2697 566 2742 quod
592 2697 775 2743 Tegeatae
803 2708 870 2743 pro
897 2709 964 2733 sua
988 2697 1091 2742 urbe,
1118 2709 1191 2734 non
1211 2710 1278 2744 pro
1299 2697 1458 2734 Graecia
1477 2710 1688 2745 propugna-

302 2838 336 2884 ¹⁸)
363 2840 417 2875 Ac
443 2839 599 2876 fortasse
630 2839 670 2875 in
695 2840 872 2876 lemmate
899 2840 988 2876 olim
1015 2839 1088 2876 fuit
1112 2839 1293 2886 scriptum
1325 2839 1380 2882 εἰς
1404 2837 1492 2882 τοὺς
1518 2838 1684 2886 Τεγεά-

158 2898 240 2927 τας
263 2884 353 2928 τοὺς
377 2885 446 2932 τὴν
474 2884 669 2923 Ἑλλάδα
702 2884 1133 2933 ἐλευθεροποίησαντας,
1166 2888 1266 2935 quod
1302 2888 1517 2925 immutavit
1545 2888 1688 2926 librarii

159 2934 327 2979 procacis
350 2933 511 2972 inscitia.
