1864 3126
246 127 334 169 452
537 134 539 137 “
811 128 1002 164 ΡΟΕΤΑΕ
1028 129 1204 166 MELICI.

957 238 980 263 ²¹²
992 238 1061 280 93.
1679 250 1770 283 1149

346 315 518 360 Τούσδε
548 323 686 361 ποθεῖ
713 318 964 374 φθιμένους
995 317 1106 375 ὑπὲρ
1132 317 1343 372 Ἑλλάδος
1375 317 1503 364 ἀντία
1535 319 1717 377 Μήδων

401 387 670 445 μητρόπολις
701 391 891 446 Λοκρῶν
923 387 1194 446 εὐθυνόμων
1222 387 1399 442 Ὀπόεις.

892 510 960 551 94.
995 509 1129 563 [152]

342 591 512 645 Μνῆμα
543 588 646 632 τόδε
677 593 869 634 κλεινοῖο
903 594 1137 647 Μεγιστία,
1171 591 1223 634 ὅν
1254 605 1359 634 ποτε
1391 593 1546 647 Μῆδοι

400 658 647 717 Σπερχειὸν
679 659 879 717 ποταμὸν
909 670 1087 705 κτεῖναν
1120 659 1434 718 ἀμειψάμενοι,

339 729 537 786 μάντιος,
568 727 619 783 ,ὃς
649 730 748 775 τότε
778 734 917 789 κῆρας
949 733 1240 790 ἐπερχομένας
1271 732 1392 789 σάφα
1424 732 1553 785 εἰδώς

400 800 482 845 οὐκ
514 804 613 858 ἔτλη
647 801 856 859 Σπάρτης
886 800 1108 860 ἡγεμόνας
1137 809 1381 861 προλιπεῖν.

847 947 896 952 -
932 923 1001 965 95.
1034 924 1170 976 [155]
1679 935 1769 967 1150

341 1001 539 1055 Εὐκλέας
570 1001 646 1046 αἶα
676 1004 879 1059 κέκευθε,
912 1006 1135 1060 Λεωνίδα,
1168 1008 1215 1049 οἳ
1243 1003 1350 1062 μετὰ
1382 1014 1474 1049 σεῖο

398 1072 496 1131 τῇδ’
532 1077 715 1130 ἔθανον,
748 1074 958 1130 Σπάρτης
990 1073 1239 1133 εὐρυχόρου
1269 1079 1476 1132 βασιλεῦ,

339 1147 556 1188 πλείστων
589 1143 643 1200 δὴ
675 1144 816 1197 τόξων
847 1162 893 1188 τε
923 1144 997 1188 καὶ
1030 1142 1276 1190 ὠκυπόδων
1309 1147 1472 1198 σθένος
1502 1147 1650 1190 ἵππων

398 1218 614 1272 Μηδείων
644 1214 685 1258 τ’
722 1214 905 1273 ἀνδρῶν
936 1215 1167 1272 δεξάμενοι
1198 1218 1386 1276 πολέμῳ.

243 1359 344 1404 quod
375 1370 451 1394 non
481 1359 520 1393 et
549 1358 799 1394 necessarium
831 1359 870 1393 et
906 1358 1066 1393 maxime
1103 1358 1292 1404 proprium
1324 1359 1383 1402 sit,
1417 1362 1460 1394 ut
1489 1360 1640 1405 propter
1671 1359 1768 1395 hanc

242 1407 363 1452 ipsam
389 1405 671 1450 simplicitatem
694 1405 790 1440 nihil
814 1406 884 1441 hoe
909 1405 1108 1451 praeconio
1134 1406 1285 1451 gravius
1311 1407 1401 1451 fingi
1427 1407 1553 1463 possit.

338 1453 464 1498 Epigr.
491 1457 546 1488 93.
599 1452 734 1488 Strabo
754 1452 805 1487 IX
824 1456 911 1487 425:
933 1449 974 1488 ‘O
998 1449 1035 1487 δ’
1060 1450 1194 1494 Ὀποῦς
1219 1450 1296 1489 ἔστι
1316 1457 1546 1511 μητροπολις
1570 1453 1766 1499 (Λοκρῶν),

242 1498 421 1545 καθάπερ
447 1499 512 1535 καὶ
535 1497 577 1535 τὸ
606 1497 822 1545 ἐπίγραμμα
849 1501 963 1544 δηλοῖ
981 1497 1027 1534 τὸ
1055 1497 1129 1535 ἐπὶ
1153 1501 1204 1547 τῇ
1231 1514 1383 1558 πρωτη
1403 1502 1490 1536 τῶν
1510 1499 1645 1536 πέντε
1667 1513 1769 1546 στη-

242 1549 328 1584 λῶν
363 1548 450 1582 ‘cdiv
482 1547 588 1592 περὶ
622 1546 926 1592 Θερμοπύλας
957 1544 1281 1593 ἐπιγεγραμμένον
1312 1561 1407 1593 προς
1431 1549 1481 1596 τῷ
1508 1549 1766 1596 πολυανδρίῳ·

245 1593 417 1631 Τούσδε
451 1598 525 1630 κτλ.
570 1595 756 1630 Simonidi
785 1594 1031 1640 probabiliter
1060 1595 1194 1630 tribuit
1220 1595 1493 1638 Schneidewim
1538 1606 1767 1641 quamquam

244 1643 341 1678 enim
374 1642 586 1678 Herodotus
617 1653 691 1678 non
716 1643 915 1685 memorat,
948 1641 1036 1686 quia
1070 1642 1317 1678 Locrensibus
1350 1643 1644 1689 Amphictyones
1670 1643 1768 1678 hunc

245 1691 424 1726 honorem
446 1701 519 1725 non
539 1691 800 1725 concesserunt
819 1689 906 1735 (vid.
927 1701 961 1734 p.
977 1691 1073 1734 428),
1084 1691 1211 1725 tamen
1231 1702 1305 1726 non
1324 1691 1379 1726 ita
1397 1691 1516 1726 multo
1534 1691 1620 1735 post
1639 1689 1766 1725 viden-

242 1739 305 1772 tur
330 1737 600 1782 impetravisse,
627 1748 671 1772 ac
696 1736 897 1772 verisimile
923 1738 990 1781 est,
1017 1747 1080 1772 eos
1106 1736 1334 1773 Simonidem
1358 1738 1530 1783 precibus
1556 1736 1702 1780 adiisse,
1726 1738 1770 1771 ut

244 1784 357 1829 digno
390 1784 513 1829 elogio
552 1796 702 1819 suorum
734 1784 950 1819 memoriam
983 1783 1184 1819 decoraret.
1226 1806 1271 1810 —
1311 1785 1354 1820 V.
1384 1789 1414 1820 1.
1445 1787 1568 1820 ποθεῖ
1593 1782 1770 1820 Meinekii

243 1832 511 1867 correctionem
542 1831 757 1867 dubitanter
787 1831 923 1876 recepi,
956 1831 1150 1876 legebatur
1181 1844 1269 1867 ποτε
1303 1831 1453 1867 exordio
1484 1831 1657 1867 carminis
1683 1842 1768 1867 con-

242 1879 455 1923 venienter,
489 1890 572 1913 cum
604 1878 758 1914 verbum
789 1879 892 1914 velut
924 1881 1048 1913 ποθεῖ
1071 1878 1311 1914 novissimum
1342 1880 1466 1915 locum
1498 1879 1575 1914 fere
1601 1879 1783 1924 occupet-.-

244 1926 377 1961 Strabo
410 1926 566 1961 fortasse
596 1937 672 1961 non
704 1925 892 1970 integrum
923 1924 1122 1970 adscripsit
1160 1925 1407 1971 epigramma;
1439 1926 1558 1962 altero
1594 1926 1767 1970 disticho,

242 1973 342 2017 quod
368 1973 575 2008 subiectum
594 1973 678 2017 fuit,
702 1975 817 2018 poeta
835 1972 1008 2007 laudibus
1027 1972 1267 2008 Locrensium
1292 1972 1553 2009 fortitudinem
1573 1973 1766 2009 eitulerat.

243 2041 287 2046 —
320 2021 363 2055 V.
397 2025 429 2055 2.
462 2017 690 2065 εὐθυνόμων
719 2017 866 2060 Ὀπόεις
899 2020 1052 2064 Coraes,
1090 2016 1317 2065 εὖθυνόμων
1349 2017 1473 2060 ὀπίοις
1504 2022 1536 2054 Α
1569 2017 1766 2064 (θυνόμων

242 2065 366 2108 ὀπίοις
403 2080 425 2103 a
450 2080 497 2102 m.
525 2079 595 2103 sec.
629 2069 670 2102 ut
700 2067 768 2112 gh,
804 2067 842 2102 in
873 2077 990 2111 marg.
1017 2064 1153 2102 κεύθει
1183 2064 1418 2112 νομοπόεις),
1444 2067 1458 2102 l
1483 2063 1619 2102 κεύθει
1643 2079 1767 2112 νομως

242 2112 385 2159 ὀπόεις,
418 2115 482 2150 ΒΚ
506 2113 643 2150 κεύθει
669 2110 809 2160 ὀπόεις,
846 2125 894 2150 no
919 2112 1002 2149 Ald.
1030 2110 1166 2149 κεύθει
1193 2142 1200 2149 .
1223 2143 1230 2151 .
1254 2143 1260 2149 .
1289 2111 1488 2158 ὀπουντία,
1519 2115 1545 2149 h
1571 2125 1594 2149 a
1618 2126 1667 2150 m.
1693 2125 1766 2151 see.

243 2159 379 2198 κεύθει
405 2159 500 2208 ὁμοῦ
527 2159 668 2206 ὄπόεις,
696 2161 954 2197 Schneidewin
980 2158 1115 2196 κεύθει
1141 2154 1237 2196 ὅλων
1259 2158 1417 2206 Ὀπόεις,
1451 2162 1605 2196 Kramer
1629 2159 1766 2196 κεύθει

241 2206 340 2255 ὁμῶς
368 2207 527 2253 Ὀπόεις,
563 2209 709 2245 Hecker
740 2205 927 2244 κευθάνει
959 2202 1027 2243 ὧδ’
1061 2205 1224 2255 Ὀπόεις,
1255 2220 1351 2253 quae
1382 2209 1470 2245 ferri
1501 2219 1576 2244 non
1601 2210 1767 2254 possunt,

246 2269 331 2292 nam
357 2268 432 2292 non
458 2259 543 2292 sunt
566 2257 605 2291 in
629 2255 753 2302 patria
777 2255 932 2292 humati.

337 2303 461 2361 Epigr.
490 2308 546 2339 94.
595 2304 729 2339 Herod.
757 2303 823 2338 V11
849 2307 937 2339 228:
963 2304 1299 2349 Λακεδαιμονίοισι
1324 2302 1393 2349 μὲν
1421 2301 1468 2348 δὴ
1493 2304 1621 2339 τοῦτο·
1647 2303 1698 2351 τῷ
1720 2301 1763 2338 δὲ

242 2349 354 2397 μάντι
378 2353 481 2387 τοδε·
509 2351 678 2397 Μνῆμα
705 2354 778 2386 κτλ.
814 2347 1090 2396 Ἐπιγράμμασι
1116 2349 1185 2393 μέν
1211 2363 1281 2386 νυν
1306 2351 1371 2386 καὶ
1396 2349 1557 2397 στήλῃσι,
1584 2348 1656 2394 ἔξω
1677 2346 1702 2395 ἢ
1721 2347 1764 2385 τὸ

241 2400 307 2434 τοῦ
334 2396 487 2444 μάντιος
513 2395 740 2443 ἐπίγραμμα,
762 2395 1024 2443 Ἀμφικτυόνες
1049 2397 1125 2433 εἰσί
1145 2409 1266 2442 σφεας
1289 2396 1328 2433 οἱ
1351 2395 1688 2442 ἐπικοσμήσαντες·
1715 2394 1759 2431 τὰ

242 2444 284 2480 δὲ
311 2447 377 2482 τοῦ
403 2444 558 2491 μάντιος
581 2447 792 2491 Μεγιστίεω
817 2446 1079 2491 Σιμωνίδης
1103 2442 1123 2480 ὁ
1145 2442 1449 2490 Λεωπρέπεός
1475 2443 1552 2481 ἔστι
1570 2441 1666 2480 κατὰ
1690 2444 1762 2487 ξει-

241 2494 326 2538 νίην
352 2490 371 2528 ὁ
400 2491 624 2538 ἐπιγράψας.
662 2493 766 2528 Adde
792 2493 942 2528 Anthol.
969 2491 1037 2527 VII
1063 2496 1148 2527 677:
1175 2503 1267 2528 corr.
1292 2492 1331 2527 in
1356 2504 1426 2528 ras.
1448 2489 1490 2528 ἐκ
1517 2492 1582 2536 τῆς
1602 2489 1765 2536 ἴστορίας

237 2537 457 2586 ζΗροδότου·
492 2541 518 2576 C
551 2539 604 2580 εἰς
634 2537 699 2575 τὸν
730 2538 854 2584 τάφον
879 2540 1079 2584 μεγίστεως
1109 2540 1176 2574 τοῦ
1210 2537 1378 2585 μάντεως
1410 2540 1476 2575 τοῦ
1502 2535 1576 2574 ὑπὸ
1604 2539 1762 2583 Περσῶν

241 2584 523 2632 ἀναιρεθέντος.
575 2587 759 2623 Simonidi
788 2587 921 2622 tribuit
952 2586 1067 2622 etiam
1097 2586 1218 2622 Iriart.
1252 2591 1332 2622 293.
1365 2607 1410 2612 —
1442 2587 1486 2622 V.
1520 2590 1550 2620 1.
1587 2588 1763 2630 κλεινοῖο,

242 2646 300 2680 ap.
326 2635 411 2671 Her.
440 2635 497 2670 VS
524 2635 563 2670 et
586 2635 687 2670 Iriar.
713 2637 883 2669 κλειτοῖο.
915 2655 955 2660 -
981 2635 1180 2678 Μεγιστία,
1207 2634 1316 2669 Anth.
1344 2634 1561 2678 Μεγιστίου.

336 2683 463 2728 Epigr.
496 2686 551 2719 95.
607 2683 718 2719 Anth.
755 2682 832 2717 Pal.
865 2681 934 2716 VII
967 2685 1055 2716 301:
1094 2691 1186 2716 corr.
1223 2682 1290 2716 τοῦ
1327 2678 1461 2716 αὐτοῦ·
1495 2683 1574 2715 tum
1613 2681 1764 2726 Σιμω-

242 2730 372 2764 νίδου
399 2732 638 2775 expunctum:
666 2728 692 2764 G
720 2728 773 2769 εἰς
796 2726 884 2768 τοὺς
908 2725 1001 2774 μετὰ
1026 2729 1209 2772 λεωνίδην
1234 2726 1301 2763 τὸν
1326 2724 1555 2773 σπαρτιάτην
1583 2724 1763 2772 τελευτή-

243 2787 390 2817 σαντας.
413 2796 459 2803 -
477 2776 521 2811 V.
544 2782 574 2812 1.
595 2774 752 2817 εὐκλέας
771 2773 837 2811 αἶα
857 2775 1051 2819 planudes,
1078 2771 1212 2810 εὐκλεᾶ
1233 2779 1323 2820 γαῖα
1343 2775 1422 2811 cod.
1443 2794 1487 2801 -—
1511 2774 1550 2809 V.
1573 2778 1605 2811 2.
1634 2772 1763 2819 Σπάρ-

242 2836 306 2867 της
330 2823 423 2869 cod.,
449 2821 628 2869 Σπάρτας
653 2823 807 2859 Planud.
835 2844 879 2849 —-
911 2823 1063 2869 βασιλεῦ
1087 2823 1254 2865 Planud.,
1288 2823 1450 2868 βασιλεῖς
1474 2821 1553 2857 cod.
1583 2842 1627 2866 ÷
1656 2821 1698 2857 V.
1727 2825 1759 2857 4.

242 2867 277 2903 τ’
306 2881 376 2907 om.
405 2872 483 2907 cod.
510 2871 602 2916 Pal„
628 2871 783 2907 inseruit
807 2870 954 2906 Brunck
980 2881 1024 2905 ex
1049 2869 1216 2914 Planud.,
1242 2869 1307 2905 ubi
1331 2870 1388 2905 est
1418 2869 1599 2914 Μηδείων
1623 2865 1660 2903 τ’
1697 2865 1763 2904 άν-
