1864 3126
591 131 898 172 FRAGMENTA
923 130 1192 168 ADESPo'rA.
1575 125 1655 169 731

851 243 946 285 134.

243 332 397 374 Aelian.
435 333 539 372 Hist.
578 331 652 372 An.
692 330 786 370 XIV
833 331 903 369 14:
941 325 968 381 ἥ
1008 343 1050 382 γε
1092 324 1172 380 μὴν
1211 324 1435 378 καλουμένη
1477 322 1544 364 καὶ
1583 318 1662 363 ὑπὸ

121 400 202 440 τῶν
241 399 415 451 ποιητῶν
457 392 602 449 κεμᾶς
645 396 845 449 δραμεῖν
887 390 1062 446 ῶκίστη
1105 391 1312 445 θυέλλης
1356 391 1511 443 δίκην.
1551 385 1663 443 (vat.

123 465 289 518 δραμεῖν
320 461 392 517 μὲν
423 458 513 516 ὦκ.)

786 552 787 558 '
852 576 948 619 135.

246 668 363 708 Plato
398 668 448 707 de
480 667 576 717 Rep.
608 666 644 704 X
678 666 760 705 607
780 664 832 703 B:
869 658 1016 702 παλαια
1049 660 1120 714 μέν
1151 677 1208 710 τις
1240 656 1415 713 διαφορὰ
1447 658 1666 713 φιλοσοφίᾳ

124 749 163 776 τε
193 732 260 775 καὶ
301 734 500 786 ποιητικῇ·
545 729 610 771 καὶ
650 726 724 783 γὰρ
764 725 790 781 ἡ
832 726 1063 779 λακέρυζα
1103 723 1219 780 πρὸς
1260 722 1496 767 δεσπόταν
1538 720 1667 765 κύων

125 799 192 855 καὶ
222 794 573 852 κραυγάζουσα,
599 794 665 836 καὶ
690 794 833 848 μέγας
863 793 907 834 ἐν
938 790 1167 847 ἀφρόνων
1196 791 1569 846 κενεαγορίαισι,
1600 788 1667 830 καὶ

128 862 150 907 ὃ
179 868 269 907 τῶν
302 865 391 905 Δία
423 865 587 915 σοφῶν
618 859 753 915 ὄχλος
784 862 988 913 κρατῶν,
1019 858 1086 899 καὶ
1117 859 1164 900 οἱ
1190 861 1367 907 λεπτῶς
1399 858 1668 910 μεριμνῶν-

128 947 200 981 τες
231 928 302 972 ὅτι
333 927 421 982 ἄρα
451 927 699 978 πένονται,
735 925 801 967 καὶ
833 924 930 967 ἄλλα
961 926 1082 978 μυρία
1113 928 1255 977 σημεῖα
1285 926 1456 971 παλαιᾶς
1487 917 1669 962 ε’ναντιῶ-

129 1010 227 1045 σεως
258 993 419 1037 τούτων.
480 995 540 1034 Ex
578 995 640 1033 his
681 995 855 1044 quatuor
891 992 1083 1043 exemplis
1121 1005 1245 1042 quum
1283 999 1406 1029 unuin
1443 990 1668 1028 alterumve

128 1078 176 1104 ex
218 1062 422 1104 comoedia
464 1062 530 1101 vel
575 1059 787 1111 tragoedia.
829 1058 1002 1110 petitum
1046 1070 1132 1097 esse
1176 1057 1379 1104 videatur,
1417 1055 1497 1094 duo
1534 1054 1669 1105 priora

127 1132 237 1174 certe
268 1130 318 1168 ad
358 1128 506 1179 lyricos
544 1127 688 1176 poetas.—
719 1123 944 1164 referenda-
967 1125 1079 1172 sunt,
1119 1124 1159 1162 et
1195 1122 1370 1173 primum
1408 1133 1512 1171 resp.
1546 1120 1668 1159 etiam

128 1195 178 1234 de
209 1193 305 1245 Leg.
337 1191 415 1231 XII
449 1193 532 1231 967
551 1191 598 1230 O:
637 1188 703 1229 καὶ
741 1184 790 1241 δὴ
832 1187 899 1228 καὶ
930 1184 1173 1240 λοιδορήσεις
1203 1202 1246 1241 γε
1278 1185 1457 1239 ἐπῆλθον
1488 1188 1669 1237 ποιηταῖς

127 1256 220 1308 τοὺς
245 1259 564 1310 φιλοσοφοῦντας
589 1254 680 1296 κυσὶ
706 1254 884 1307 ματαίαις
910 1249 1192 1302 ἀπεικάζοντας
1218 1250 1478 1305 χρωμέναισιν
1504 1247 1669 1299 ὑλακαῖς

127 1323 225 1366 ἄλλα
254 1321 288 1363 τ’
323 1316 375 1363 αὖ
406 1317 543 1374 ἀνόητ’
579 1321 714 1361 εἰπεῖν.
776 1320 857 1375 Prq
887 1315 1080 1359 δεσπόταν
1112 1319 1203 1358 Vat.
1229 1318 1262 1357 B
1297 1313 1479 1368 δεσπότα,
1511 1317 1611 1357 Ven.
1639 1316 1668 1356 G

129 1388 317 1439 δέσποτα,
356 1389 460 1439 Ang.
491 1387 526 1426 B
565 1382 791 1436 δεσπόθαν,
830 1385 972 1425 deinde
1016 1381 1213 1437 πράξουσα
1255 1384 1443 1423 exhibent
1475 1383 1594 1423 vind.
1627 1383 1671 1423 F.

133 1455 237 1506 Ang.
268 1455 315 1493 B.
345 1454 451 1493 Flor.
484 1453 538 1504 R,
569 1455 610 1491 ei,
641 1451 907 1504 κενεαγορίαις
938 1451 1030 1490 Par.
1063 1451 1115 1501 Κ,
1154 1449 1460 1503 καινεαγορίαισι
1490 1449 1583 1488 Vat.
1616 1448 1665 1487 H.

130 1522 236 1561 Flor.
267 1521 315 1561 A.
378 1518 531 1559 Deinde
570 1517 649 1557 Δία
689 1519 827 1569 σοφῶν
864 1518 954 1557 Par.
988 1518 1041 1568 A,
1080 1511 1146 1556 διὰ
1185 1517 1323 1567 σοφῶν
1359 1515 1425 1556 vel
1463 1515 1671 1565 διασοφῶν

132 1586 265 1627 ceteri.
1118 1584 1122 1588 ’

861 1688 956 1730 136.

263 1778 408 1817 Athen.
442 1777 498 1815 IV
535 1778 617 1815 163
633 1776 685 1815 F:
729 1771 939 1826 Διοδώρου
982 1776 1051 1815 τοῦ
1094 1770 1136 1813 τὸ
1176 1771 1290 1827 γένος
1326 1769 1561 1813 Ἀσπενδίου
1601 1767 1674 1823 τὴν

138 1841 427 1897 ἐξηλλαγμένην
453 1837 728 1895 εἰσαγαγόντος
751 1836 998 1892 κατασκευὴν
1022 1838 1089 1879 καὶ
1113 1843 1194 1888 τοῖς
1214 1837 1510 1892 Πυθαγορείοις
1529 1840 1673 1889 πεπλη-

131 1906 309 1949 σιακέναι
349 1905 709 1959 προσποιηθέντος·
746 1902 846 1959 πρὸς
882 1902 930 1946 ὃν
968 1903 1199 1946 ἐπιστέλλων
1236 1900 1257 1946 ὁ
1298 1900 1560 1957 Στρατόνικος
1597 1901 1673 1943 ε’κέ-

138 1977 248 2015 λευσε
278 1970 348 2014 τὸν
379 1969 598 2024 ἀπαίροντα
628 1968 670 2013 τὸ
702 1970 829 2026 ῥηθὲν
860 1968 1093 2025 ἀπαγγεῖλαι
1129 1973 1188 2026 τῷ
1225 1967 1331 2022 περὶ
1362 1967 1674 2021 θηροπέπλου

139 2040 312 2093 μανίας
342 2035 525 2092 ὕβρεώς
555 2053 600 2079 τε
631 2035 975 2090 περιστάσιμον
1006 2032 1150 2078 στοὰν
1187 2035 1344 2089 ἔχοντι
1376 2030 1674 2087 Πυθαγόρου

135 2101 319 2160 πελάτᾳ.
381 2105 565 2144 Meineke
597 2105 773 2155 scripsit:
814 2105 878 2159 Τῷ
915 2101 1031 2154 πατρὶ
1061 2100 1318 2155 πηροπέπλου
1351 2100 1493 2152 μανίας
1533 2095 1675 2152 ὕβρεός

132 2185 172 2210 τε
202 2166 477 2224 περιστάσιμον
505 2165 511 2223 Ι
539 2165 657 2210 στοὰν
687 2167 814 2221 ἔχοντι
846 2164 1094 2220 Πυθαγόρου
1125 2163 1281 2222 πελάτᾳ.
1332 2166 1487 2204 Malim:

425 2266 489 2320 Τῷ
520 2261 867 2316 περιθηροπέπλου

421 2330 564 2382 μανίας
594 2324 639 2369 θ’
673 2324 815 2381 ὕβριός
844 2342 883 2367 τε
913 2328 1190 2381 περιστασίμου

420 2391 541 2435 στοὰν
572 2393 698 2447 ἔχοντι
730 2388 979 2447 Πυθαγόρου
1004 2388 1159 2447 πελάτᾳ.

137 2492 236 2530 quos
269 2491 410 2519 versus
443 2478 691 2518 Stratonicus
722 2478 840 2517 homo
871 2478 1024 2516 facetus
1056 2477 1122 2516 vel
1152 2477 1238 2527 ipse
1264 2475 1358 2515 iecit
1382 2475 1423 2514 in
1448 2473 1671 2514 Diodorum

136 2545 202 2586 vel
232 2544 407 2584 aliunde.
426 2544 574 2595 petitos
605 2543 795 2594 parodiae
827 2542 962 2594 gratia
991 2541 1160 2582 refinxit.

862 2670 960 2713 137.

258 2765 462 2804 Himerius
493 2765 552 2804 IV
587 2766 630 2804 1:
663 2759 769 2803 Ἰδοῦ
806 2758 858 2815 δὴ
896 2757 943 2802 τὰ
982 2763 1078 2813 νῦν,
1115 2756 1137 2801 ὁ
1176 2763 1380 2814 γενναῖος,
1419 2761 1467 2813 τῇ
1499 2757 1570 2814 νέᾳ
1601 2770 1675 2799 σου

143 2827 254 2872 πόλει
284 2826 404 2885 ταύτῃ
435 2828 501 2870 καὶ
532 2825 700 2882 μουσικὴ
732 2828 1010 2882 συνεγείρεται,
1051 2822 1252 2867 ὠδίνουσα
1290 2823 1362 2878 μὲν
1399 2823 1466 2865 καὶ
1496 2822 1675 2878 πρόσθεν
1702 2840 1792 2872 1352

143 2899 323 2949 φανῆναι
352 2899 432 2944 τοῖς
451 2892 658 2948 ”Ελλησιν,
696 2890 816 2934 οὐδὲν
851 2889 926 2948 γὰρ
963 2888 1072 2946 οἶμαι
1102 2888 1225 2933 καλὸν
1255 2889 1382 2932 ἐθέλει
1412 2887 1673 2945 κρύπτεσθαι·
