1864 3126
0 2870 26 2934 ρ

0 2935 10 2992 Ξ

769 739 969 783 XLVIII.
1408 728 1411 731 ’
1549 750 1638 782 1282

519 845 1220 896 HERMODOTUS.

221 980 326 1021 Plut.
359 980 408 1019 de
440 980 494 1020 Is.
528 981 570 1019 et
601 979 706 1018 Osir.
731 991 762 1018 c.
790 980 864 1018 24:
883 974 1011 1017 ’Ὅθεν
1037 973 1260 1031 ’Λντίγονος
1291 973 1312 1017 ὅ
1344 975 1472 1031 γέρων
1496 972 1639 1029 Ἑρμο-

100 1041 220 1087 δότου
251 1041 371 1094 τινὸς”
388 1044 432 1085 ἐν
462 1041 682 1096 ποιήμασιν
713 1040 835 1084 αὐτὸν
859 1039 1025 1099 τΗλίου
1064 1043 1215 1083 παῖδα
1245 1042 1311 1082 καὶ
1348 1039 1468 1083 θεὸν
1498 1039 1640 1095 ἄναγο-

100 1107 304 1163 ρεύοντος,
347 1106 396 1151 οὐ
437 1105 599 1150 τοιαῦτά
636 1124 721 1160 μοι,
762 1104 889 1159 εἶπεν,
933 1104 955 1148 ὃ
994 1105 1270 1161 λασανοφόρος
1314 1105 1510 1149 σύνοιδεν.
1581 1108 1640 1147 Cf.

100 1176 306 1227 Apophth.
338 1176 436 1227 Reg.
466 1190 506 1227 p.
542 1177 636 1215 181.
699 1175 848 1214 Parum
879 1175 1102 1225 probabilis
1135 1175 1367 1214 Schneideri
1398 1175 1641 1224 coniectura,

99 1242 170 1293 qui
199 1242 267 1282 hic
288 1237 548 1294 Ἑρμοδώρου
579 1253 725 1280 nomen
754 1241 1052 1280 restituendum
1084 1243 1219 1291 putat,
1250 1241 1365 1280 cuius
1392 1241 1641 1291 epigramma

100 1309 214 1347 extat
243 1307 284 1347 in
316 1308 439 1347 Anth.
471 1307 582 1348 Plan.
618 1309 703 1346 170
734 1301 803 1360 (cf.
827 1307 1034 1358 Meleager
1059 1306 1239 1347 Prooem.
1263 1320 1300 1346 v.
1321 1302 1411 1360 44).
1434 1328 1484 1333 —
1508 1306 1641 1345 Huius

101 1373 391 1413 Hermodoti
434 1385 486 1412 an
529 1372 633 1412 alius
677 1373 922 1424 cognominis
968 1373 1050 1412 sint
1085 1386 1225 1412 versus
1263 1386 1325 1423 ap.
1364 1373 1480 1427 Stob.¹
1506 1373 1576 1411 LX
1614 1374 1638 1412 3

101 1435 304 1492 (Apostol.
337 1438 435 1477 XIII
469 1440 523 1478 39
557 1433 629 1491 m.)
660 1451 739 1477 non
772 1438 958 1478 decerno:

364 1517 447 1574 Οὐχ
479 1516 500 1561 ὁ
532 1517 647 1574 λόγος
679 1517 789 1569 αὔξει
819 1517 892 1573 τὴν
921 1518 1062 1573 τέχνην
1091 1518 1274 1573 περισσὸς
1306 1518 1379 1572 ὤν,

361 1581 446 1627 ἀλλ’
482 1581 580 1626 αὐτὰ
612 1590 756 1638 κοσμεῖ
778 1582 852 1638 τὴν
882 1586 1021 1640 τέχνην
1050 1583 1097 1626 τὰ
1127 1583 1346 1640 πράγματα,

99 1675 249 1715 Comici
280 1677 423 1726 poetae
456 1689 544 1715 esse
575 1676 782 1726 videntur,
820 1677 854 1716 si
887 1689 934 1715 ex
965 1676 1146 1716 finitimis
1178 1677 1328 1728 eclogis
1361 1677 1456 1716 licet
1487 1677 1637 1716 coniec-

99 1744 234 1781 turam
277 1753 436 1792 capere,
480 1755 609 1793 neque
653 1755 748 1782 vero
785 1742 940 1792 tragico
980 1742 1145 1793 indigni.
1221 1742 1371 1789 Quodsi
1409 1743 1639 1793 tragoedias

100 1805 262 1856 scripsit
293 1806 582 1858 Hermodotus,
621 1807 749 1856 possis
782 1807 910 1846 cidem
940 1807 1122 1847 tribuere
1153 1808 1201 1847 fr.
1235 1821 1296 1858 ap.
1332 1807 1443 1847 Stob.
1469 1807 1639 1847 XCVIII

101 1872 174 1911 66:
200 1866 444 1924 Ἑρμολόχου
471 1867 621 1924 (Trinc.
646 1871 764 1910 vind.
784 1867 1021 1924 Ἑρμολάου,
1041 1872 1224 1922 Apostol.
1245 1871 1304 1911 IV
1326 1874 1380 1911 23
1402 1885 1439 1922 g.
1461 1886 1492 1912 s.
1511 1886 1548 1922 p.
1568 1869 1639 1926 n.)‚

100 1940 146 1977 ut
165 1938 220 1977 sit
238 1950 312 1977 scr.
331 1932 642 1990 Ἑρμοδότου,
668 1938 774 1988 quod
797 1936 978 1978 Meineke
997 1949 1154 1988 quoque
1174 1937 1360 1987 coniecit,
1385 1950 1475 1976 cum
1494 1937 1638 1988 Pflugk

98 2002 291 2042 Simonidi
330 2002 580 2043 vindicasset.
643 2002 841 2042 Videntur
878 2006 1014 2042 autem
1055 2003 1097 2042 hi
1134 2015 1276 2043 versus
1307 2003 1366 2042 ita
1397 2003 1637 2054 refingendi:
1691 2017 1694 2020 ’

213 2081 468 2138 Ἀτέκμαρτος
497 2081 518 2126 ὁ
551 2087 630 2132 πᾶς
1075 2123 1081 2126 .

219 2145 414 2204 (βροτοῖς)
447 2150 534 2203 βίος
566 2146 686 2190 οὐδὲν
711 2149 811 2203 ἔχων
836 2147 975 2191 πιστὸν
999 2154 1194 2191 πλανᾶται
1220 2152 1488 2205 συντυχίαισιν
1515 2148 1636 2205 (dely

220 2213 329 2263 ἐλπὶς
360 2213 402 2255 δὲ
435 2213 584 2268 φρένας
614 2213 935 2268 παραθαρσύνει,
965 2213 1007 2257 τὸ
1041 2214 1083 2256 δὲ
1115 2215 1254 2270 μέλλον
1285 2213 1458 2269 ἀκριβῶς

221 2274 329 2319 οἶδεν
360 2275 493 2328 οὐδεὶς
523 2275 672 2328 θνατὸς
703 2276 782 2336 ’ὅπα
814 2279 987 2332 φέρεται·

220 2341 401 2385 ἆντιπνεῐ
427 2341 503 2399 γὰρ
534 2341 721 2393 πολλάκις
752 2341 945 2399 εὐτυχίαις
977 2343 1088 2388 δεινά
1118 2363 1174 2396 τις
1206 2344 1327 2399 αὔρα·

219 2406 315 2458 θεὸς
346 2408 389 2450 δὲ
419 2406 569 2458 πάντας
600 2408 644 2450 ἕν
673 2425 716 2463 γε
747 2408 995 2454 κινδύνοισιν
1026 2412 1070 2453 ἕν
1099 2410 1132 2453 τ’
1167 2409 1276 2461 ἄταις
1306 2414 1492 2469 κυβερνᾷ.

102 2489 263 2547 (traieci
293 2508 330 2534 v.
364 2495 388 2533 5
421 2496 463 2533 et
495 2495 538 2543 6,
576 2494 790 2544 legebatur
819 2491 915 2543 θεὸς
947 2493 990 2535 δὲ
1023 2527 1031 2535 .
1063 2527 1074 2537 .
1106 2526 1114 2535 .
1147 2492 1327 2536 ἆντιπνεῖ
1356 2494 1399 2536 δὲ
1431 2527 1440 2536 .
1473 2527 1483 2537 .
1515 2493 1543 2550 .)
1581 2517 1630 2525 -

101 2560 283 2599 Meineke
315 2558 611 2598 Hermodoti
642 2572 785 2599 nomen
816 2561 939 2599 etiam
970 2563 1186 2602 restituere
1206 2564 1295 2602 vult
1314 2575 1377 2613 ap.
1397 2563 1545 2602 Athen.
1565 2562 1638 2600 XV

104 2626 187 2665 697
203 2625 256 2664 A:
284 2617 374 2663 Ἐπ’
404 2619 615 2679 Ἀντιγόνῳ
642 2621 686 2663 δὲ
710 2623 776 2664 καὶ
795 2625 1006 2680 Δημητρίῳ
1033 2625 1132 2678 φησὶ
1159 2623 1376 2679 Φιλόχορος
1396 2623 1640 2678 Ἀθηναίους

101 2684 214 2744 ᾅδειν
249 2691 422 2736 παιᾶνας
457 2683 549 2736 τοὺς
585 2688 876 2741 πεποιημένους
913 2685 992 2731 ὑπὸ
1024 2687 1249 2744 Ἑρμίππου
1286 2693 1356 2732 τοῦ
1397 2692 1639 2743 Κυζικηνοῦ,

102 2753 328 2807 ἐφαμίλλων
364 2751 588 2808 γενομένων
624 2756 703 2794 τῶν
739 2757 912 2804 παιᾶνας
947 2752 1199 2808 ποιησάντων
1239 2759 1414 2807 πολλῶν,
1459 2756 1526 2797 καὶ
1568 2759 1638 2798 τοῦ

95 2814 357 2872 Ἑρμοκλέους
372 2817 666 2871 προκριθέντος.
686 2821 885 2860 Meinekio
899 2823 1114 2873 utrumque
1126 2835 1270 2861 nomen
1283 2823 1518 2863 mendosum
1532 2824 1639 2864 vide-

102 2886 184 2934 tur,
204 2884 582 2936 Schweighaeusero
602 2886 855 2939 alterutrum,
874 2890 982 2927 recte
1001 2887 1153 2939 opinor,
1167 2888 1282 2939 eique
1292 2884 1551 2941 Ἑρμοκλέους
1564 2902 1636 2940 pro

1665 2501 1755 2535 1283
