1864 3126
201 148 287 191 342
544 138 546 142 ‘
769 151 961 186 POETAE
986 150 1163 186 Mamor

202 263 256 311 εἰς
296 260 364 302 τὸν
404 258 525 302 αὐτόν
565 264 588 301 i.
622 277 653 302 e.
686 262 740 310 εἰς
777 259 1007 312 Βάθυλλον,
1045 264 1150 313 quod
1189 277 1330 304 nomen
1368 276 1463 314 prae
1504 277 1546 303 se
1582 265 1663 303 fert
1692 278 1724 305 c.

199 329 439 378 praecedens
484 331 549 368 16.
611 329 750 378 Itaque
793 327 854 366 bis
894 329 1070 375 tantum,
1110 329 1184 367 hoc
1223 329 1308 367 loco
1354 330 1394 367 et
1429 330 1638 378 praeterea.
1673 329 1724 368 ab

199 394 312 433 initio
364 389 470 446 (περὶ
521 389 704 445 ὀνείρων)
759 393 854 432 ordo
908 393 1088 444 syllogae
1136 394 1343 432 Palatinae
1394 395 1598 444 neglectus
1645 396 1724 445 θείη

202 472 293 497 nam
327 460 432 509 quod
465 462 607 509 quarto
639 471 758 498 versu
789 458 930 497 indicis
962 459 1111 508 legitur
1142 458 1196 506 εἰς
1227 454 1368 497 ἔαυτόν
1398 471 1488 498 cum
1513 471 1546 499 c.
1573 461 1597 498 7-
1623 471 1726 498 com·

202 525 425 574 ponendum
469 537 574 573 esse,
614 538 692 563 nou
735 527 797 562 est
839 524 944 574 quod
987 524 1162 574 dubites,
1206 536 1446 574 quamquam
1489 523 1542 571 εἰς
1585 520 1726 564 ἑαυτὸν

203 591 324 628 etiam
355 603 387 630 c.
423 592 487 629 12.
522 592 588 630 19.
620 591 674 629 33
710 585 769 641 (et
800 590 868 639 45,
900 589 1005 639 quod
1042 590 1140 628 item
1175 590 1217 628 in
1253 589 1380 627 indice
1418 585 1637 642 comparet)
1668 589 1725 628 in-

203 656 442 694 scribuntur.
504 654 591 693 Iam
623 668 711 693 cum
743 667 879 693 omnes
911 654 1019 693 tituli
1055 655 1195 693 indicis
1227 657 1363 693 extent
1393 655 1434 692 in
1466 655 1620 705 sylloge
1651 654 1724 693 Pa-

201 722 338 769 latina,
371 733 538 769 cumque
571 720 665 758 ordo
698 720 884 769 omnium,
917 719 951 757 si
981 732 1005 758 a
1036 720 1190 759 duobus
1216 719 1312 758 locis
1345 719 1584 770 discesseris,
1609 720 1725 769 plane

205 790 410 837 congruat,
443 787 749 824 consentaneum
778 787 839 823 est
864 785 1041 823 carmina
1065 785 1206 823 indicis
1233 785 1443 823 Barberini
1468 785 1615 823 selecta
1639 797 1727 823 esse

204 865 251 890 ex
296 852 450 901 sylloge
488 850 685 889 Palatina.
746 850 885 899 Neque
925 850 1029 888 enim
1067 851 1254 888 credibile
1292 851 1533 888 Barberinas
1570 850 1726 899 eclogas

206 929 292 956 esse
333 918 473 966 postea
510 916 793 954 additamentis
836 916 974 953 auctas
1019 918 1059 953 et
1106 915 1387 964 amplificatas,
1433 917 1478 953 ut
1520 915 1726 954 Palatinae

207 982 382 1032 sylloges
413 981 543 1019 minor
574 981 627 1019 sit
658 981 894 1019 auctoritas:
925 993 1018 1018 nam
1050 981 1210 1030 eclogae
1240 980 1341 1018 istae
1372 993 1500 1029 neque
1526 981 1728 1031 elegantia

202 1049 364 1097 praeter
402 1048 534 1085 cetera
577 1046 903 1085 commendantur
946 1059 1073 1095 neque
1110 1045 1358 1095 aequabilem
1398 1045 1595 1095 quandam
1631 1059 1726 1096 prae
1785 1041 1787 1043 ’

204 1125 245 1151 se
272 1113 408 1150 ferunt
432 1111 764 1158 mediocritatem,
797 1111 866 1149 sed
890 1111 1022 1161 lepida
1051 1111 1214 1150 inventa
1244 1110 1411 1149 inficetis
1443 1111 1578 1160 nugis,
1609 1111 1726 1150 casti-

205 1178 302 1227 gata
326 1179 510 1226 poemata
536 1176 818 1215 semibarbaris
845 1175 1020 1214 admixta
1052 1178 1161 1224 sunt,
1195 1178 1239 1214 ut
1263 1175 1494 1225 planissime
1525 1178 1727 1226 appareat,

204 1243 411 1292 utriusque
444 1242 618 1292 sylloges
651 1242 816 1279 eandem
848 1253 935 1280 esse
966 1242 1231 1280 conditionem
1262 1243 1303 1280 et
1333 1241 1540 1291 originem.

322 1308 412 1347 Non
442 1308 572 1357 recepi
603 1307 644 1345 in
676 1307 776 1346 hanc
809 1306 1079 1356 Appendicem
1111 1306 1286 1345 carmina
1317 1306 1562 1355 Christiana,
1598 1318 1727 1356 neque
1754 1303 1845 1336 1080

204 1373 283 1411 alia
327 1371 540 1422 quaedam,
585 1383 686 1421 quae
728 1383 839 1409 mera
874 1371 1060 1410 barbarie
1096 1371 1442 1421 commendantur,
1481 1372 1593 1410 velut
1624 1371 1729 1422 quod

205 1438 330 1477 edidit
361 1438 577 1488 Matranga
598 1437 682 1476 An.
716 1437 819 1476 675:
851 1435 984 1488 Στίχοι
1013 1438 1083 1476 τοῦ
1115 1437 1379 1475 ΚΑΤΡΛΡΗ
1404 1435 1459 1483 εἰς
1489 1431 1557 1475 τὸν
1587 1433 1631 1475 ἐν
1662 1451 1728 1486 φι-

205 1499 392 1553 λοσόφοις
423 1498 647 1553 φιλόσοφον
671 1499 738 1541 καὶ
763 1498 1069 1554 ρητορικώτατον
1093 1498 1307 1552 Νεόφυτον
1333 1531 1342 1540 .
1363 1533 1371 1541 .
1392 1533 1400 1541 .
1427 1496 1728 1551 ἆνακρεόντειοι.

204 1581 332 1618 neque
362 1568 413 1616 id,
445 1567 550 1617 quod
583 1564 780 1616 sequitur:
811 1567 880 1605 τοῦ
913 1565 1100 1617 βασιλέως
1130 1567 1318 1606 KYPOY
1336 1566 1630 1604 MANOYHA
1659 1567 1728 1605 τοῦ

206 1629 470 1685 παλαιολόγου
514 1632 633 1684 στίχοι
676 1628 965 1683 ἆνακρεόντειοι
1014 1629 1112 1685 πρός
1154 1647 1245 1671 τινα
1283 1627 1421 1682 ἀμαθῆ
1464 1628 1530 1669 καὶ
1572 1633 1728 1670 πλεῖστα

206 1700 504 1750 φληναφοῦντα.
774 1698 782 1707 ’

492 1900 719 1939 ΙΩΛΝΝΟ
726 1902 763 1938 Y
792 1902 1041 1939 ΓΡΛΜΜΑ
1046 1900 1176 1938 ΤΙΚΟ
1183 1901 1219 1938 Τ
1249 1899 1446 1937 ΓΑΖΗΣ.

955 1999 974 2038 l
981 2030 991 2040 .

823 2078 1109 2135 Ἐπιβατήριος.

376 2172 426 2217 ³9„
457 2178 578 2229 φίλοι,
609 2171 693 2230 ἦτοι
726 2181 868 2231 κλῆρος
899 2175 1003 2230 ἐμός,
1033 2178 1153 2230 χαίρω
1186 2175 1229 2216 δὲ
1259 2175 1325 2216 καὶ
1357 2173 1474 2224 αὐτός

385 2240 578 2295 Πιερικὴν
607 2240 820 2297 πλάστιγγα
850 2240 1098 2295 πολύτροπον
1129 2240 1272 2295 ὄμμασι
1303 2239 1469 2282 λεύσων·

385 2305 538 2349 Μοῦσά
569 2323 615 2360 με
645 2311 720 2348 νῦν
750 2305 931 2361 θώρηξεν
962 2305 1163 2361 ἑκηβόλος,
1194 2304 1268 2348 οὐκ
1298 2306 1361 2348 ἐπὶ
1392 2304 1557 2360 χάρμην,

387 2370 461 2414 οὐκ
491 2373 554 2413 ἐπὶ
586 2372 811 2425 δυσμενέων
841 2374 941 2424 νίφα
971 2369 1192 2426 βάρβαρον·
1224 2369 1321 2413 ἀλλὰ
1352 2367 1540 2424 μενοινήν

209 2447 229 2479 5
387 2435 574 2492 ὑμετέρην
605 2436 754 2480 σκοπὸν
785 2435 875 2480 οἶδα
905 2436 1168 2490 τανύσκοπον,
1199 2435 1251 2491 ἦν
1281 2438 1330 2492 ῥα
1362 2432 1540 2478 δοκεύων

386 2505 537 2556 εἴσομαι
567 2504 653 2544 αἴκε
682 2501 842 2558 τύχωμι,
873 2501 978 2559 πόρῃ
1010 2503 1053 2544 δέ
1084 2520 1150 2556 μοι
1181 2497 1293 2556 εὖχος
1318 2499 1529 2543 Ἀπόλλων.

663 2566 707 2610 Ὁ
737 2566 852 2623 χορὸς
881 2570 938 2619 τίς
969 2568 1071 2610 ἐστιν
1101 2562 1228 2620 οὗτος,

613 2631 634 2676 ὃ
665 2637 793 2687 σοφῆς
824 2631 960 2688 βρύων
991 2635 1203 2700 μελίσσης.

216 2805 232 2816 ν
303 2761 484 2797 Ioannis
511 2773 659 2798 carmen
686 2766 704 2797 1
731 2762 836 2797 extat
859 2761 960 2819 apud
980 2761 1221 2818 ,Matrangam
1246 2763 1325 2796 575.
1361 2779 1406 2785 —
1438 2758 1480 2795 V.
1507 2762 1540 2793 2.
1567 2751 1724 2815 ἦτοι,’Β

335 2829 394 2889 -Β
412 2809 454 2844 V·
483 2814 514 2845 ³·
533 2806 898 2891 ‚sufferet-‚ns
912 2809 1178 2891 aas&
1202 2805 1555 2890 rane-25:⁷2
1576 2809 1615 2888 ἕ·
1643 2807 1730 2888 {a

210 2857 665 2950 532054212532‘3Q.
694 2908 726 2940 ⁷.
751 2883 873 2950 ioca,
898 2903 928 2937 B
954 2900 1080 2949 χωρὸς.
1178 2883 1184 2890 ·
1319 2882 1326 2890 ·
1378 2880 1386 2888 ·
1457 2866 1477 2898 ⁷⁶
1511 2866 1536 2899 μ
1608 2881 1617 2898 ’
