1864 3126
240 158 326 199 686
546 128 548 133 Δ
730 156 950 192 ΟΑΒΜΙΝΑ
977 155 1262 211 ΡΟΡῙΖῙΙιΑΒΊΑἲ

521 260 672 318 Χαῖρ’,
705 267 776 306 εἴτε
808 263 968 319 Κρόνου
1000 265 1112 319 γένος
1145 268 1216 306 εἴτε
1249 264 1356 318 Διός,

518 328 679 383 μάκαρ,
713 332 783 371 εἴτε
809 328 915 379 Ῥέας
948 328 1113 385 μεγάλης
1145 327 1204 381 εἶ,

519 390 548 435 ὦ
579 400 712 448 χαῖρε
743 395 915 448 κατηφὲς
946 394 1125 447 ἄκουσμα
1150 392 1259 445 Ῥέας

510 459 662 513 ’Ἀττη·
696 459 736 500 σὲ
768 465 929 502 καλοῦσι
961 460 1030 514 μὲν
1058 459 1254 514 Ἀσσύριοι

473 536 492 566 5
518 524 758 578 τριπόθητον
778 523 965 578 ''Adcnvw³
997 524 1065 579 ’ὅλη
1099 527 1141 567 δέ

519 593 718 645 Αἴγυπτος
739 589 904 643 Ὄσιριν,
936 588 1175 642 ἐπουράνιον

520 653 672 709 Μήνης
703 655 817 709 κέρας
836 654 1039 709 ”Ἐλληνες,
1071 659 1217 708 σοφίαν

522 789 782 848 Σαμόθρᾳκες
802 790 851 833 ”A
859 794 882 832 ὃ
891 809 915 832 α
924 809 1013 845 μνα
1045 789 1256 844 σεβάσμιον
1266 803 1274 812 ·

516 855 715 918 Ἀκμόνιοι
746 855 996 910 Κορύβαντα,
1027 857 1093 898 καὶ
1124 859 1165 899 οἱ
1195 855 1346 912 Φρύγες
1669 867 1758 900 1321

451 933 495 964 10
520 920 653 964 ἄλλοτε
684 921 754 975 μὲν
787 919 978 974 Πάππαν,
1009 922 1099 964 ποτὲ
1132 920 1168 963 δ’
1203 917 1255 973 αὖ
1286 922 1405 964 νέκυν

518 984 544 1041 ἢ
577 985 676 1029 θεὸν
705 986 811 1040 ’ἤτοι
841 985 1020 1041 ἄκαρπον
1049 984 1076 1041 ἢ
1110 985 1275 1030 αἰπόλον

518 1050 544 1106 ἢ
578 1050 737 1106 χλοερὸν
768 1050 913 1106 στάχυν
945 1050 1169 1106 ἆμηθέντα,

517 1115 542 1171 ἢ
575 1116 842 1171 πολύκαρπον,
874 1114 922 1158 ὃν
953 1118 1079 1160 ἔτεκεν
1110 1116 1348 1174 ἆμύγὸαλος,

515 1181 635 1235 ἆνέρα
667 1180 853 1237 συρικτᾶν
886 1179 1258 1237 (πολυώνυμον).

232 1293 278 1333 V.
300 1295 338 1333 3.
359 1289 540 1344 ἄκουσμα
557 1293 753 1331 intactum
772 1292 927 1344 reliqui,
948 1292 1094 1331 conieci
1119 1288 1330 1344 ἄθυρμα,
1351 1293 1555 1332 Hermann
1579 1287 1759 1343 ἅκρισμα,

233 1359 340 1398 certe
371 1356 543 1409 κατηφές
561 1348 653 1396 ‘non
684 1359 746 1396 est
771 1357 1077 1413 sollicitandum.
1107 1379 1157 1384 —
1186 1358 1233 1398 V.
1262 1360 1286 1397 6
1314 1357 1586 1398 Schneidewin
1617 1369 1760 1407 parum

232 1426 339 1463 recte
371 1424 634 1463 conformavit
675 1423 850 1462 scribens
890 1419 1001 1462 ’ὅσιον
1039 1419 1075 1461 δ’
1117 1423 1318 1476 Αἴγυπτος
1358 1419 1596 1475 ἐπουράνιον
1633 1418 1762 1474 μήνης

232 1486 359 1541 κέρας,
380 1485 571 1540 Ἕλληνες
604 1484 641 1527 δ’
675 1482 816 1538 Ὀφίαν
862 1484 1023 1540 (postea
1053 1491 1290 1528 retractavit
1328 1489 1502 1528 scribens
1533 1485 1648 1540 κέρας
1667 1483 1760 1527 ’Ἑλ-

233 1556 367 1605 ληνες,
400 1549 619 1605 Κυλλήνιοι
650 1548 823 1606 λόγιον);
862 1566 955 1591 nam
985 1553 1071 1602 ipse
1104 1553 1297 1603 Origenes
1329 1568 1365 1603 p.
1401 1555 1482 1592 106
1521 1552 1761 1593 testificatur

233 1618 404 1659 Graecos
437 1614 679 1671 ἐπουράνιον
710 1614 839 1670 μήνης
869 1614 984 1668 κέρας
1015 1619 1229 1669 appellare,
1260 1619 1352 1657 hinc
1382 1619 1468 1668 ipse
1499 1618 1610 1656 Attis
1643 1632 1762 1668 μηνο-

231 1680 422 1736 τύραννος
452 1685 493 1724 in
525 1685 654 1724 titulis
686 1686 769 1723 tam
807 1683 960 1734 graecis
1002 1696 1121 1733 quam
1158 1683 1294 1723 latinis
1335 1683 1592 1734 indigitatur,
1633 1682 1681 1722 cf.
1713 1683 1761 1721 de

232 1750 548 1788 tauroboliorum
568 1749 689 1789 sacris
709 1748 982 1798 disputantem
1002 1748 1226 1787 Prellerum
1245 1750 1380 1788 Roem.
1395 1748 1564 1799 Mythol.
1581 1749 1663 1787 738
1680 1760 1760 1798 seq.

233 1828 399 1864 quorum
432 1827 633 1854 sacrorum
670 1827 719 1853 ne
758 1826 950 1864 germana
988 1814 1150 1864 quidem
1188 1806 1356 1853 Graecia
1398 1825 1537 1863 expers
1576 1813 1671 1861 fuit,
1714 1814 1762 1852 ut

231 1881 398 1919 atticum
430 1881 677 1931 epigramma
709 1880 834 1927 docet,
867 1879 972 1929 quod
1003 1879 1223 1918 illustravit
1255 1879 1295 1918 C.
1327 1877 1418 1918 Keil
1449 1878 1590 1918 Philol.
1622 1877 1760 1928 Suppl.

232 1944 273 1982 II
318 1946 402 1983 588
440 1957 546 1995 seqq.
608 1945 766 1983 Excidit
809 1947 902 1993 post
944 1943 1092 1994 σοφίαν
1134 1956 1286 1982 versus.
1332 1965 1385 1970 —-
1434 1944 1479 1982 V.
1514 1945 1553 1982 8.
1579 1940 1762 1994 ’Ἀδαμνρι

233 2010 385 2061 scripsi,
418 2011 465 2049 cf.
498 2011 739 2060 Hesychius:
769 2005 994 2059 Ἀδαμνεῖν’
1034 2011 1181 2058 φιλεῖν·
1218 2007 1284 2047 καὶ
1317 2004 1470 2060 Φρύγες
1500 2004 1660 2059 ἆδοὶμνα
1689 2003 1758 2047 τὸν

233 2076 350 2126 φίλον
383 2073 570 2128 λέγουσιν.
606 2097 657 2102 —
693 2075 741 2114 V.
775 2077 812 2114 9.
839 2069 1035 2125 Ἀκμόνιοι
1067 2074 1218 2124 scripsi,
1250 2073 1523 2112 Schneidewin
1552 2068 1760 2112 Μαιόνιοι.

237 2161 286 2167 —-
316 2140 363 2179 V.
394 2143 458 2180 10.
491 2136 682 2190 Πᾶππαν,
713 2139 791 2178 nisi
820 2139 923 2178 forte
957 2137 1151 2177 Παπίαν
1181 2139 1374 2188 praestat.
1407 2160 1460 2164 —
1494 2138 1541 2177 V.
1578 2139 1642 2176 11.
1673 2133 1760 2188 ἤτοι

233 2205 383 2255 scripsi,
416 2206 513 2244 haec
544 2217 700 2255 quoque
733 2203 1009 2243 Schneidewin
1041 2205 1138 2244 satis
1172 2204 1361 2243 audacter
1398 2216 1527 2253 neque
1567 2215 1659 2242 vere
1689 2203 1760 2241 im-

232 2271 415 2320 mutavit,
448 2283 540 2309 nam
570 2271 656 2320 ipse
690 2268 883 2319 Origenes
917 2272 958 2307 et
987 2265 1087 2309 θεὸν
1113 2272 1153 2308 et
1179 2265 1343 2309 αἰπόλον
1374 2270 1522 2308 tuetur.
1547 2289 1596 2295 —
1620 2268 1666 2307 V.
1688 2269 1756 2306 13.

232 2332 489 2388 πολύκαρπον
520 2336 704 2386 restitui,⁴
734 2348 826 2374 nam
857 2335 916 2373 ita
945 2335 1166 2385 nuncupari
1201 2337 1340 2373 auctor
1371 2337 1432 2373 est
1465 2333 1670 2384 Origenes.
1702 2352 1757 2359 -·

234 2401 280 2440 V.
317 2403 381 2440 14.
424 2396 689 2452 πολυώνυμον
729 2400 882 2450 addidi,
920 2400 997 2439 vid.
1037 2399 1228 2450 Origenes
1266 2414 1304 2450 p.
1344 2401 1439 2438 117.
1482 2420 1537 2427 —
1576 2398 1770 2452 Alteram,

233 2469 367 2504 autem
399 2467 638 2505 cantilenam
671 2465 942 2505 Schneidewin
974 2466 1016 2503 in
1048 2465 1151 2503 hunc
1182 2463 1343 2501 modum
1374 2463 1572 2502 restituit:

508 2568 639 2613 ’Ἄττιν
669 2568 797 2626 κλῄσω
830 2567 897 2611 τὲν
922 2566 1066 2622 Ῥείης,

519 2634 567 2677 οὗ
598 2633 798 2677 κωδώνων
829 2631 903 2675 σὺν
935 2631 1100 2688 βόμβοις

519 2699 606 2743 οὐδ’
643 2699 775 2742 αὐλῶν
801 2698 958 2740 Ἰδαίων

519 2764 723 2820 κουρήτων
755 2762 943 2819 μῦκτητα,

519 2829 603 2872 ἀλλ’
638 2833 692 2880 εἰς
725 2832 913 2883 Φοιβείαν
944 2831 1039 2882 μίξω

520 2901 672 2950 μοῦσαν
704 2897 945 2949 φορμίγγων,
976 2891 1079 2946 εὐοί,
