1864 3126
780 89 1053 128 SIMONIDES.
1599 89 1685 133 497

244 279 448 326 Πολλάκι
480 279 537 339 δὴ
569 283 716 339 φυλῆς
744 279 1063 339 Ἀκαμαντίδος
1094 282 1143 327 ἐν
1174 291 1378 340 χοροῖσιν
1401 277 1531 341 Ὧραι

302 349 595 406 ἀνωλόλυξαν
625 353 916 412 κισσοφόροις
948 353 1017 397 ἐπὶ
1050 353 1351 411 διθυράμβοις

242 424 293 467 αἰ
322 423 641 481 Διονυσιάδες,
673 428 870 483 μίτραισι
903 423 953 469 δὲ
983 424 1057 469 καὶ
1090 423 1436 487 ῥόδωνιᾶώτοις
1594 436 1686 469 1175

302 498 460 553 σοφῶν
491 493 662 541 ἀοιδῶν
693 498 905 540 ἐσκίασαν
936 493 1131 554 λιπαρὰν
1163 498 1368 553 ἔθειραν,

195 720 216 753 5
243 711 291 754 οἳ
317 709 451 755 τόνδε
482 712 671 768 τρίποδα
703 712 830 767 σφίσι
862 708 1067 767 μάρτυρα
1099 712 1307 768 Βακχίων
1338 708 1519 755 ἀέθλων

303 784 492 838 ἔθηκαν·
522 785 700 834 κείνους
732 779 774 825 δ’
808 779 1058 838 Ἀντιγένης
1089 783 1324 827 ἐδίδασκεν
1355 781 1538 839 ἄνδρας.

240 846 291 898 εὖ
324 851 367 897 δ’
406 853 654 909 ἐτιθηνεῖτο
687 851 908 911 γλυκερὰν
941 851 1029 897 ὅπα
1061 857 1260 912 Δωρίοις
1288 851 1501 912 Ἀρίστων

198 994 240 1040 it,
265 995 428 1032 testatur
452 994 553 1031 enim
580 993 802 1031 Callimachi
828 993 1079 1042 epigramma,
1105 993 1144 1030 in
1170 1005 1243 1040 quo
1269 996 1527 1040 asynartetum
1553 994 1684 1031 Archi-

163 1042 312 1079 ochium
340 1043 488 1090 excepit
513 1042 860 1087 hendecasyllabus‚
886 1042 947 1078 vel
971 1053 1210 1078 numerorum
1236 1041 1456 1078 diversitate
1482 1042 1684 1078 diremtum

145 1089 260 1127 fuisse
290 1089 339 1126 ab
370 1090 442 1127 hoc
472 1089 682 1137 poematio,
720 1089 824 1126 cuius
855 1101 1029 1126 numeros
1060 1089 1234 1125 librarius
1269 1089 1459 1136 explicans
1490 1101 1686 1136 perperam

147 1148 236 1175 sane
262 1138 437 1185 neglecta
461 1136 691 1183 syllabarum
713 1149 887 1174 mensura
905 1138 954 1173 ad
973 1139 1236 1173 tetrametrum
1255 1137 1368 1173 iamb.
1391 1139 1501 1174 catal.
1521 1141 1685 1183 revocat,

144 1196 256 1232 quem
281 1195 443 1222 errorem
468 1186 602 1232 postea
627 1185 722 1221 alius
748 1184 1017 1221 animadvertit
1042 1186 1082 1220 et
1106 1185 1266 1221 subiecit
1299 1186 1367 1231 μιᾶ
1395 1183 1437 1221 δὲ
1464 1183 1582 1231 μόνον
1609 1189 1685 1223 κτλ.

147 1234 305 1270 Servata
341 1232 460 1280 igitur
508 1234 594 1268 sunt
642 1233 824 1269 lemmata
866 1232 1024 1269 duorum
1068 1233 1294 1277 carminum;
1339 1221 1561 1269 Callimachi
1606 1234 1684 1280 epi·

214 1292 315 1318 mma
351 1280 560 1327 intercidit,
598 1280 664 1317 sed
702 1281 807 1317 extat
836 1280 1067 1325 etiamnunc,
1104 1282 1148 1316 ut
1178 1279 1327 1317 Hecker
1357 1280 1471 1326 vidit,
1505 1281 1618 1317 Anth.
1645 1281 1685 1318 P.

180 1329 215 1365 11
235 1332 316 1366 ⁷28.
359 1328 533 1374 Hartung
557 1328 720 1374 denique
738 1327 980 1373 confidentur,
1005 1330 1049 1363 ut
1072 1328 1225 1374 assolet,
1250 1328 1331 1364 tam
1351 1328 1546 1374 Simonidi,
1571 1339 1685 1374 quam

146 1376 282 1412 ceteris
307 1376 502 1412 abiudicat
526 1376 564 1412 et
582 1375 761 1422 Antiyeni
785 1374 919 1412 tribuit
942 1377 1098 1422 propter
1115 1388 1151 1411 v.
1172 1379 1204 1411 6.
1249 1374 1304 1411 Ac
1330 1386 1419 1412 sane
1443 1378 1592 1422 poetae,
1621 1376 1686 1422 qui

144 1422 345 1460 victoriam
368 1423 594 1470 reportavit,
624 1424 705 1459 erat
730 1423 927 1459 donarium
952 1423 1122 1459 versibus
1148 1423 1224 1459 suis
1252 1434 1401 1468 ornare,
1433 1423 1498 1459 sed
1523 1423 1684 1459 fortasse

146 1470 353 1517 Antigenes
372 1472 460 1507 ante
481 1481 595 1517 quam
614 1470 810 1507 donarium
829 1469 1045 1506 dedicatum
1063 1472 1130 1506 aut
1149 1470 1249 1507 diem
1269 1482 1484 1517 supremum
1505 1470 1600 1508 obiit
1619 1472 1686 1507 aut

147 1518 308 1555 Athenis
333 1518 476 1555 relictis
501 1518 577 1554 alio
603 1529 642 1554 se
669 1517 847 1563 eontulit,
880 1517 1009 1563 itaque
1034 1517 1281 1564 Bacchylides
1314 1518 1518 1554 amicorum
1549 1522 1686 1564 rogatu

146 1566 379 1612 poematium
405 1565 627 1613 composuit.
672 1564 856 1602 Dixerunt
873 1565 920 1601 de
938 1565 1011 1602 hoc
1030 1565 1302 1612 epigrammate
1321 1566 1469 1602 Hecker
1483 1565 1517 1601 II
1532 1569 1599 1601 149
1608 1577 1686 1612 seq.

145 1612 317 1650 Meineke
354 1613 489 1650 Philol.
516 1612 603 1650 XVI
630 1616 696 1650 157
737 1613 777 1650 et
808 1613 857 1649 ad
882 1612 1027 1650 Gallim.
1059 1625 1095 1659 p.
1123 1617 1210 1657 300,
1250 1612 1291 1649 Ο.
1320 1613 1524 1650 Schneider
1550 1612 1643 1650 Call.
1670 1614 1686 1649 I

149 1664 216 1697 105
231 1662 271 1697 et
283 1665 351 1697 451
367 1671 443 1707 seq.
465 1681 512 1687 —
532 1660 575 1698 V.
598 1664 628 1696 1.
656 1658 703 1706 δὴ
718 1661 878 1706 Ernesti,
900 1660 979 1697 cod.
1001 1662 1049 1697 δι.
1071 1681 1115 1687 —-
1136 1660 1180 1696 V.
1201 1664 1234 1698 2.
1260 1658 1503 1704 ἀνωλόλυξαν
1523 1660 1684 1705 Ernesti,

144 1708 226 1746 cod.
252 1704 485 1752 ἆνῶλουξαν.
506 1729 551 1735 -
572 1708 617 1744 V.
638 1712 671 1744 4.
699 1708 895 1744 Distichon
919 1709 1006 1755 post
1030 1708 1067 1745 h.
1086 1720 1121 1744 v.
1146 1709 1249 1744 haud
1274 1709 1387 1744 dubie
1411 1708 1617 1754 intercidit,
1642 1709 1686 1744 ut

148 1756 266 1793 etiam
291 1755 440 1792 Hecker
463 1756 577 1792 vidit:
604 1755 707 1792 nullo
735 1755 832 1792 enim
859 1756 971 1792 modo
997 1756 1039 1792 οῖ’
1058 1768 1091 1793 v.
1119 1759 1152 1802 5,
1178 1755 1245 1792 ubi
1270 1756 1472 1793 choreutae
1497 1755 1564 1801 qui
1586 1756 1686 1792 hanc

135 1803 342 1847 ,victoriam
370 1805 657 1850 reportaverunt
680 1803 963 1850 intelliguntur,
987 1805 1114 1850 potest
1137 1803 1269 1839 referri
1293 1804 1342 1839 ad
1366 1806 1499 1850 poetas
1526 1801 1686 1850 (σοφοὺς

146 1848 306 1892 ἀοιδοὺς
328 1863 363 1887 v.
389 1854 443 1896 4),
476 1851 540 1897 qui
571 1850 757 1898 prioribus
789 1851 894 1888 annis
927 1851 1048 1887 tribus
1073 1850 1333 1887 Acamantidis
1366 1851 1582 1888 cantoribus
1608 1851 1684 1886 vic-

145 1898 265 1936 toriae
290 1899 471 1935 honorem
502 1900 743 1945 pepererunt:
775 1900 907 1945 aperte
938 1901 1066 1935 autem
1096 1898 1297 1935 dicendum
1329 1901 1426 1944 erat,
1460 1899 1616 1935 tribules
1642 1900 1686 1934 ut

148 1945 240 1982 olim
266 1946 415 1993 saepius
441 1945 496 1983 ita
519 1957 617 1982 nunc
642 1957 790 1992 quoque
815 1946 983 1992 praemio
1009 1947 1142 1993 dignos
1174 1946 1326 1983 habitos
1352 1958 1448 1983 esse:
1486 1944 1552 1983 sed
1583 1946 1684 1991 quod

146 1993 295 2030 Hecker
331 1995 482 2040 praeter
512 1994 703 2030 archontis
734 2005 870 2030 nomen
901 1993 1018 2030 etiam
1052 1995 1188 2040 poetae
1225 1994 1446 2030 memoriam
1483 1994 1684 2038 desiderat,

147 2043 266 2077 errat:
291 2043 442 2088 poterat
465 2041 505 2077 in
529 2041 703 2086 disticho,
728 2042 828 2087 quod
852 2041 1056 2087 intercidit,
1082 2041 1223 2078 archon
1248 2042 1458 2087 memorari,
1489 2053 1565 2078 non
1589 2042 1684 2076 item

147 2089 280 2135 poeta,
318 2089 423 2125 cuius
456 2100 592 2125 nomen
623 2088 721 2125 infra
751 2102 785 2125 v.
812 2093 834 2125 6
863 2089 978 2149 plane
1015 2089 1164 2136 legitur.
1218 2090 1375 2126 Frustra
1407 2089 1449 2125 Ο.
1482 2088 1686 2124 Schneider

145 2135 240 2172 nihil
265 2134 471 2172 desiderari
495 2136 698 2181 contendit,
722 2138 825 2173 ratus
850 2133 1092 2180 ανωλὸλυξαν
1111 2137 1468 2183 plusquamperfecti
1489 2137 1573 2172 loco
1591 2147 1684 2180 esse,

149 2179 329 2220 ἐσκίασαν
348 2182 479 2220 aoristi
502 2184 580 2220 vim
605 2183 776 2229 retinere,
808 2195 1031 2230 omnemque
1047 2184 1288 2220 offensionem
1309 2185 1382 2220 sibi
1400 2183 1550 2220 videtur
1566 2193 1685 2219 remo-

146 2231 244 2267 visse
256 2232 404 2267 τελείαν
425 2228 582 2277 στιγμὴν
601 2231 771 2277 ponendo
791 2233 877 2277 post
895 2230 938 2267 αἴ
949 2229 1202 2272 Διονυσιάδες
1220 2234 1259 2267 et
1277 2232 1497 2278 corrigendo
1518 2230 1559 2266 αἳ
1579 2231 1682 2266 σκία-

147 2290 230 2323 σαν,
250 2288 347 2324 quae
373 2278 553 2314 eorrectio
578 2278 710 2324 procul
734 2281 793 2314 est
817 2278 1000 2315 habenda.
1022 2300 1065 2306 —
1080 2278 1123 2315 V.
1152 2283 1184 2314 5.
1211 2280 1383 2325 Βακχίων
1403 2278 1573 2324 Bentley,
1601 2278 1681 2314 cod.

147 2326 344 2374 βακχείων.
374 2346 416 2351 -
444 2325 486 2361 V.
515 2329 548 2361 6.
588 2324 754 2370 ἔθηκαν·
786 2326 937 2367 κείνους
967 2327 1067 2371 cod.,
1098 2323 1290 2371 θήκαντο·
1329 2327 1480 2366 κείνους
1511 2326 1682 2371 Bentley,

146 2370 339 2418 θήκαντο·
383 2375 497 2414 Κεῖος
534 2371 812 2419 Schneidewin,
849 2374 998 2419 θῆκαν·
1037 2372 1250 2415 Κικυννεὺς
1287 2385 1358 2420 ego
1397 2373 1488 2409 olim
1526 2373 1680 2409 conieci.

145 2419 319 2456 Meineke
351 2431 435 2455 cum
467 2421 579 2455 antea
612 2421 783 2466 Βακχίων
815 2418 964 2467 ἔθηκαν
993 2418 1169 2457 Ἀέθλων-
1209 2418 1379 2462 ἐκείνους
1414 2420 1681 2467 proposuisset,

144 2468 279 2514 postea
305 2466 469 2513 ἔθηκαν·
508 2461 552 2503 εὖ
577 2464 666 2508 τοὺς
688 2464 728 2503 δ’
762 2467 919 2514 scripsit.
971 2467 1012 2505 O.
1039 2468 1242 2505 Schneider
1266 2466 1439 2514 θήκαντο
1454 2478 1461 2486 ·
1487 2473 1613 2508 κεῖνος
1641 2464 1678 2502 δ’

147 2515 275 2552 suasit.
321 2515 395 2551 Sed
419 2527 465 2551 ne
491 2526 627 2551 nomen
646 2514 794 2560 quidem
821 2517 955 2574 poetae
979 2515 1076 2552 labis
1102 2527 1146 2552 ex
1174 2527 1232 2552 ers
1259 2515 1405 2552 videtur
1429 2527 1528 2560 esse;
1553 2515 1682 2559 itaque

147 2563 358 2610 suspicatus
373 2574 455 2598 sum
476 2561 631 2598 ἔθεντο·
650 2562 776 2610 Κῷος
795 2563 818 2597 δ
852 2558 1122 2610 Ἀμφιμένης
1163 2565 1342 2599 δίδασκεν
1361 2560 1504 2608 ἄνδρας
1518 2562 1681 2598 scriben-

131 2610 236 2646 dum
261 2621 357 2655 esse,
391 2609 561 2646 adhibito
586 2609 695 2655 Diog.
721 2610 761 2646 L.
787 2609 823 2644 II
848 2613 893 2646 36
923 2610 988 2655 qui
1013 2610 1214 2647 Aristotele
1245 2613 1399 2647 auctore
1431 2609 1564 2646 scribit
1587 2611 1681 2645 Πιν-

147 2654 251 2706 δάρῳ
278 2655 509 2703 ἐφιλονείκει
531 2654 684 2703 Ἀμφιμὲ
736 2671 755 2698 ς
788 2654 808 2692 ὁ
835 2658 953 2699 Κοῖνος.
1003 2659 1136 2694 contra
1159 2657 1306 2694 Hecker
1335 2658 1374 2693 in
1403 2657 1471 2693 illo
1504 2657 1682 2703 Diogenis

147 2705 232 2741 loco
254 2701 459 2751 Ἀντιγένης
485 2702 505 2741 ὁ
533 2707 646 2745 Κεῖος
670 2670 733 2740 vie?
756 2705 857 2740 certe
876 2694 1056 2759 Ἀμφιμέν
1083 2718 1102 2746 ς
1126 2702 1146 2740 ὁ
1172 2708 1286 2746 Κεῖος
1310 2704 1580 2741 restituendum
1601 2715 1683 2741 esse

147 2754 285 2789 censet.
310 2772 356 2779 —
374 2751 427 2789 'V.
454 2757 485 2789 7.
514 2750 729 2798 ἐτιθηνεῖτο
762 2751 981 2795 Salmasius,
1016 2763 1059 2788 co
1087 2779 1095 2787 .
1123 2749 1258 2798 ἐτίθην
1290 2751 1327 2788 εἰ
1355 2749 1411 2788 τὸ.
1437 2772 1483 2778 -
1509 2752 1682 2798 Δωρίοις,

148 2799 250 2845 quod
274 2799 489 2837 dubitanter
513 2799 604 2836 olim
630 2798 809 2845 proposui
834 2796 1004 2844 Δωριεὺς
1036 2799 1176 2836 dudum
1201 2799 1339 2844 abieci,
1371 2799 1576 2836 Schneider
1598 2809 1681 2845 per-

148 2857 276 2893 peram
288 2848 494 2893 Κοδρίδαις
506 2847 755 2884 commendat.
794 2846 876 2893 Ego
895 2848 1092 2893 praeterea
1105 2847 1219 2883 etiam
1238 2846 1425 2893 principia
1437 2846 1682 2884 distichorum

218 2912 350 2939 Pon-ru
368 2914 444 2940 Ian.
471 2914 532 2940 111.
1351 2910 1395 2942 32
