1864 3126
812 143 1000 183 IBYCUS.
1585 142 1673 186 239

815 256 852 298 8.
889 256 993 308 [13]

261 339 352 382 Τοῦ
390 334 472 394 μὲν
509 336 766 382 πετάλοισιν
804 336 871 381 ἐπ’
906 335 1190 394 ἀκροτάτοισι
1230 337 1438 389 ξανθοῖσι
1476 340 1673 381 ποικίλαι

136 409 400 463 πανέλοπες,
438 408 711 466 αιόλόδειροι
742 410 1150 466 λαθιπορφυρίδες,
1188 407 1262 451 καὶ
1295 406 1511 461 ἀλκύονες
1541 426 1673 452 τανυ-

137 483 348 538 σίπτεροι.

809 565 849 608 9.
884 565 992 618 [15]

232 647 541 671 ..LUU--L

230 695 1067 730 uu'Luu--Luu--'uu-uu..

135 813 186 849 tis
218 812 298 849 sive
328 813 476 859 aon-isti,
509 824 582 849 non
612 812 855 856 indicativus;
892 812 938 849 cf.
966 823 1062 858 quae
1094 812 1191 848 infra
1222 813 1269 848 ad
1302 813 1346 848 fr.
1374 819 1394 850 9
1428 813 1521 849 dixi:
1554 825 1673 859 neque

136 872 224 897 vero
243 861 372 897 rhetor
389 860 471 905 iste,
497 861 561 906 qui
582 860 788 897 Herodiani
805 872 943 897 nomen
961 871 1050 906 prae
1070 871 1108 896 se
1127 860 1212 905 fert,
1238 861 1517 897 coniunctivum
1544 872 1676 898 revera

136 909 377 953 testificatur,
404 919 487 944 cum
514 908 665 954 scripsit
689 905 775 944 ἀντὶ
800 909 867 944 τοῦ
895 906 1042 955 ἐγείρῃ,
1070 919 1156 943 nam
1183 909 1254 944 hoc
1280 908 1374 944 dicit
1398 908 1550 954 Ibycum
1579 907 1673 954 ἐγεί-

137 968 223 1003 ρῃσι
246 955 384 992 dixisse
409 956 559 992 adiecta
583 956 815 992 ‹st-clausula
840 967 907 1002 pro
934 953 1078 1003 ἐγείρῃ,
1108 956 1213 991 illum
1241 959 1367 992 autem
1394 956 1674 992 coniunctivum

138 1003 334 1040 indicativi
359 1004 442 1040 vice
468 1003 592 1050 fungi,
618 1004 935 1049 quemadmodum
962 1004 1077 1039 schol.
1098 1003 1139 1039 Il.
1161 1005 1193 1038 E
1214 1009 1235 1039 5
1259 1004 1398 1050 legitur
1416 1006 1674 1051 παμφαίνῃσι·

136 1048 163 1110 ἡ
188 1051 300 1097 διπλῆ
328 1047 387 1086 ὅτι
417 1048 504 1086 ἀντὶ
535 1052 604 1087 τοῦ
635 1053 856 1098 παμφαίνῃ·
891 1048 1090 1094 πλεονάζει
1123 1050 1166 1087 δὲ
1186 1049 1332 1099 Ἴβυκος
1357 1052 1407 1099 τῷ
1435 1049 1605 1100 τοιούτῳ.
1634 1073 1677 1078 -

137 1100 284 1139 αὕπνος
307 1101 432 1143 tueor,
470 1099 640 1144 quamvis
665 1098 833 1144 speciose
860 1099 1119 1135 Schneidewin
1144 1095 1318 1140 άΰπνους
1342 1099 1561 1143 correxerit,
1592 1111 1677 1145 pro-

139 1146 253 1183 bante
280 1146 420 1183 Vatero
445 1147 493 1182 ad
519 1146 645 1193 Eurip.
671 1147 783 1182 Rhes.
808 1159 844 1193 p.
871 1150 953 1191 211,
985 1146 1049 1192 qui
1075 1145 1346 1192 interpretatur
1370 1147 1547 1183 luscinias
1573 1147 1676 1194 longi

142 1193 264 1230 somni
289 1205 362 1230 non
387 1194 616 1240 indigentes,
648 1194 694 1230 cf.
721 1193 874 1230 Hesiodi
899 1194 942 1230 fr.
969 1197 1058 1238 2083
1091 1195 1132 1229 at
1157 1193 1306 1230 ἄϋπνον
1333 1192 1494 1240 ἐγείρειν
1519 1207 1543 1230 a
1568 1195 1676 1241 lyrici

143 1241 318 1278 carminis
343 1242 530 1288 gravitate
556 1242 750 1286 abhorret,
774 1253 895 1287 neque
921 1242 1018 1277 enim
1045 1241 1249 1278 verisimile
1270 1242 1421 1288 Ibycum
1447 1242 1675 1278 comicorum

140 1300 246 1326 more
270 1289 414 1325 lusisse.
443 1286 623 1335 Ὅρθρος,
651 1289 717 1335 qui
741 1289 867 1325 avium
896 1291 1047 1326 cantum
1073 1289 1225 1334 excitat,
1249 1289 1392 1335 vigiliis
1416 1290 1478 1325 vel
1498 1290 1676 1326 luscinias

139 1338 304 1384 superat,
330 1336 459 1382 itaque
479 1335 626 1378 ἄϋπνος
650 1339 751 1373 recte
776 1337 929 1381 dicitu13
955 1337 1055 1374 idem
1080 1334 1214 1378 κλυτὸς
1237 1337 1262 1372 i.
1282 1349 1314 1373 e.
1334 1338 1468 1381 clarus,
1494 1340 1675 1384 perpetuo

138 1386 183 1420 ut
214 1384 363 1420 videtur
393 1387 546 1421 ornatur
576 1385 762 1431 epitheto,
796 1385 894 1430 quod
925 1384 1132 1430 respiciunt
1155 1385 1344 1421 Plutarch.
1371 1384 1497 1431 Symp.
1527 1384 1676 1428 Quaest.

138 1431 208 1467 VII
234 1436 268 1478 3,
296 1435 330 1476 5,
356 1432 414 1468 Et.
441 1432 490 1468 M.
517 1436 598 1476 410,
624 1436 689 1477 53,
728 1432 987 1469 Schol..Hom.
1013 1432 1081 1468 Od.
1109 1446 1122 1467 ι
1147 1436 1228 1468 364.
1279 1431 1539 1469 Schneidewin
1569 1444 1674 1479 prae-

138 1481 247 1516 terea
278 1479 439 1515 coniecit
469 1480 541 1516 hoc
571 1480 654 1516 loco
684 1480 825 1516 lectum
856 1480 946 1516 olim
978 1491 1058 1516 esse
1082 1491 1158 1516 non
1182 1477 1345 1524 ἄϋπνος,
1384 1480 1449 1516 sed
1478 1477 1676 1527 ἄτερπνος,

140 1526 214 1563 vid.
242 1526 285 1562 fr.
311 1531 375 1572 51,
407 1527 473 1563 sed
504 1527 616 1564 nimis
648 1530 707 1564 est
737 1527 896 1564 obscura
925 1527 1028 1563 illius
1060 1527 1234 1563 vocabuli
1265 1527 1382 1574 origo.
1415 1549 1459 1554 —
1495 1525 1675 1574 ἀηδόνας,

140 1577 172 1610 A
198 1571 390 1615 άειδονάς.
1153 1604 1155 1606 .

234 1621 293 1658 Fr.
319 1626 352 1658 8.
405 1621 542 1658 Athen.
568 1622 621 1658 IX
646 1626 716 1659 388
729 1623 779 1658 D:
813 1623 1028 1668 Πορφυρίς·
1055 1623 1292 1669 Καλλίμαχος
1317 1620 1359 1658 ἐν
1385 1624 1435 1671 τῷ
1461 1623 1548 1669 περὶ
1574 1620 1675 1669 ὀρνί-

138 1672 224 1706 θων
250 1666 446 1706 διεστάναι
472 1670 588 1716 φησὶν
614 1671 862 1716 πορφυρίωνα
894 1671 1147 1716 πορφυρίδος,
1180 1670 1259 1719 ἰδίᾳ
1286 1667 1468 1717 ἑκάτερον
1493 1674 1672 1718 καταριθ-

139 1714 343 1764 μούμενος·
380 1715 450 1763 τὴν
481 1715 627 1764 τροφήν
658 1731 697 1754 τε
730 1715 938 1766 λαμβάνειν
970 1716 1037 1753 τὸν
1068 1720 1318 1764 πορφυρίωνα
1345 1715 1387 1754 ἐν
1413 1716 1534 1767 σκότῳ
1560 1731 1673 1755 κατα-

140 1762 346 1811 δυόμενον,
380 1766 444 1800 ἵνα
470 1763 520 1811 μή
545 1779 600 1807 τις
625 1762 744 1801 αὐτὸν
768 1763 977 1811 θεάσηται·
1011 1762 1210 1824 ἐχθραίνει
1239 1764 1311 1811 γὰρ
1337 1763 1426 1807 τοὺς
1449 1765 1676 1812 προσιόντας

140 1810 262 1849 αὐτοῦ
289 1813 333 1860 τῇ
359 1814 492 1860 τροφῇ.
517 1814 584 1858 τῆς
610 1813 653 1849 δὲ
678 1814 912 1858 πορφυρίδος
937 1813 1003 1848 καὶ
1026 1811 1288 1859 Αριστοφάνης
1313 1810 1355 1850 ἐν
1366 1811 1508 1859 Ὄρνισι
1533 1827 1674 1861 μνημο-

139 1858 261 1896 νεύει·
291 1857 439 1908 Ἴβυκος
463 1859 505 1896 δέ
539 1873 644 1902 τινας
674 1862 1086 1906 λαθιπορφυρίδας
1113 1861 1180 1906 (sic
1207 1861 1556 1908 Schweighaeuser,
1586 1862 1675 1898 libri

138 1905 445 1954 λαθιπόρφυρας)
478 1904 658 1955 ὀνομάζει
689 1905 754 1944 διὰ
785 1906 940 1946 τούτων.
977 1909 1044 1944 τοῦ
1075 1907 1145 1955 μὲν
1170 1922 1208 1945 π.
1236 1905 1298 1945 ἐπ’
1326 1905 1363 1944 ά.
1396 1908 1440 1954 (Ρ
1465 1907 1674 1956 ἐπακροτά-

139 1957 251 2001 τοισι)
276 1956 454 1999 ξανθοῖσι
480 1956 524 2000 (Β
549 1957 722 2002 ξανθίαι)
747 1957 1070 2002 αδοιπορφυρίδες
1095 1956 1164 2002 (sic
1185 1956 1291 2001 ABP,
1316 1956 1390 1992 nisi
1415 1957 1517 2003 quod
1543 1957 1572 1992 B
1598 1954 1676 2002 άδ.)

139 2002 206 2039 καὶ
230 2000 288 2039 άλ.
314 2016 346 2039 τ.
396 2003 512 2040 Recte
543 2004 693 2040 videtur
725 2003 1058 2051 Schweighaeuser
1091 2005 1417 2050 λαθιπορφυρίδες
1453 2004 1674 2049 restituisse,

140 2062 229 2087 nam
261 2051 463 2094 secundum
495 2050 767 2088 Callimachum
797 2052 949 2088 videtur
978 2052 1113 2097 Ibycus
1149 2052 1221 2088 hoc
1259 2053 1408 2089 nomine
1446 2063 1528 2088 eam
1566 2064 1675 2089 avem

141 2098 298 2143 dixisse,
323 2109 420 2144 quae
445 2098 542 2135 alias
561 2101 783 2145 πορφυρίσιν
809 2099 1024 2135 vocabatur.
1065 2099 1337 2144 Schneidewin,
1364 2111 1449 2136 cum
1474 2100 1565 2136 olim
1591 2111 1676 2136 con-

141 2145 292 2182 iecisset
315 2145 528 2188 πανέλοπες
558 2148 806 2193 παμποικίλοι
836 2144 1065 2191 αἰολόδειροι
1097 2144 1282 2188 ἀλκυόνες
1304 2144 1349 2183 θ’
1380 2144 1676 2193 ἁλιπορφυρίδες

141 2206 181 2230 τε
207 2190 445 2239 τανύπτεροι,
470 2196 603 2254 postea
627 2194 804 2241 probavit
822 2194 1026 2231 Hermanni
1051 2194 1164 2231 coni.:
1190 2195 1335 2238 ξανθαὶ
1358 2196 1526 2231 ποικίλαι
1552 2193 1676 2231 αἰολό-

142 2242 263 2285 δειροι
286 2240 499 2282 πανέλοπες
522 2239 568 2277 θ’
590 2239 886 2288 ἁλιπορφυρίδες
910 2255 950 2278 τε
976 2242 1041 2278 καὶ
1066 2239 1250 2284 ἀλκυόνες
1268 2244 1543 2288 τανυσίπτεροι.
1579 2242 1675 2278 Cou—

141 2286 213 2324 ieci
238 2285 319 2331 ξὺν
350 2285 577 2324 άκανθίσι
607 2291 840 2331 ποικίλαις
864 2290 941 2336 (vel
965 2287 1035 2333 ξὺν
1061 2287 1247 2326 άκανθίδι
1271 2291 1438 2339 ποικίλα)
1477 2290 1672 2326 πανέλο-

142 2333 223 2377 πές
247 2332 282 2371 τ’
310 2333 599 2381 αἰολόδειροι
633 2339 1036 2391 λαθιπορφυρίδες
1060 2350 1105 2374 τε
1132 2338 1209 2374 καὶ
1234 2334 1461 2378 ἀλκυόνες
1485 2339 1672 2374 τανυσί-

142 2395 313 2428 πτεροι.
365 2382 599 2429 Quamquam
623 2383 709 2420 fort.
735 2384 840 2420 aliud
865 2384 956 2431 qmd
987 2386 1100 2430 latet,
1130 2385 1331 2431 nescioquo
1357 2397 1405 2421 au
1430 2385 1611 2431 Hesychii
1636 2388 1675 2421 et

142 2430 269 2467 Photii
300 2430 426 2477 glossa
457 2429 687 2469 Ξάνθοισιν·
725 2428 870 2477 ὀρνέοις
907 2433 979 2469 huc
1011 2433 1209 2479 pertineat.
1260 2433 1449 2478 Hau-tange
1492 2433 1569 2468 Τοῦ
1602 2431 1673 2479 μὲν

141 2475 358 2514 πετάλοισιν
391 2475 453 2515 ἐπ’
487 2475 710 2523 ἀκροτάτοις
736 2481 742 2524 Ι
770 2477 838 2515 σὺν
870 2480 1070 2523 ξανθαῖσιν
1101 2482 1307 2522 ποικιλίδες
1333 2482 1339 2525 Ι
1366 2480 1579 2521 πανέλοπες
1609 2480 1674 2516 καὶ

143 2523 372 2570 αἰολόδειροι
390 2527 718 2571 λαθιπορφυρίδες
739 2528 745 2571 Ι
767 2524 975 2569 κάλκύονες
993 2526 1316 2573 τανυσιπτέρυγοι.
1337 2548 1381 2554 -
1408 2528 1576 2573 Denique
1600 2528 1674 2564 huc

144 2574 293 2619 spectat
311 2573 434 2610 Schol.
454 2574 567 2609 Arist.
587 2573 656 2609 Av.
674 2578 781 2610 1302:
808 2572 828 2609 ὁ
847 2574 1019 2620 πηνέλοψ
1044 2574 1158 2622 νήττῃ
1185 2574 1254 2621 μέν
1282 2573 1382 2611 ἐστιν
1402 2571 1546 2621 ὅμοιον,
1571 2588 1673 2622 περι-

144 2621 278 2666 στερᾶς
302 2619 346 2657 δὲ
372 2619 554 2668 μέγεθος·
580 2620 766 2667 μέμνηται
791 2620 834 2657 δὲ
860 2619 979 2658 αὐτοῦ
1001 2624 1229 2668 Στησίχορος
1253 2622 1318 2658 καὶ
1336 2620 1367 2658 Ἴ
1391 2636 1492 2664 υκος.
1519 2624 1562 2659 ut
1586 2634 1673 2660 con-

144 2668 252 2705 iiciat
281 2668 418 2715 aliquis
449 2669 542 2705 haec
567 2680 612 2705 ex
637 2668 814 2715 ambiguo
845 2670 1009 2706 carmine
1040 2670 1163 2716 petita
1194 2682 1291 2715 esse,
1323 2681 1360 2706 se
1419 2670 1607 2716 pertinent
1631 2673 1674 2707 ut

144 2715 293 2752 videtur
317 2717 367 2752 ad
392 2727 542 2752 carmen
566 2716 604 2751 in
630 2716 807 2762 Gorgiam
833 2716 891 2762 (fr.
916 2721 990 2760 30).

240 2763 297 2799 Fr.
323 2767 355 2799 9.
394 2764 593 2800 Herodian.
619 2763 706 2809 περὶ
731 2775 836 2810 σχημ.
859 2767 904 2799 60
935 2768 997 2800 81:
1024 2766 1207 2800 Καλεῖται
1232 2764 1273 2801 δὲ
1298 2762 1496 2813 Ἰβύκειον,
1522 2762 1591 2812 οὐχ
1616 2762 1673 2802 ὅτι

137 2805 284 2858 Ἴβυκος
308 2810 453 2855 πρῶτος
478 2809 672 2858 ἐχρήσατο,
699 2839 707 2846 .
730 2838 738 2847 .
760 2838 768 2847 .
795 2807 880 2847 ἀλλ’
902 2792 986 2847 kmi
1009 2809 1105 2847 πολὺ
1131 2812 1196 2847 καὶ
1214 2811 1422 2858 κατακορὲς
1439 2810 1531 2858 παρ’
1553 2810 1675 2863 αὐτῷ·

144 2857 210 2893 καὶ
235 2855 306 2903 γὰρ
335 2857 643 2895 Γλαυκώπιδα
668 2861 743 2894 κτλ.
771 2880 813 2885 -
840 2859 904 2894 καὶ
930 2857 1020 2905 γὰρ,
1046 2859 1147 2909 quod
1172 2859 1410 2906 grammatici
1434 2863 1508 2906 est,
1539 2863 1674 2907 poetae

145 2905 278 2941 tribuit
297 2905 572 2953 Schneidewin,
598 2917 709 2952 quem
735 2908 835 2943 certe
860 2904 974 2943 κατὰ
999 2905 1081 2954 γὰρ
1108 2907 1219 2954 lbyco
1242 2908 1398 2945 reddere
1417 2909 1585 2947 decebat.
1623 2911 1674 2948 At
