1864 3126
836 139 1037 178 ERINNA.
1613 137 1699 182 145

914 250 953 294 6.

225 331 423 392 Νύμφας
454 334 676 385 Βαυκίδος
707 334 817 390 εἰμι’·
847 331 1161 377 πολυκλαύταν
1193 331 1242 376 δὲ
1273 331 1513 390 παρέρπων

286 403 473 461 στάλαν,
504 406 564 464 τῷ
596 401 705 449 κατὰ
737 405 819 461 γᾶς
849 405 983 448 τοῦτο
1015 403 1162 460 λέγοις
1188 403 1330 462 Ἀΐδᾳ·

226 475 490 533 ,βάσκανος
520 472 631 531 ἔσσ’,
660 473 836 519 'Ama-‘⁶
862 473 915 519 τὰ
943 473 993 519 δὲ
1018 477 1198 518 ποικίλα
1223 472 1392 531 σήμαθ’
1428 471 1592 531 ὁρῶντι
1629 486 1700 519 929

284 546 518 606 ὠμοτάταν
548 547 755 599 Βαυκοῦς
785 546 1042 603 ἆγγελέοντι
1074 543 1235 603 τύχαν,

183 632 206 664 5
226 617 286 673 ὥς
314 618 399 663 τάν
428 616 551 663 παῖδ’
580 615 811 675 Ὑμέναιος
841 615 922 675 ὑφ’
958 610 1012 670 ἇς
1043 616 1245 674 scodram
1277 616 1462 673 πεύκας,

284 689 385 750 τᾷδ’
420 691 490 737 ἐπὶ
522 689 740 743 καδεστάς
770 693 928 748 ἔφλεγε
958 687 1199 748 πυρκαϊάν·

223 762 298 807 καὶ
330 761 388 807 σὺ
418 762 520 820 μέν,
552 757 587 807 ὦ
613 760 836 819 Ὑμέναιε,
867 760 1024 818 γάμων
1056 765 1279 819 μολπαῖον
1309 757 1474 804 ἀοιδάν

286 835 331 887 ἐς
360 836 550 892 θρηνῶν
579 833 743 892 γοερὸν
774 834 957 891 φθέγμα
989 830 1296 891 μεθαρμόσαο.

167 953 262 990 alios
290 954 433 999 Τηλία
458 952 595 999 legisse
644 952 744 998 quod
768 952 970 999 praeoptat
993 950 1168 988 Welcker
1194 951 1328 997 Opusc.
1356 950 1390 986 II
1419 954 1499 987 146.
1542 950 1701 997 Stepha-

169 1013 238 1038 nus
262 1001 348 1048 Byz.
374 1013 410 1038 v.
439 1001 561 1047 Τῆνος
592 981 771 1036 Ετίῑιηαιῐι
801 999 958 1036 Teniam
990 999 1101 1045 dicit,
1136 999 1172 1035 h.
1199 1010 1230 1034 e.
1266 1010 1311 1034 ex
1342 999 1465 1035 insula
1491 998 1594 1035 Teno
1626 1010 1702 1035 non

167 1049 376 1085 Laconicae
395 1048 533 1095 oppido
558 1048 765 1092 oriundam,
789 1049 833 1084 ut
852 1047 1029 1083 Welcker
1053 1048 1196 1090 censet3
1225 1046 1366 1083 Teliam
1385 1046 1447 1083 vel
1469 1046 1594 1082 Teiam
1620 1046 1702 1082 Sui-

167 1096 235 1133 das
265 1098 305 1133 et
340 1095 561 1132 Eustathius
598 1106 684 1131 cum
720 1096 892 1140 tradunt,
924 1094 1096 1131 lectionis
1132 1093 1356 1131 varietatem
1388 1094 1480 1130 satis
1505 1095 1701 1131 testantur.

168 1143 284 1190 Optio
307 1143 488 1180 difficilis:
515 1143 617 1189 quod
641 1143 782 1179 Erinna
806 1142 934 1179 dorica.
957 1154 1026 1179 use.
1051 1144 1108 1178 est
1131 1142 1295 1178 dialecto
1326 1142 1473 1178 nullum
1503 1142 1597 1178 facit
1621 1153 1697 1178 mo-

169 1192 349 1236 mentum,
373 1190 593 1238 praesertim
620 1202 705 1227 cum
734 1191 774 1227 in
805 1191 907 1227 Teno
938 1189 1063 1226 insula
1092 1190 1233 1236 passim
1257 1189 1420 1236 vestigia.
1443 1189 1563 1226 dorici
1587 1190 1700 1226 moris

168 1239 505 1294 deprehendantur.
556 1239 629 1275 Sed
663 1239 764 1285 quod
795 1238 862 1275 alii
891 1249 962 1275 sec.
990 1238 1144 1275 Suidam
1174 1239 1214 1274 et
1242 1237 1344 1274 Eust.
1375 1237 1563 1274 Rhodiam
1585 1237 1702 1273 fuisse

168 1285 348 1323 Ermum
365 1286 626 1333 perhibebant,
646 1297 735 1323 sane
755 1286 995 1323 commendat
1019 1286 1242 1332 scripturam
1264 1287 1427 1330 Τηλίαε
1454 1285 1554 1330 quod
1579 1285 1611 1321 si
1629 1285 1702 1321 hoc

168 1334 379 1381 sepulcrum
404 1334 530 1371 Rhodi
548 1334 633 1379 fuit,
657 1334 770 1370 facile
789 1334 965 1380 poterant
982 1333 1155 1370 nonnulli
1174 1333 1306 1369 Rhodo
1326 1332 1470 1369 insulae
1489 1332 1702 1369 adscribere

166 1381 363 1428 poetriam.
409 1382 483 1418 Sed
507 1381 683 1418 Lesbiam
708 1382 774 1427 qui
792 1381 1040 1426 tradiderunt,
1066 1381 1171 1417 velut
1189 1380 1382 1425 Tatianus,
1409 1380 1583 1416 hariolati
1603 1383 1700 1424 sunt,

166 1430 274 1466 velut
308 1429 349 1466 in
385 1430 494 1465 huius
530 1429 811 1475 epigrammatis
842 1429 1022 1464 lemmate
1063 1428 1293 1474 Mitylenaea
1330 1430 1368 1464 et
1404 1427 1502 1464 infra
1533 1428 1601 1463 Vll
1632 1432 1699 1464 711

169 1476 305 1526 Λεσβὶς
337 1473 532 1523 ποιήτρια,
562 1477 655 1513 item
686 1477 820 1512 Baucis
850 1475 1078 1521 Mitylenaea
1108 1476 1340 1522 appellatur,
1372 1475 1474 1521 quod
1507 1475 1699 1522 scriptoris

169 1524 492 1608 auttssschediasma
526 1526 590 1560 est.
630 1546 674 1551 —
712 1524 763 1561 ib.
796 1524 877 1561 cod.
904 1524 932 1559 P
963 1520 1205 1569 ἁσυνεταρὶς,
1236 1523 1411 1569 idemque
1436 1523 1475 1558 in
1501 1534 1618 1569 marg.
1644 1534 1701 1559 re-

194 1583 215 1609 ο
266 1584 339 1608 11111.

167 1585 193 1619 P
262 1619 322 1657 Fr.
349 1624 381 1656 6.
430 1619 546 1656 Anth.
578 1619 656 1655 Pal.
683 1618 859 1655 V11‘112.
886 1618 913 1655 C
948 1618 1027 1660 Εἰς
1058 1619 1264 1655 Βαυκίδα
1297 1614 1400 1654 τινὰ
1434 1615 1621 1664 νύμφην
1654 1615 1702 1655 ἐν

171 1668 230 1717 τῷ
255 1665 450 1716 θαλάμῳ
476 1664 840 1713 τελευτήσασαν,
867 1678 960 1703 corr.
984 1663 1200 1712 Ἠρίννης.
1236 1665 1332 1702 Huic
1358 1676 1507 1712 quoque
1533 1666 1702 1702 lemmati

167 1765 211 1800 ut
234 1774 347 1809 supra
377 1762 604 1808 praemissae
635 1764 723 1798 sunt
753 1763 865 1798 notae
892 1754 1008 1799 cmii.
1059 1761 1221 1797 Erinnae
1255 1773 1334 1798 esse
1366 1761 1437 1797 hoc
1469 1761 1531 1807 epi
1559 1772 1701 1797 ramma

166 1810 389 1847 testificatur
415 1810 598 1847 Leonidas
623 1811 685 1846 vel
709 1809 899 1856 Meleager
922 1811 962 1846 in
987 1809 1105 1856 epigr.
1130 1809 1169 1844 in
1195 1808 1374 1845 Erinnam
1400 1808 1512 1845 Anth.
1569 1809 1619 1846 al.
1633 1808 1702 1844 VII

170 1863 235 1894 13:
255 1851 303 1893 'H
325 1855 373 1904 ῥα
397 1854 479 1893 τόδ’
509 1856 664 1904 ἔμφρων
691 1854 783 1893 Εἷπ’
813 1855 877 1894 ἕτύ
909 1871 957 1899 ως
982 1854 1006 1893 ἁ
1032 1861 1137 1898 παῖς·
1172 1853 1412 1898 Βᾶσκανος
1444 1853 1549 1902 ἔσσ’,
1573 1853 1701 1893 Ἀΐδα.

170 1926 214 1933 -
241 1905 284 1942 V.
313 1910 344 1942 1.
370 1904 447 1952 εἰμὶ
473 1906 553 1941 cod.
579 1904 621 1951 P,
647 1905 844 1952 legebatur
891 1907 971 1952 μμί,
997 1906 1078 1941 erat
1097 1903 1182 1940 fort.
1204 1901 1281 1950 ἠμί.
1309 1925 1353 1931 -
1379 1902 1595 1950 παρέρπων,
1621 1905 1701 1941 eod.

168 1953 198 1988 P
222 1951 425 1999 παρέρπῶν
452 1953 532 1999 (sed
557 1966 579 1988 ν
604 1953 710 1989 addit
734 1965 781 1988 m.
809 1955 863 1998 s.).
899 1975 940 1979 —
977 1953 1019 1989 V.
1046 1956 1079 1987 2.
1102 1949 1213 2001 Ἀΐδᾳ,
1239 1952 1320 1988 cod.
1346 1952 1376 1987 P
1401 1948 1505 1987 ἆΐδα.
1539 1973 1583 1978 -
1612 1952 1654 1987 V.
1681 1957 1702 1987 3

170 2001 252 2037 cod.
277 1999 307 2035 P
334 1997 524 2048 βάσκανός
549 1997 628 2036 ἔσσ’
656 2003 694 2045 (11,
718 2012 773 2046 pr.
801 2013 848 2036 m.
875 2003 943 2048 εσ).
979 2021 1023 2027 -
1055 1998 1101 2035 τὰ
1129 1998 1171 2035 δὲ
1204 2000 1356 2036 ποικίλα
1381 1996 1530 2045 σάμαθ’
1559 1999 1703 2046 scripsi,

160 2049 216 2098 cf.
242 2048 380 2085 Pittaci
405 2048 546 2084 dictum
573 2060 633 2094 ap.
660 2047 770 2094 Diog.
790 2049 832 2084 L.
852 2049 869 2084 I
890 2053 953 2084 77:
979 2045 1055 2083 ὑπὸ
1083 2048 1247 2092 Κροίσου
1268 2044 1504 2093 (ἐρωτηθεὶς)
1530 2048 1585 2087 τίς
1603 2044 1700 2103 ἁρχὴ

169 2092 491 2180 ἕέγξῖἶηέαῖίῖἷ
508 2093 958 2180 ’ἓᾋῖἦέἵωῖῗέὰὲύλοὲ
967 2124 975 2141 ’
1002 2092 1483 2188 Ἰέῗίνὲῗροέῗέινῖἒὲν1>
1498 2094 1629 2177 Ιὲἕοέἓ
1645 2107 1702 2177 ἷέἶ

170 2188 267 2227 καλὰ
293 2187 339 2226 τὰ
366 2188 471 2237 μεθ’.
493 2157 541 2217 ‘1—
568 2190 613 2226 V.
638 2195 672 2228 4.
699 2155 1338 2238 &povdmffetmzbdzoevPSalmasitis
1363 2191 1402 2225 et
1427 2188 1587 2232 Brunck,
1621 2189 1702 2225 cod.

171 2238 200 2273 P
231 2234 448 2296 ὄμματατᾶι
478 2238 557 2282 (sed
583 2238 623 2274 ἄι
656 2250 679 2274 a.
708 2250 757 2274 m.
789 2251 817 2275 s.
848 2239 889 2275 in
919 2239 1062 2283 rasura)
1095 2239 1135 2274 et
1164 2235 1292 2283 τύχαι,
1326 2237 1473 2273 Hecker
1503 2234 1548 2271 τὰ
1576 2236 1618 2272 δέ
1646 2249 1704 2271 τοι

170 2288 268 2321 καλα
294 2282 400 2331 κᾶμ’
430 2282 656 2332 ἔφορῶντι
680 2283 925 2333 γράμματα
950 2284 1020 2322 τὰν
1047 2289 1086 2322 Β.
1113 2281 1138 2320 ἆ
1165 2282 1293 2331 τύχαν.
1322 2305 1366 2311 -
1392 2285 1436 2319 V.
1464 2288 1496 2320 ὅ.
1523 2284 1604 2320 cod.
1623 2283 1702 2319 Pal.

171 2344 195 2369 a.
219 2345 268 2370 111.
300 2345 353 2379 pr.
387 2332 427 2368 in
461 2343 580 2379 marg.
611 2344 747 2369 novam
777 2333 1058 2380 inscriptionem
1090 2331 1198 2368 addit
1229 2331 1297 2373 Εἰς
1327 2329 1395 2377 τὴν
1427 2327 1548 2376 αὐτὴν
1580 2331 1699 2375 βαυκῖ

171 2384 212 2416 at
236 2381 473 2417 continuatur
498 2380 560 2426 epi
606 2392 742 2425 amma,
774 2382 873 2426 quod
898 2381 1058 2418 totidem
1085 2380 1251 2416 versibus
1283 2380 1440 2422 constat,
1475 2380 1568 2424 quot
1591 2379 1702 2424 prius.

174 2449 214 2454 -
243 2426 292 2469 ὦς
317 2428 482 2472 Brunck,
507 2439 550 2463 co
579 2456 587 2464 .
614 2428 643 2463 P
668 2423 720 2469 ὃς.
754 2449 799 2454 -
832 2425 903 2474 ὑφ’
937 2422 983 2470 ἇς
1014 2426 1186 2473 εἰσάγετο
1216 2424 1360 2468 πεύκας
1385 2426 1532 2471 scripsi,
1566 2425 1647 2462 cod.
1675 2424 1704 2459 P

173 2471 239 2521 ἐφ’
267 2472 328 2516 ἁίς
351 2472 466 2521 ἥδετο
491 2473 651 2516 πεύκαις
676 2476 716 2511 et
739 2487 773 2511 v.
799 2480 820 2511 6
846 2476 891 2525 τᾷ
918 2472 955 2511 δ’
984 2505 992 2512 .
1013 2502 1021 2510 .
1045 2502 1052 2510 .
1079 2481 1271 2520 πυρκαῖαν
1297 2473 1441 2519 scripsi,
1474 2473 1702 2508 Brunckium

173 2523 248 2559 fere
273 2525 440 2559 secutus:
473 2523 662 2569 significat
686 2523 828 2569 nuptiis
853 2523 1030 2559 continuo
1063 2523 1174 2558 funus
1200 2521 1436 2564 successisse;
1470 2521 1551 2556 cod.
1577 2519 1606 2555 P
1633 2518 1703 2555 τὰν

0 2327 7 2468 -υ-ῂ--ν
0 2276 5 2281 «

172 2614 211 2653 δ’
239 2646 247 2654 .
268 2645 277 2653 .
298 2645 306 2653 .
332 2618 531 2663 πυρκαϊᾶς.
560 2638 602 2644 -
629 2614 826 2662 καδεστάς,
852 2617 932 2653 cod.
959 2618 988 2653 P
1013 2614 1199 2657 καδεστὰς
1225 2618 1268 2651 ut
1286 2615 1443 2658 videtur,
1469 2625 1544 2650 11011
1564 2615 1700 2650 nadw-

171 2662 248 2706 τάς.
285 2664 362 2700 Alii
387 2665 497 2701 aliter
522 2665 713 2701 difficilem
734 2666 831 2700 hunc
850 2665 974 2701 locum
995 2664 1286 2706 conformatunt,
1307 2662 1411 2698 velut
1430 2661 1576 2698 Brunck
1607 2661 1703 2697 coni.

172 2707 323 2757 ὑφ’·ἆς
353 2709 472 2758 δόμον
504 2710 618 2758 α”γετο
649 2709 792 2753 πεύκας
816 2708 903 2761 τᾷδ’
938 2739 947 2748 .
974 2739 982 2747 .
1014 2711 1200 2759 πυρκαϊᾴ,
1233 2710 1363 2745 Iacobs
1395 2706 1461 2754 ἐφ’
1497 2707 1558 2750 αἷς
1590 2706 1703 2750 καλὸς

171 2757 284 2806 ἥδετο
309 2757 484 2805 πεύκαις,
516 2757 639 2796 ταῖσδ’
673 2785 682 2795 .
704 2788 711 2795 .
733 2788 740 2796 .
767 2759 954 2807 πυρκαϊᾷ,
986 2756 1245 2794 Schneidewin
1272 2753 1338 2802 ἐφ’
1374 2755 1436 2797 αἷς
1466 2753 1627 2793 αἐίδετο.
1656 2776 1699 2782 -

173 2797 216 2844 ¹V.
238 2812 270 2844 ’1.
296 2810 481 2853 μολπαῖον
501 2807 573 2843 scri
602 2807 644 2850 si,
672 2807 699 2842 P
726 2819 748 2842 a.
767 2819 815 2842 m.
837 2818 865 2841 s.
891 2809 1094 2852 μολπαῖαν,
1123 2816 1146 2840 a
1165 2817 1212 2839 m.
1232 2816 1287 2850 pr.
1314 2804 1514 2850 μολπαίαν.
1537 2824 1580 2830 -
1600 2803 1645 2841 V.
1666 2808 1699 2839 8.

171 2853 307 2900 γοερὸν
333 2854 491 2898 Brunck,
517 2865 559 2891 co
590 2883 597 2890 .
624 2855 652 2890 P
678 2854 834 2900 γοερῶν.
863 2874 905 2879 -
939 2849 1201 2900 μεθαρμόσαο,
1227 2852 1422 2898 legebatur
1445 2848 1703 2898 μεθηρμόσαο.

178 2923 218 2927 -—
247 2902 420 2938 Ceterum
445 2903 491 2938 cf.
517 2902 564 2938 de
590 2903 661 2938 hoc
688 2902 805 2948 epigr.
833 2901 1008 2937 Welcker
1034 2900 1123 2946 Syll.
1150 2899 1276 2945 Epigr.
1304 2898 1424 2935 Praef.
1451 2899 1554 2934 XXX
1574 2911 1649 2943 seq.

244 2968 375 2994 ΡοιτΑι
393 2969 471 2995 Lra.
498 2968 556 2995 111.
1377 2961 1420 2993 10
