1864 3126
0 2835 47 3007 {T

3 3000 34 3126 ἰ,

797 107 1072 145 ΒῘΜΟΝῙΟΕΒ.
1614 105 1701 148 509

282 265 719 312 EPIGRAMMATA
763 264 946 309 FALSO
990 263 1259 309 SIMONIDI
1302 261 1576 307 TRIBUTA.

889 361 988 404 178.

261 450 424 491 Βοίδιον
452 444 637 503 ηὖλητρὶς
667 445 734 488 καὶ
764 442 929 494 Πυθιᾶς
960 445 1010 486 αἴ
1031 442 1119 487 ποτ’
1154 445 1314 499 ἐρασταί

318 514 381 555 σοὶ
411 510 549 567 Κύπρι
577 510 647 562 τὰς
677 508 804 562 ζώνας
835 508 907 560 τάς
935 526 974 552 τε
1003 508 1162 566 γραφὰς
1192 510 1339 551 ἔθεσαν
1350 522 1370 548 ··

260 579 404 632 ἔμπορε
433 578 500 620 καὶ
531 576 722 632 φορτηγέ,
751 573 794 618 τὸ
826 573 899 618 σὸν
929 573 1164 630 βαλλάντιον
1194 572 1303 617 οἶδεν

320 645 386 687 καὶ
416 642 547 686 πόθεν
577 644 623 684 αἱ
649 644 769 692 ζῶναι
799 641 866 684 καὶ
896 638 1027 683 πόθεν
1057 641 1102 681 αἱ
1128 641 1302 690 πίνακες.

893 760 989 803 179.

264 848 477 902 Χειμερίην
507 851 684 900 νιφετοῖο
715 842 928 899 κατήλυσιν
957 841 1063 898 ἡνίκ’
1098 842 1245 895 ἀλύξας

323 910 472 962 Γάλλος
503 912 697 990 ἐρημαίην
726 907 849 965 ἤλυθ’
884 906 963 951 ὑπὸ
995 905 1187 961 σπιλάδα,
1613 919 1705 952 1184

265 975 379 1021 ὑετὸν
409 994 495 1031 αρτι
525 975 649 1031 κόμης
679 972 945 1029 ἀπομόρξατο
978 978 1047 1017 τοῦ
1079 974 1122 1016 δὲ
1153 972 1236 1016 κατ’
1271 975 1380 1028 ἴχνος

323 1040 532 1098 βουφάγος
563 1044 618 1092 εἰς
648 1044 786 1096 κοίλην
817 1038 995 1119 ἀτραπὸν
1026 1037 1108 1082 ἷκτο
1139 1039 1260 1081 λέων·

217 1119 238 1151 5
263 1106 388 1163 αὐτὰρ
419 1105 440 1150 ὃ
470 1106 695 1163 πεπταμένῃ
727 1106 824 1161 μέγα
854 1103 1061 1160 τύμπανον
1091 1102 1113 1147 3
1147 1105 1263 1160 σχέθε
1295 1106 1391 1160 χειρὶ

321 1172 480 1228 ἥραξεν,
510 1175 663 1229 καναχῇ
694 1169 732 1214 δ’
767 1172 876 1226 ἴαχεν
907 1188 1053 1225 αντρον
1084 1169 1210 1212 απαν·

198 1232 203 1235 ’
265 1237 355 1283 οὐδ’
389 1239 476 1292 ἔτλη
510 1237 695 1292 Κυβέλης
725 1234 834 1292 ἱερὸν
865 1234 1017 1292 βρόμον
1047 1234 1244 1287 υλονόμος
1274 1234 1357 1291 θήρ

269 1373 396 1421 Epigr.
425 1376 505 1409 1⁷8.
556 1373 667 1408 Anth.
694 1372 774 1409 Pal.
801 1372 834 1407 V
862 1376 947 1409 159.

397 1433 430 1468 A
455 1434 562 1479 Σιμω
588 1443 681 1469 corr.
707 1432 816 1467 νίδου
841 1426 981 1467 adiecit

458 1481 543 1517 ιὸου
570 1491 663 1517 corr.
689 1478 824 1523 erasit,
848 1481 929 1514 tum
955 1478 995 1514 in
1019 1489 1090 1514 ras.
1117 1478 1258 1514 lemma
1283 1472 1475 1525 scriptum.

171 1541 404 1600 (Σιμωνίδου
437 1539 554 1576 codex
586 1550 635 1585 ap
638 1538 811 1575 .Iriarte
837 1538 956 1574 Catal.
983 1538 1175 1584 Matrit.p
1178 1541 1284 1584 .94).
1317 1538 1344 1574 C
1377 1538 1432 1580 εἰς
1464 1540 1610 1586 βοίδιον
1640 1538 1710 1586 τὴν

171 1586 388 1635 αὐλητρίδα,
439 1587 624 1624 Simonidi
638 1567 800 1622 'omnino
826 1585 1116 1622 abiudicandum
1143 1550 1386 1632 (pquamquam
1410 1586 1559 1622 Hecker
1583 1587 1618 1622 H
1642 1591 1711 1624 104

171 1636 420 1682 adversatur),
445 1636 504 1671 est
528 1636 571 1671 ut
596 1634 727 1680 opinor
745 1634 979 1679 Asclepiadis
997 1633 1240 1680 epigramma,
1265 1633 1340 1671 vid.
1361 1633 1572 1679 Asclepiad.
1594 1635 1627 1670 V
1643 1639 1707 1671 161

175 1682 292 1730 (quod
317 1683 469 1730 quidem
495 1693 515 1718 e
517 1682 728 1729 pigi-amma
753 1682 867 1717 etiam
893 1680 1002 1727 Hedy
1004 1681 1040 1717 lo
1067 1681 1106 1717 et
1125 1681 1309 1717 Simonidi
1334 1681 1546 1739 tribuitur).
1565 1680 1710 1740 Εὐφρώ

171 1731 237 1768 καὶ
263 1731 358 1772 Θαῒς
382 1730 447 1766 καὶ
473 1731 662 1766 Βοίδιον
688 1727 732 1765 αἰ
755 1693 1002 1786 Διομήδους),
995 1733 1135 1774 γραῖαι.
1162 1730 1202 1765 81
1225 1728 1258 1764 V
1286 1733 1372 1765 164:
1409 1726 1471 1765 οἷά
1498 1725 1538 1775 μ’
1567 1726 1712 1779 ὑβρίζει

172 1777 359 1820 Πυθιὰς
384 1775 407 1823 ἡ
435 1778 583 1818 Νικοῦς
608 1770 703 1813 οὖσα
729 1774 979 1835 φιλεξαπάτις
1002 1777 1071 1821 (ita
1097 1776 1197 1812 enim
1226 1777 1486 1823 corrigendum
1518 1777 1596 1813 sive
1629 1781 1709 1823 φιλ-

173 1823 365 1872 εξαπάτης
383 1825 521 1882 1118118).
542 1845 585 1851 -
607 1825 652 1861 V.
674 1829 705 1862 1.
731 1821 924 1871 ηὖλητρὶς,
949 1823 1055 1860 Plan.
1075 1820 1262 1870 αὐλητρὶς
1283 1845 1328 1851 -
1350 1825 1391 1862 V.
1413 1826 1446 1860 3.
1473 1822 1711 1871 βαλλαντιον,

177 1874 282 1910 Plan.
310 1870 522 1929 βαλάντιον.

269 1921 395 1977 Epigr.
424 1923 503 1957 179.
554 1920 709 1957 Anthol.
741 1920 780 1956 P.
814 1920 866 1956 VI
897 1923 985 1956 217:
1017 1921 1051 1956 A
1082 1916 1271 1966 ανάθημα
1308 1919 1374 1956 τοῦ
1415 1917 1552 1956 αὐτοῦ·
1588 1920 1616 1956 C
1650 1918 1712 1956 ἐπὶ

175 1966 299 2023 γάλλφ
337 1965 484 2014 λάτριδι
520 1968 587 2014 τῆς
623 1965 792 2016 κυβέλης.
855 1967 959 2011 Quae
996 1968 1227 2020 praecedunt
1263 1967 1538 2022 epigrammata
1575 1969 1712 2012 omnia,

174 2016 289 2054 etiam
314 2019 396 2062 216,
424 2015 626 2052 Simonidis
651 2017 755 2060 sunt,
781 2015 845 2052 sed
870 2016 942 2052 hoc
969 2015 1169 2051 manifesto
1195 2026 1231 2051 e1
1256 2014 1564 2062 abiudicaudum,
1588 2018 1632 2051 ut
1656 2016 1712 2052 Ia-

175 2064 266 2101 cobs
290 2075 439 2122 qnoque
465 2063 621 2100 censuit.
665 2062 771 2099 Nihil
791 2063 927 2120 probat
944 2063 1054 2100 Phot.
1075 2059 1527 2120 P218321²Kvfim3⁰v
1572 2066 1711 2108 Κρατῖ-

175 2125 242 2154 νος
261 2109 449 2169 Θρᾴτταις
473 2108 540 2148 τὸν
564 2108 827 2168 θεοφόρητον·
853 2107 982 2152 Ἴωνες
1007 2109 1050 2147 δὲ
1075 2109 1142 2146 τὸν
1166 2107 1429 2156 μητραγύρτην
1454 2111 1520 2146 καὶ
1545 2109 1710 2155 γάλλον

174 2160 246 2195 νῦν
277 2147 529 2205 καλούμενον·
566 2155 684 2199 οὕτως
715 2159 932 2204 Σιμωνίδης
958 2179 1002 2185 -
1028 2169 1116 2194 nam
1142 2157 1344 2194 Simonidis
1374 2158 1632 2194 testimonium
1664 2159 1711 2194 ad

176 2204 356 2261 Κῦβηβον
419 2206 572 2250 ertinet,
609 2217 734 2260 neque
763 2205 956 2251 melicum,
994 2206 1059 2242 sed
1096 2205 1409 2252 iambographum
1446 2206 1713 2251 grammaticus

176 2253 344 2291 adhibet.
391 2217 474 2290 hoc
498 2253 649 2299 quidem
674 2252 925 2300 epigramma,
957 2254 1031 2290 nisi
1056 2253 1178 2298 fallor,
1210 2254 1268 2289 est
1291 2252 1479 2288 Leonidae
1505 2253 1711 2298 Tarentini,

176 2301 217 2338 in
251 2301 456 2347 eodemque
493 2302 714 2355 argumento
745 2300 969 2337 illustrando
1000 2303 1196 2337 versantur
1226 2300 1396 2346 proxima
1426 2300 1572 2344 Alcaei,
1603 2300 1714 2336 Αιι11-

178 2349 295 2396 patri,
338 2347 578 2384 Dioscoridae
621 2350 1003 2394 318,19,20,ut
1045 2348 1139 2384 alias
1182 2358 1331 2392 quoque
1374 2347 1548 2383 certatim
1592 2348 1714 2384 eidem

178 2397 359 2434 materiae
396 2406 549 2450 operam
585 2395 674 2431 dare
716 2395 856 2440 8018111;
893 2376 1015 2441 neque
1053 2395 1148 2431 illud
1182 2396 1325 2437 obstat,
1368 2395 1469 2440 quod
1500 2399 1569 2431 321
1609 2395 1714 2431 aliud

178 2444 368 2481 Leonidae
394 2442 626 2497 epigramma.
650 2442 811 2479 similem
835 2443 1015 2479 fabellam
1039 2443 1174 2490 prodit.
1226 2443 1418 2479 Celebrem
1448 2442 1544 2478 hanc
1570 2442 1714 2479 chriam

178 2492 305 2539 tangit
353 2489 470 2528 8118111
512 2490 632 2526 Varro
676 2490 716 2526 in
764 2489 907 2527 Saturis
951 2502 1009 2536 ap.
1055 2491 1216 2527 Nonium
1262 2503 1295 2526 v.
1342 2490 1553 2526 Mansuete.
1604 2490 1714 2534 „Non

178 2539 309 2576 vidinu·
346 2538 586 2575 simulacrum
622 2537 741 2574 leonis
785 2538 833 2573 ad
875 2537 978 2574 Idam
1018 2549 1038 2574 8
1076 2539 1163 2592 (scr.
1196 2540 1248 2583 eo)
1287 2537 1388 2582 loco,
1427 2538 1490 2573 ubi
1527 2518 1716 2582 quondam

183 2586 307 2624 subito
334 2597 419 2623 eum
445 2598 529 2622 cum
553 2584 737 2621 vidissent
761 2585 1039 2652 quadrupedem
1065 2583 1165 2622 Galli
1195 2586 1386 2631 tympanis
1418 2584 1512 2620 adeo
1547 2585 1716 2621 fecerunt

182 2645 388 2679 mansuem,
414 2634 457 2669 ut
480 2634 688 2669 tractarent
712 2632 920 2668 manibus.⁸·
970 2644 1067 2678 quae
1092 2644 1176 2669 cum
1202 2633 1267 2668 alii
1294 2635 1375 2668 tum
1404 2632 1548 2667 Vahlen
1573 2632 1619 2668 de
1646 2633 1716 2669 sat.

184 2682 340 2719 Varron.
365 2694 403 2728 p.
429 2684 475 2717 25
501 2682 540 2717 et
564 2679 762 2716 L.M1·111er
786 2679 833 2715 de
858 2691 897 2716 re
923 2683 1030 2716 metr.
1050 2680 1131 2716 Lat.
1153 2692 1186 2726 p.
1207 2683 1277 2715 438
1303 2690 1498 2736 perperam
1522 2678 1563 2714 in
1587 2691 1716 2716 verens

184 2729 356 2776 redigere
382 2728 508 2765 conati
540 2729 636 2765 sunt.
663 2747 707 2753 —
733 2727 777 2763 V.
805 2731 838 2763 1.
862 2730 884 2762 2
916 2726 1024 2763 affert
1049 2726 1184 2763 Suidas
1210 2739 1244 2762 v.
1270 2724 1486 2772 κατήλυσιν,
1516 2726 1582 2763 ubi
1611 2724 1715 2774 ἡνίκ’

183 2742 325 2820 ἀλύξας
357 2787 450 2822 om.,
483 2778 522 2812 81
554 2774 688 2811 deinde
720 2774 874 2810 exbibet
903 2768 1022 2833 ηλθεν
1053 2774 1154 2820 quod
1186 2773 1362 2820 probavit
1386 2774 1576 2810 Hermann
1600 2741 1659 2811 Ο

186 2828 267 2861 724.
304 2844 348 2851 —
379 2823 425 2860 V.
452 2828 484 2860 8.
511 2819 773 2881 απομόρξατο,
798 2821 828 2857 Ρ
852 2817 908 2857 ἀπ
952 2818 1145 2868 ἔμόρξατο.
1178 2843 1225 2848 —-
1258 2821 1299 2857 V.
1326 2825 1359 2858 5.
1386 2818 1509 2868 αὐτὰρ
1534 2819 1555 2857 ὁ
1583 2775 1717 2859 Sul-gas

193 2882 229 2908 v.
255 2868 434 2919 ἤρασσον,
460 2871 489 2907 Ρ
514 2883 636 2916 αυταρ
662 2883 695 2906 ο.
729 2890 771 2897 —-
806 2865 827 2906 ὃ
854 2867 970 2916 σχέθε
996 2869 1026 2905 Ρ
1050 2870 1090 2906 111
1114 2882 1164 2906 m.
1174 2869 1329 2916 ,vulgo
1354 2835 1509 2916 ἔσχεθερ
1521 2869 1590 2916 (118
1619 2870 1649 2907 P
1674 2881 1719 2907 ex
