1864 3126
0 2738 43 3126 wwffuvwm
10 2682 15 2691 -

780 163 1056 203 SIMONIDES.
1595 162 1682 206 389

170 287 219 320 20
242 272 359 321 ἑκὼν
390 272 511 327 ὅστις
541 273 649 332 ἔρδῃ

242 345 384 405 μηδὲν
416 343 618 405 αἰσχρόν,
651 341 826 404 ἀνάγκᾳ
858 341 901 388 δ’
936 341 1045 388 οὐδὲ
1075 343 1178 389 θεοὶ
1209 343 1437 402 μάχονται.

563 534 871 575 ΞΕΝΟΚΡΑΤΕΙ
894 535 1263 572 ΑΚΡΑΓΑΝΤΙΝΩι.

824 621 864 664 6.
896 621 1001 676 [14.]

266 710 397 751 Schol.
427 710 541 750 Piud.
573 709 714 750 Isthm.
745 708 788 748 II
824 708 1009 760 Argum.:
1057 700 1183 755 Οὗτος
1220 704 1264 748 δὲ
1295 702 1316 748 ὅ
1348 703 1595 759 Ξενοκράτης
1633 703 1682 748 οὗ

146 773 272 829 μόνον
291 773 454 828 Ἴσθμια
480 774 684 827 νενίκηκεν
707 773 863 825 ἵπποις,
888 769 986 814 ἀλλὰ
1011 772 1075 814 καὶ
1097 770 1239 813 Πύθια
1263 769 1337 826 τὴν
1356 769 1535 826 εἰκοστὴν
1552 769 1682 826 τετᾶρ·

143 857 216 894 την
247 838 464 892 Πυθιάδα,
496 836 551 890 ὥς
576 836 839 893 Ἀριστοτέλης
869 836 1109 894 ἀναγράφει·
1148 838 1215 880 καὶ
1246 840 1477 893 Σιμωνίδης
1507 839 1682 881 ἐπαινῶν

144 904 368 961 ἀμφοτέρας
399 903 524 948 αὐτοῦ
554 902 623 955 τὰς
653 905 766 955 νίκας
802 902 1042 947 κατατᾶσσει.
1104 906 1322 959 Pindarus,
1361 907 1430 957 qui
1468 908 1681 957 utramque

145 974 355 1015 victoriam
393 974 434 1012 et
471 972 661 1024 Pythiam
699 971 761 1012 Ol.
796 973 870 1021 72,
909 974 934 1012 3
973 974 1134 1023 partam
1174 974 1216 1012 et
1257 972 1469 1012 Isthmiam
1511 968 1681 1026 (incerto

145 1042 344 1091 tempore,
375 1038 446 1079 sed
475 1040 569 1078 ante
602 1037 664 1078 01.
697 1039 819 1086 76,1
855 1033 1124 1092 reportatam)
1161 1038 1202 1078 in
1240 1037 1395 1077 duobus
1437 1038 1681 1079 carminibus

145 1163 340 1212 ἐπαινῆμι,
361 1165 430 1202 ἓΙΘ
450 1161 653 1210 ἔπαίνημιν
674 1164 755 1209 (sed
776 1163 876 1200 infra
895 1162 1102 1211 ἐπαίνημι),
1123 1163 1319 1209 ΞΒΟιιπγθ
1344 1161 1550 1223 ἐπαινῆμιν
1571 1165 1683 1210 (infra

145 1211 360 1259 ἐπαινῆμι),
388 1214 420 1248 Ε
443 1214 602 1258 utroque
627 1212 653 1249 1.
681 1209 874 1269 ἔπαινοῑμι
904 1212 984 1257 (sed
1010 1224 1030 1248 e
1057 1223 1149 1248 corr.
1175 1213 1228 1258 η).
1259 1232 1303 1238 -
1336 1210 1473 1258 φιλέω,
1506 1224 1526 1249 0
1557 1213 1680 1259 φιλέη.

145 1282 189 1289 -
211 1261 253 1297 V.
280 1265 338 1298 20.
365 1273 484 1305 ocus,
512 1261 545 1296 Θ
569 1259 667 1295 infra
692 1272 810 1300 ωστις
839 1280 884 1286 -
912 1259 1022 1315 ἕρδη,
1053 1273 1072 1295 r
1098 1259 1219 1305 ἔρδει,
1256 1261 1312 1298 :se
1340 1258 1452 1318 ἔρδει.
1481 1281 1526 1287 -
1551 1260 1596 1296 V.
1623 1265 1680 1298 21.

143 1306 316 1356 αἰσχρόν,
351 1319 371 1345 0
397 1308 495 1344 infra
519 1306 669 1354 αἰσχρῶ.
698 1329 741 1334 -
768 1304 844 1344 civo}
871 1322 920 1357 κᾳ
946 1289 1055 1354 Diog.
1082 1308 1203 1344 Laert.
1231 1308 1248 1343 I
1275 1311 1337 1352 76,
1376 1304 1525 1354 ἀνάγκη
1559 1308 1681 1345 Plato

145 1357 244 1403 Resp
244 1357 290 1394 ic.
317 1357 413 1393 hanc
447 1355 672 1393 sententiam
700 1356 809 1392 Plato
886 1320 1046 1402 g.gVII
1043 1360 1124 1393 818.
1157 1355 1271 1391 schol.
1299 1355 1424 1401 Eurip
1451 1321 1572 1393 Orest.
1599 1360 1680 1392 488.

146 1405 249 1441 Stob.
276 1403 354 1440 Ecl.
380 1403 462 1450 Phy
465 1416 493 1440 s.
514 1403 631 1439 1154.
676 1403 725 1449 Sy
728 1414 804 1439 nes.
831 1403 951 1450 Epist.
980 1407 1059 1440 103.
1103 1403 1222 1439 Procl.
1249 1403 1288 1438 in
1314 1367 1413 1439 Platp.
1438 1403 1578 1450 CratyL
1603 1407 1682 1440 156.

145 1451 250 1488 Snid.
275 1464 309 1488 v.
330 1452 555 1498 Σιμωνίδης,
583 1416 832 1487 Zenoby185.
870 1451 1122 1497 Paroemiogr.
1143 1450 1242 1486 1198
1267 1451 1324 1487 ed.
1346 1450 1484 1496 Goett,
1510 1452 1680 1497 Apostol.

144 1499 196 1536 111
222 1504 254 1537 6.
300 1499 430 1541 Arsen.
463 1503 518 1535 58.
546 1519 589 1525 -
617 1498 702 1545 App
705 1500 786 1535 aret
815 1498 931 1545 igitur
962 1498 1193 1554 Simonidem
1224 1509 1298 1534 non
1327 1498 1367 1534 in
1404 1499 1477 1534 hoc
1508 1502 1682 1545 poemate

144 1548 244 1593 quod
265 1547 460 1602 parecbasi
482 1546 651 1591 carebat,
677 1546 771 1582 sed
761 1558 800 1582 ιιι
820 1546 895 1582 alio
915 1546 1076 1593 epinicio
1096 1547 1134 1582 in
1154 1546 1320 1582 eiusdem
1338 1546 1482 1592 Scopae
1502 1547 1681 1583 honorem

144 1595 352 1642 composito
396 1594 662 1630 Dioscurorum
700 1594 829 1630 laudes
867 1593 1129 1631 celebravisse.
1174 1594 1370 1630 victoriam
1406 1594 1547 1640 Scopas
1579 1595 1681 1631 haud

144 1643 255 1680 dubie
282 1643 540 1689 reportaverat
564 1641 683 1677 curuli
718 1642 940 1685 certamine,
977 1653 1051 1678 non
1089 1641 1281 1688 pugilatu,
1320 1641 1421 1687 quod
1452 1607 1563 1678 facile
1596 1642 1681 1687 quis

144 1690 322 1728 coniiciat
352 1701 395 1726 ex
424 1689 672 1733 Quintiliano,
706 1701 737 1725 v.
765 1690 874 1726 infra.
924 1690 1006 1725 Huc
1038 1691 1186 1736 spectat
1217 1691 1366 1735 praeter
1391 1689 1514 1726 Valer.
1541 1689 1637 1726 Max.
1665 1691 1681 1726 I

144 1742 178 1784 8,
206 1743 226 1775 7
258 1740 297 1774 01
320 1737 532 1774 Phaedrum
558 1737 610 1773 IV
636 1741 680 1773 23
720 1736 849 1773 Cicero
881 1737 928 1774 de
960 1737 1063 1774 Orat.
1096 1737 1220 1773 1186:
1260 1736 1423 1783 „Dicunt
1460 1738 1559 1773 enim
1596 1749 1681 1773 cum

146 1788 322 1823 coenaret
358 1785 552 1821 Crannone
590 1783 629 1820 in
667 1785 867 1821 Thessalia
905 1784 1116 1822 Simonides
1154 1786 1254 1831 apud
1292 1785 1451 1840 Scopam
1489 1785 1682 1821 hominem

144 1834 376 1870 fortunatum
397 1833 437 1868 et
460 1833 624 1869 nobilem
645 1832 914 1879 cecinissetque
933 1833 972 1869 id
991 1843 1151 1878 carmen,
1177 1833 1273 1879 quod
1297 1834 1339 1868 in
1363 1844 1443 1868 eum
1467 1834 1681 1879 scripsisset,

146 1861 1452 1982 Ἐοιὲιῖἒῇἓέἓὲωΐῖἶῗὲιέἳῧὶῗ..Ρξὲἷὲἷὲῗεέῖὲἦᾱῖ”αὲἵέἒὲἴεέἒ
1471 1882 1682 1964 {fissus

146 1976 225 2013 eius
251 1976 297 2021 ei,
324 1977 423 2023 quod
449 1977 583 2022 pactus
609 1978 724 2020 esset,
750 1987 819 2022 pro
844 1975 912 2012 1110
938 1976 1102 2012 carmine
1129 1976 1320 2019 daturum,
1347 1975 1532 2022 reliquum
1559 1988 1582 2013 a
1606 1976 1682 2013 suis

144 2025 225 2070 Tyn
227 2023 380 2070 daridis,
406 2035 501 2070 quos
527 2035 645 2070 aeque
671 2024 874 2069 laudasset,
900 2024 1057 2078 peteret,
1083 2024 1115 2059 si
1138 2024 1173 2059 ei
1191 2023 1393 2060 videretur.
1437 2023 1571 2060 Paullo
1596 2027 1682 2070 post

145 2072 270 2108 ferunt
294 2071 506 2108 nuntiatum
533 2071 728 2116 Simonidi,
754 2075 796 2107 ut
821 2071 1005 2117 prodiret,
1030 2071 1184 2108 iuvenes
1210 2073 1309 2107 stare
1336 2072 1383 2107 ad
1409 2070 1563 2108 ianuam
1589 2072 1682 2108 duos

144 2120 344 2166 quosdam,
376 2119 440 2165 qui
478 2131 561 2155 eum
588 2130 724 2166 magno
750 2130 861 2165 opere
887 2121 1103 2156 evocarent.
1130 2118 1331 2155 surrexisse
1355 2119 1474 2164 illum,
1501 2118 1681 2164 prodisse,

143 2167 282 2204 vidisse
314 2167 518 2203 neminem:
556 2167 627 2203 hoc
665 2167 814 2203 interim
848 2166 971 2212 spatio
1004 2167 1182 2203 conclave
1213 2167 1326 2211 illud,
1357 2167 1429 2203 ubi
1466 2167 1682 2212 epularetur

146 2214 216 2250 Sco
245 2226 305 2258 as,
344 2214 566 2250 concidisse.
606 2225 650 2250 ea
681 2213 790 2250 ruina
820 2214 944 2260 ipsum
976 2225 1196 2260 oppressum
1229 2226 1312 2250 cum
1343 2214 1419 2250 suis
1456 2213 1681 2250 interiisse.“

145 2261 204 2297 Ad
231 2273 251 2298 e
284 2261 439 2305 Quintil.
464 2261 515 2297 XI
541 2266 581 2305 2,
610 2266 670 2297 14:
704 2262 793 2306 „Est
823 2263 950 2298 autem
981 2273 1119 2308 magna
1152 2262 1251 2298 inter
1282 2263 1455 2298 auctores
1486 2261 1680 2306 dissensio,

144 2309 334 2345 Glaucone
360 2308 532 2354 Carystio
557 2320 604 2345 an
631 2290 801 2345 Leocrati
828 2321 876 2345 an
901 2310 1144 2356 Agatharcho
1170 2322 1218 2345 an
1245 2309 1383 2355 Scopae
1416 2308 1597 2355 scriptum
1632 2290 1682 2345 sit

142 2356 183 2392 id
210 2367 375 2399 carmen,
401 2321 457 2391 ety
464 2355 633 2392 Pharsali
657 2356 772 2392 fuerit
795 2357 888 2393 haec
913 2358 1060 2402 domus,
1088 2358 1130 2393 ut
1154 2357 1232 2403 ip'se
1253 2357 1415 2402 quodam
1436 2357 1519 2392 loco
1540 2356 1680 2403 signifi-

142 2415 228 2440 care
255 2403 465 2440 Simonides
490 2403 649 2448 videtur,
677 2416 702 2439 u
746 2415 792 2440 ue
819 2405 1069 2450 Apollodorus
1094 2408 1133 2441 et
1158 2404 1374 2450 Euphorion
1400 2406 1439 2440 et
1464 2404 1679 2440 Larissaeus

141 2450 354 2498 Eurypylus
374 2450 627 2494 tradiderunt·
653 2461 701 2486 an
750 2462 924 2494 rannone,
949 2452 993 2487 ut
1011 2453 1068 2498 Ap
1071 2453 1167 2488 ollas
1187 2453 1252 2497 (01)
1275 2451 1541 2495 Callimachus,
1567 2462 1679 2497 quem

143 2501 292 2536 secutus
319 2499 447 2535 Cicero
472 2499 570 2534 hanc
602 2497 742 2533 famam
766 2498 882 2534 latius
908 2499 1040 2536 fudit.“
1091 2499 1169 2544 (ubi
1194 2500 1351 2545 Apollas
1375 2502 1408 2535 ct
1434 2499 1680 2535 Callimachus

143 2546 314 2583 Meineke
336 2545 494 2592 scripsit,
515 2545 657 2582 Preller
671 2546 826 2590 Apollas
841 2545 1103 2583 Callimachias
1125 2549 1336 2593 praeoptat,
1355 2557 1550 2592 perperam
1566 2545 1678 2583 Nolte

145 2596 267 2630 totum
292 2594 417 2630 locum
442 2593 495 2630 sic
521 2593 744 2629 conformat.
778 2593 841 2629 Eu
837 2594 1016 2639 phorion;
1040 2606 1091 2630 an
1116 2594 1310 2639 Larissae,
1335 2598 1378 2630 ut
1402 2593 1622 2640 Eurypylus
1646 2598 1680 2630 et

143 2642 299 2687 Apollas
329 2642 583 2686 tradiderunt;
613 2652 664 2676 cm
691 2640 904 2685 Crannone,
935 2645 977 2678 ut
1004 2640 1251 2678 Callimachus
1282 2644 1321 2677 et
1352 2652 1448 2687 quae
1475 2643 1566 2686 seq.)
1622 2641 1679 2677 Ex

144 2687 217 2725 1100
240 2688 325 2725 1000
351 2690 527 2735 apparet,
554 2688 784 2725 Simonidem
810 2687 923 2724 etiam
950 2688 990 2725 in
1014 2689 1100 2725 aliis
1126 2689 1352 2725 carminibus
1378 2688 1678 2735 Tyndaridarum

144 2736 274 2772 laudes
312 2736 538 2781 celebrasse,
575 2739 619 2772 ut
650 2736 689 2771 in
721 2735 891 2781 epiniciis
920 2735 1056 2772 Glauci
1080 2736 1170 2783 (vid.
1195 2736 1240 2772 fr.
1267 2737 1315 2782 8),
1342 2736 1549 2781 Leocratis,
1574 2736 1676 2782 Δρα-

144 2783 289 2820 tharchi
307 2784 368 2830 (de
386 2783 446 2819 his
466 2784 610 2820 duobus
631 2782 857 2820 carminibus
876 2782 973 2819 nihil
991 2782 1142 2819 aliunde
1163 2785 1421 2829 compertum),
1447 2783 1535 2820 hino
1554 2794 1676 2830 gram-

147 2831 369 2868 maticorum
394 2831 462 2868 illa
487 2831 675 2868 dubitatio
701 2831 920 2876 repetendaz
951 2842 1025 2867 non
1051 2830 1170 2877 magis
1196 2833 1361 2876 constat,
1420 2831 1494 2867 uod
1526 2842 1677 2868 carmen

144 2878 273 2922 fuerit,
310 2878 350 2914 in
382 2889 455 2925 quo
488 2878 639 2916 aedium
664 2878 941 2915 Pharsaliarum
971 2878 1101 2915 ruinae
1134 2879 1360 2915 mentionem
1411 2879 1527 2916 ecerit
1551 2881 1674 2926 poeta.

146 2924 200 2962 Cf.
227 2925 486 2963 Schneidewin
513 2927 658 2973 Proleg.
683 2926 722 2962 in
747 2926 886 2964 Simon.
914 2926 982 2963 XII
1001 2938 1103 2973 seqq.

1711 779 1800 811 1119
