1864 3126
798 117 1073 155 smomnsss
1611 116 1700 160 485

321 223 521 287 εὐτόλμῳ
553 228 697 284 ψυχῆς
727 225 886 284 λήματι
919 225 1197 285 πειθόμενοι,

262 298 441 355 Πέρσας
472 296 767 364 ἐξελάσαντες,
799 297 1015 357 ἐλευθέρᾳ
1041 294 1222 343 Ἑλλάδι
1254 297 1411 343 κοινόν

320 367 564 427 ἱδρύσαντο
598 367 711 422 Διὸς
740 366 895 426 βωμὸν
924 366 1223 427 Ἐλευθερίου.

798 502 893 545 141.
927 501 1062 555 [196]

264 584 384 643 Φημὶ
418 582 600 642 Γέλων’,
625 581 832 642 Ἱέρωνα,
866 583 1151 640 Πολύζηλον,
1183 581 1531 640 Θρασύβουλον,

165 735 477 798 Λακεδαιμόνιοι)
508 740 559 788 τῷ
585 739 704 794 βωμῷ
735 736 778 775 τὸ
811 735 1028 786 ἐπίγραμμα
1060 739 1171 775 τοῦτο
1202 735 1415 785 γράφοντες
1440 736 1693 787 ἐνεχάραξαν·

164 785 318 825 Tarde.
345 790 421 824 κτλ.
453 790 502 833 (v.
528 778 550 823 2
582 787 622 823 in
653 776 760 823 codd.
793 786 876 823 Par.
909 787 1041 833 deest).
1091 786 1195 822 Idem
1219 787 1359 833 legitur
1383 787 1422 823 in
1447 787 1512 823 vit
1539 754 1693 825 Aristid.

161 835 371 880 o.19‚ubi
395 834 554 872 omissus
579 835 636 871 est
659 847 692 871 v.
719 838 754 879 2,
780 834 876 871 etin
894 835 1008 871 Anth.
1035 834 1113 871 Pal.
1134 834 1187 870 VI
1206 838 1268 872 50·
1294 834 1328 869 A
1353 833 1422 876 Εἰς
1445 833 1540 871 ναὸν
1559 832 1694 871 ἀνατε-

161 882 284 920 θέντα
309 882 360 932 τῷ
388 883 472 919 Διΐ
505 893 596 919 corr.
622 882 662 918 in
686 893 816 918 rasura
841 882 1118 928 Σιμωνίδου.
1155 881 1208 919 Cf.
1229 882 1388 918 Pausan.
1410 881 1460 918 IX
1478 886 1512 929 2,
1534 888 1565 919 5.
1611 883 1693 919 Dis-

163 930 281 967 seruit
305 919 352 967 de
377 930 450 967 hoc
475 930 536 977 epi
583 930 748 966 ammate
774 930 888 966 etiam
914 930 1024 966 Frick
1071 933 1182 973 .‚533
1208 929 1273 975 qui
1298 929 1400 975 quod
1426 911 1520 966 dici't
1536 931 1612 976 legi
1631 942 1691 977 ap.

161 978 404 1015 scholiasta-m
427 978 528 1014 Hero
557 976 612 1014 oti
630 977 682 1013 IX
701 981 758 1022 85,
784 977 876 1022 quid
902 977 976 1013 sibi
1002 989 1046 1013 ve
1063 958 1096 1013 ιι
1119 988 1192 1013 ιιοιι
1219 988 1408 1023 assequor.
1441 977 1535 1014 Cum
1554 977 1692 1014 lemma

160 1027 307 1062 tautum
338 1026 452 1062 Anth.
484 1024 686 1062 Simonidis
717 1035 853 1061 nomen
878 1024 1064 1071 exhibeat,
1095 1025 1210 1061 ceteri
1234 1025 1398 1069 taceant,
1430 1025 1566 1062 Kaibel
1592 1026 1691 1062 frau-

157 1073 244 1110 dem
276 1072 516 1128 manifestam
554 1084 634 1109 esse
670 1073 797 1119 putat,
834 1071 1038 1127 plurimum
1073 1070 1240 1108 tribuens
1277 1071 1485 1109 Pausaniae
1529 1073 1691 1118 silentio,

158 1121 224 1167 qui
266 1120 298 1157 si
336 1120 570 1175 epigramma
608 1120 648 1156 in
684 1131 751 1156 ara
787 1119 958 1156 additum
995 1119 1129 1156 fuisset
1163 1120 1385 1166 praesertim
1423 1120 1691 1166 Simonideum,

156 1168 257 1209 haud
294 1168 407 1205 dubie
444 1168 632 1204 mentione
669 1167 845 1214 dignatus
881 1168 988 1204 esset.
1050 1166 1166 1213 Atqui
1198 1166 1425 1204 Plutarchus
1458 1167 1691 1205 Chaeronen-

156 1216 208 1252 sis
249 1217 412 1253 testatur
449 1216 610 1253 Graecos
646 1218 733 1262 post
769 1227 935 1262 pugnam
971 1215 1229 1252 Plataeensem
1274 1226 1377 1251 aram
1421 1216 1502 1252 Iovi
1545 1216 1690 1253 dedica—

157 1262 255 1300 visse
298 1266 338 1300 et
384 1263 471 1299 illos
520 1274 648 1300 versus
695 1263 951 1299 inscribendos
995 1263 1204 1299 curavisse.
1254 1264 1403 1299 constat
1450 1263 1567 1318 igitur
1615 1264 1690 1300 iam

156 1310 304 1348 saeculo
341 1312 430 1348 ante
466 1310 691 1347 Pausaniam
728 1321 855 1347 versus
892 1310 1030 1347 incisos
1067 1309 1191 1347 fuisse.
1251 1310 1381 1356 Neque
1415 1311 1603 1347 novicium
1635 1313 1691 1347 est

155 1370 326 1404 carmen,
357 1358 457 1395 hunc
493 1357 734 1404 antiquitatis
770 1358 931 1394 nitorem
963 1359 1002 1394 et
1035 1358 1092 1394 ele
1094 1357 1263 1404 gantiam
1294 1369 1370 1394 non
1394 1360 1545 1404 poterat
1575 1358 1689 1395 Grae-

155 1405 324 1443 culorum
348 1406 494 1442 vanitas
521 1405 681 1451 assequi.
731 1400 960 1442 Simonidem
985 1405 1129 1450 autem,
1168 1405 1232 1450 qui
1262 1406 1426 1442 tumulos
1457 1407 1688 1442 mortuorum

153 1464 271 1508 prope
309 1453 484 1490 Plataeas
515 1452 683 1490 versibus
720 1453 796 1489 suis
834 1453 998 1498 ornavit,
1030 1455 1321 1489 consentaneum
1351 1454 1434 1500 est,-
1465 1454 1579 1490 etiam
1616 1454 1688 1490 hoc

154 1500 388 1548 epigramma
412 1501 640 1538 condidisse:
673 1511 793 1546 neque
824 1500 923 1536 enim
949 1500 1099 1537 credere
1124 1512 1193 1547 par
1217 1502 1285 1537 est.
1335 1502 1413 1537 tam
1438 1501 1584 1548 insigne
1610 1513 1688 1538 mo-

154 1550 375 1587 numentum
405 1548 486 1585 sine
516 1548 630 1585 titulo
643 1547 875 1606 neglectum
911 1548 1080 1585 iacuisse.
1121 1569 1164 1575 -—
1203 1548 1246 1585 V.
1276 1553 1306 1584 1.
1339 1544 1535 1606 Ελληνες,
1572 1548 1687 1586 Anth.

143 1591 332 1638 Ἕλλανες.
369 1617 413 1623 -
444 1597 551 1642 νίκης
581 1594 730 1656 κράτει,
768 1607 828 1641 ap.
860 1596 958 1632 Plut.
984 1596 1050 1632 vit.
1078 1595 1189 1633 Arist.
1227 1597 1337 1637 νίκας
1366 1593 1497 1640 κράτει
1522 1596 1549 1643 (i
1577 1594 1686 1641 ἐκρά-

151 1645 268 1728 2⁸31,
279 1643 394 1739 θέώζιῗῆ
414 1625 984 1747 ἷέἓιξριῖγέᾞῖοἷᾜῖἒι
1002 1640 1358 1746 ᾒιζὲῗὲθξιιῖξὲιῗ
1371 1642 1688 1746 ᾳῗιῖζέἱωοὲἓζὶἓ

153 1738 417 1795 subsequatur,
454 1739 600 1776 nescius
637 1738 675 1774 id
712 1738 788 1775 iam
827 1731 1069 1774 Sintenisium
1106 1738 1365 1785 occupavisse,
1415 1739 1481 1775 alii
1516 1738 1687 1775 futilibus

153 1786 378 1823 coniecturis
403 1787 496 1823 haec
515 1787 766 1831 tentaverunt,
794 1785 1054 1822 Schneidewin
1072 1787 1180 1831 νίκης
1199 1791 1384 1844 κρατει
1389 1785 1504 1846 ἔργω
1517 1783 1685 1833 ”Αρηος,

152 1834 325 1881 Hartung
347 1835 457 1876 νίκας
481 1833 751 1880 κρατερεργέος
775 1830 908 1878 εἵνεκ’,
941 1833 1112 1870 Schmidt
1138 1833 1246 1880 ἔρνος
1275 1834 1338 1870 vel
1363 1830 1444 1877 ὄζοι
1468 1824 1606 1881 Αρηος.
1641 1856 1683 1860 -

154 1881 199 1917 V.
219 1885 253 1918 2.
278 1881 402 1928 ψυχῆς
421 1880 568 1939 λήματι,
593 1880 706 1918 Αιιιιι.
725 1882 853 1928 ψυχᾶς
878 1881 974 1927 (cod.
994 1881 1025 1916 Ρ
1050 1882 1189 1928 ψυχῆς)
1215 1879 1363 1939 λάματι.
1385 1902 1430 1908 -
1457 1882 1501 1918 V.
1523 1886 1556 1919 3.
1583 1879 1684 1918 ἔλευ-

150 1927 340 2012 &dccxl-1..
359 1927 503 1976 κοινόν,
527 1928 640 1966 Anth.
662 1926 897 1975 ἐλεύθερον.
948 1927 1130 1976 .κόσμον,
1156 1930 1195 1965 et
1220 1926 1428 1975 ἐλεύθερον
1449 1929 1565 1966 etiam
1583 1930 1682 1965 Plut.

151 1976 208 2013 vit
312 1978 358 2014 st.

245 2072 372 2131 Epigr.
402 2076 480 2109 141.
531 2072 654 2109 Schol.
686 2072 792 2109 Pind.
818 2072 928 2121 Pyth.
961 2073 978 2108 I
1005 2077 1093 2109 155:
1131 2072 1227 2108 Φασὶ
1252 2071 1295 2108 δὲ
1322 2071 1388 2108 τὸν
1417 2073 1570 2109 Γέλωνα
1596 2086 1684 2114 τους

152 2117 346 2177 αδελφοῦς
376 2118 731 2167 φιλοφρονούμενον
763 2117 972 2157 ἀναθεῖναι
1001 2122 1052 2170 τῷ
1084 2122 1165 2168 θεῷ
1199 2120 1358 2166 χρυσοῦς
1382 2121 1575 2167 τρίποδας,
1602 2118 1683 2156 ἐπι-

151 2157 1627 2273 {⁰⁰2¹f‘25‘0‘si‘52’0203213zzffgz‘zinm2b¹0333⁶22ffl1¹5¹²2122ff31⁸⁸‘’pssssgssffuffl1
1650 2171 1683 2250 k

148 2258 341 2309 Ἀνᾶθημα
365 2263 432 2298 τοῦ
458 2259 594 2299 αὐτοῦ·
621 2274 712 2299 eorr.
738 2265 1014 2310 Σιμωνίδου.
1057 2263 1122 2300 111)ι
1147 2263 1312 2299 vicissim
1338 2275 1371 2298 v.
1398 2266 1419 2298 ὃ
1440 2264 1479 2298 et
1498 2267 1518 2298 6
1544 2262 1683 2299 omissi.

152 2311 250 2346 ιιιιιιι.
299 2309 467 2355 Denique
493 2310 628 2346 Suidas
653 2311 883 2358 Anthologia
907 2322 994 2347 usus
1013 2323 1046 2348 v.
1068 2311 1255 2368 Δαρετίου
1281 2309 1359 2346 sine
1379 2311 1513 2356 poetae
1531 2310 1682 2346 nomine

151 2358 190 2393 et
214 2357 294 2393 sine
320 2369 364 2393 ex
392 2321 583 2394 {imatione
607 2357 701 2394 haec
726 2358 896 2395 exhibet.
926 2356 994 2394 τὸν
1019 2355 1167 2403 τρίποδ’
1202 2358 1314 2402 (Med.
1322 2357 1500 2414 τρίποδα
1526 2354 1581 2413 δ’)
1613 2354 1679 2393 ἆν-

149 2403 356 2451 θέμεναι(
342 2369 440 2450 (lg’
418 2400 658 2451 ἀνθέμεθα)·
695 2402 735 2449 ἐξ
773 2402 912 2442 ἑκατὸν
946 2406 1079 2452 λιτρῶν
1111 2405 1176 2441 καὶ
1214 2401 1451 2462 πεντήκοντα
1487 2402 1681 2440 ταλαντων

153 2454 339 2508 Δαρετίου
366 2452 505 2509 χρυσοῦ
531 2452 599 2493 τᾶς
623 2450 788 2494 δεκάτας
811 2451 981 2489 δεκάταν
1007 2453 1136 2507 (vulgo
1162 2451 1231 2494 τὰς
1249 2449 1425 2497 δεκάτας,
1450 2451 1513 2488 VC
1534 2449 1601 2492 τὰς
1620 2453 1679 2488 δε-

151 2498 269 2541 κάτας
292 2497 466 2544 δεκάτας,
493 2499 525 2534 Α
551 2496 715 2540 δεκάτας
739 2497 902 2546 δεκατᾛ)
944 2499 1129 2537 Disseruit
1153 2500 1198 2536 de
1225 2500 1284 2535 his
1309 2501 1476 2536 versibus
1502 2499 1681 2535 Hultsch:

151 2547 198 2583 de
221 2545 446 2583 Damareteo
473 2548 651 2593 argenteo
677 2547 992 2592 Syracusanorum
1023 2559 1174 2583 nummo
1202 2547 1364 2583 Dresdae
1392 2550 1482 2583 1862
1509 2547 1618 2582 docte
1644 2549 1683 2582 et

150 2594 357 2641 subtiliter,
388 2606 519 2631 verum
551 2605 646 2639 quae
672 2594 891 2640 proposuit,
916 2594 967 2630 im
997 2595 1164 2631 robanda
1188 2596 1274 2630 sunt
1298 2594 1377 2630 fere
1403 2594 1545 2638 omnia,
1579 2594 1682 2630 velut

152 2642 343 2688 peculiare
368 2642 450 2678 auri
475 2642 661 2678 talentum
687 2641 787 2687 apud
807 2642 1011 2678 Siculosu
985 2642 1083 2678 uisse
1102 2644 1216 2685 ratus,
1245 2641 1345 2686 quod
1363 2641 1509 2676 nullum
1529 2640 1680 2678 omnino

150 2689 236 2735 fuit,
261 2692 300 2726 et
324 2689 479 2726 Diodori
505 2689 754 2725 narrationem
780 2688 844 2734 (XI
863 2691 923 2733 26)
949 2700 1033 2725 cum
1058 2689 1130 2724 hoc
1149 2689 1422 2742 epigrammate
1439 2688 1579 2724 frustra
1596 2700 1680 2725 cou-

152 2737 280 2774 eiliare
312 2737 466 2774 studens
496 2737 650 2773 tandem
682 2748 725 2772 eo
757 2736 926 2782 devenit,
958 2738 1001 2772 ut
1030 2736 1104 2772 suis
1130 2736 1336 2772 rationibus
1362 2735 1494 2782 ingens
1520 2736 1568 2771 tri
1597 2735 1679 2772 odis

180 2784 297 2820 ondus
330 2784 379 2821 ad
410 2783 492 2821 auri
523 2784 656 2820 libram
688 2782 891 2830 redigeret,
923 2795 1044 2829 neque
1075 2782 1189 2828 vidit,
1220 2781 1360 2819 derisui
1391 2783 1536 2819 futuros

189 2831 370 2869 nomenis
394 2832 501 2876 filios,
527 2832 561 2867 si
585 2834 664 2868 tam
690 2831 796 2867 exilis
815 2831 1023 2867 munusculi
1042 2830 1188 2877 pondus
1234 2831 1429 2867 raesertim
1447 2831 1517 2867 hac
1535 2831 1679 2885 magni-

153 2877 225 2914 fica
242 2879 408 2916 oratione
427 2860 710 2916 iudicavissent·
736 2880 849 2925 atque
868 2878 926 2915 illi
945 2878 1175 2915 aemulantes
1194 2843 1292 2915 grae
1229 2879 1359 2925 raecis,
1378 2879 1441 2925 qui
1460 2880 1546 2925 post
1565 2878 1679 2914 maxi·
