1864 3126
0 995 5 1019 ·-
0 558 11 945 w--r-——v-v--e--ww

753 130 1028 172 SIMONIDES.
1568 130 1654 175 517

241 248 402 290 Brunck
432 247 578 288 tribuit
608 246 802 288 Simonidi
832 247 1082 299 epigramma
1111 246 1274 287 AnthoL
1307 247 1419 287 Plan.
1452 247 1526 289 84:

246 327 333 372 Οὔκ
364 327 493 384 ἀδαὴς
521 330 670 385 ἔγραψε
701 330 843 383 Κίμων
872 327 981 371 τάδε·
1013 329 1129 371 παντὶ
1160 326 1198 371 δ’
1234 327 1295 371 ἐπ’
1323 329 1424 386 ἔργῳ

302 398 450 450 μῶμος,
480 391 530 438 ὃν
560 392 650 437 οὐδ’
684 392 791 449 ἥρως
822 395 1020 445 Δαίδαλος
1051 393 1251 450 ἐξέφυγεν.

119 493 201 522 non
239 481 579 531 improbabiliter,
615 493 706 520 cum
749 480 856 532 apud
898 479 1118 520 Planudem
1162 480 1302 520 eodem
1342 481 1429 520 loco
1470 481 1659 532 legantur

121 547 203 587 alia
245 546 460 587 Simonidis
505 546 818 598 epigrammata3
855 543 904 585 cf.
943 545 1062 584 etiam
1103 545 1236 585 Iriart.
1276 544 1397 586 Codd.
1438 546 1555 585 Matr.
1589 548 1657 586 94.

120 610 165 653 Ο.
196 611 299 652 Iahn
329 611 574 652 assentiente
604 609 845 650 Benndorfio
884 611 958 650 hoc
990 610 1189 650 distichon
1220 611 1375 650 censuit
1406 611 1578 662 petitum
1609 625 1658 652 ex

55 678 57 681 ⁴
118 676 346 718 Nicomachi
385 677 516 727 elegia
552 676 601 716 de
638 676 757 716 claris
797 675 1038 726 pictoribus,
1078 676 1205 715 falsus
1243 676 1311 715 ille
1350 677 1527 734 quidem,
1564 689 1658 716 nam

118 742 283 783 tabulae
321 742 591 792 subscriptum
628 741 753 782 fuisse
792 741 1033 781 testificatur
1069 736 1175 790 τάδε,
1215 742 1322 792 quod
1358 755 1394 781 v.
1430 744 1450 781 1
1489 742 1656 792 legitur:

122 807 172 847 cf.
192 819 293 858 quae
327 820 450 858 supra
480 808 556 847 vol.
586 809 609 847 2
643 821 679 858 p.
703 809 786 847 316
820 806 1003 846 disserui.
1041 827 1091 833 —
1125 806 1227 846 Item
1259 806 1419 846 Brunck
1453 807 1656 847 vindicare

128 872 257 913 voluit
287 872 480 912 Simonidi
511 873 637 924 epigr.
670 872 891 923 adespoton
922 872 1086 919 Anthol.
1118 871 1202 912 Pal.
1234 871 1332 911 XIII
1367 874 1439 911 17:

239 951 378 1008 Ἰφίων
407 954 581 1009 ἔγραψεν
612 952 657 1011 ἐᾷ
690 954 784 1007 χερί,
816 950 883 994 τόν
913 967 1018 994 ποκα
1047 951 1156 1007 ὕδωρ

297 1019 428 1074 θρέψε
459 1016 660 1072 Πειράνας
690 1016 780 1061 ἄπο.

121 1106 228 1157 quod
259 1106 358 1146 satis
396 1106 610 1145 incertum:
651 1116 745 1144 nam
785 1104 891 1155 quod
911 1107 913 1110 ’
934 1104 1085 1155 legitur
1123 1117 1246 1154 ποκα,
1283 1104 1458 1144 indicare
1496 1105 1656 1145 videtur

119 1172 278 1211 mortuo
310 1171 469 1211 demum
500 1170 653 1222 pictore
692 1170 857 1224 titulum
895 1169 1005 1220 operi
1043 1169 1266 1209 subiectum
1305 1182 1404 1209 esse.
1468 1170 1655 1210 Ceterum

121 1235 374 1276 scribendum
405 1238 521 1287 puto:
549 1230 688 1287 Ἰφίων
714 1229 842 1290 (τάδ’)
873 1233 1049 1288 ἔγραψεν
1073 1232 1118 1290 ἕᾷ
1143 1235 1237 1287 χερί,
1262 1230 1330 1275 τόν
1354 1249 1459 1275 ποκα
1489 1231 1655 1288 θῦδωρ

109 1296 324 1354 Ἒθρεψε
355 1296 556 1353 Πειράνας
586 1296 677 1340 ἄπο.
739 1313 833 1339 nam
863 1300 1013 1339 lemma
1043 1303 1106 1339 est
1142 1297 1204 1339 ἐπὶ
1238 1298 1430 1356 ἑξαμέτρῳ
1463 1300 1654 1353 δίμετρον.

120 1365 214 1406 Cod.
254 1366 340 1406 Pal.
378 1379 402 1406 a
432 1379 492 1417 pr.
522 1379 573 1406 m.
605 1363 720 1418 χειρὶ,
760 1369 801 1405 et
838 1364 981 1404 deinde
1016 1379 1085 1405 τον
1122 1367 1164 1404 et
1199 1368 1328 1417 θρεψε
1366 1366 1452 1405 sine
1490 1369 1655 1407 accentu

119 1431 292 1472 exhibet.
884 1428 892 1434 ’

237 1497 408 1537 Restant
446 1497 525 1536 alia
561 1498 854 1548 epigrammata
890 1498 1072 1549 antiqua,
1112 1510 1214 1548 quae
1250 1498 1380 1548 possit
1416 1498 1561 1549 aliquis
1593 1498 1653 1538 Si-

121 1561 270 1603 monidi
300 1562 524 1607 vindicare,
555 1562 670 1603 velut
698 1562 819 1613 illud,
857 1563 963 1614 quod
993 1562 1236 1602 Plutarchus
1274 1563 1315 1602 in
1353 1563 1438 1602 vita
1474 1563 1654 1615 Lycurgi

118 1639 151 1668 c.
184 1628 241 1667 20
272 1629 314 1667 et
343 1628 534 1679 apophth.
566 1628 709 1668 Lacon.
741 1627 973 1679 adscripsit:

241 1712 495 1770 Σβεννύντας
525 1714 617 1758 ποτὲ
647 1713 787 1758 τούσδε
816 1713 1032 1770 τυραννίδα
1063 1688 1224 1770 χῇκεος
1245 1713 1367 1769 ’Ἁρης

297 1777 388 1822 εἷλε·
419 1784 680 1830 Σελινοῦντος
711 1778 748 1822 δ’
783 1778 885 1835 ἀμφὶ
915 1778 1043 1831 πύλας
1073 1780 1234 1822 ἔθανον.

118 1865 189 1906 sed
219 1866 450 1906 coniectura
479 1866 598 1905 nimis
628 1866 793 1906 incerta.

236 1930 341 1971 Item
384 1931 538 1972 nobiles
581 1944 740 1982 versus,
784 1944 883 1982 quos
927 1930 1066 1971 Cimon
1109 1934 1152 1971 et
1191 1931 1370 1982 collegae
1414 1931 1541 1972 Eione
1585 1945 1649 1972 ex-

115 1999 297 2048 pugnata
338 1996 381 2036 in
428 1997 577 2037 hermis
627 1997 901 2038 inscribendos
951 2000 1209 2046 curaverunt,
1253 1996 1331 2037 vid.
1376 1997 1564 2037 Aeschin.
1606 1999 1650 2037 in

117 2062 296 2113 ctesiph.
343 2064 426 2103 184
472 2057 597 2117 (unde
637 2062 850 2114 descripsit
885 2062 1046 2102 Tzetzes
1083 2062 1135 2101 ad
1174 2061 1369 2113 Lycophr.
1401 2075 1437 2102 v.
1468 2058 1576 2116 417)
1608 2066 1649 2102 et

117 2127 326 2168 Plutarchi
356 2128 427 2168 vit.
459 2126 610 2168 Cimon.
642 2140 674 2167 c.
708 2130 732 2168 7
742 2123 802 2181 ²¹¹):
1085 2130 1091 2134 ”

211 2275 245 2321 *)
270 2274 360 2311 Tria
381 2275 475 2312 haec
494 2276 767 2323 epigrammata
785 2278 891 2314 arcta
909 2277 1134 2314 necessitate
1153 2277 1281 2313 iuncta
1300 2279 1399 2322 sunt,
1425 2277 1646 2314 ordiendum

118 2324 246 2360 autem
272 2325 330 2359 est
355 2333 378 2359 a
396 2323 564 2369 longiore
590 2324 766 2369 carmine,
791 2323 830 2360 id
852 2325 953 2370 quod
977 2325 1078 2361 docti
1103 2325 1272 2361 homines
1290 2325 1646 2372 animadverterunt,

117 2381 343 2418 quamquam
382 2372 421 2406 et
457 2370 659 2408 Aeschines
696 2373 734 2407 et
769 2372 992 2408 Plutarchus
1029 2372 1262 2419 subiungant
1297 2372 1453 2418 reliquis
1488 2372 1645 2409 duobus.

21 2414 34 2434 ⁴·
116 2418 299 2455 Videntur
323 2417 545 2454 columellae
569 2418 626 2455 ita
649 2419 796 2455 locatae
821 2419 952 2464 fuisse,
978 2421 1021 2456 ut
1050 2421 1329 2466 praetereuntes
1359 2418 1514 2464 lateret,
1548 2421 1646 2456 unde

115 2466 230 2503 lectio
262 2465 472 2501 inchoanda
502 2467 610 2502 esset.
660 2466 790 2511 Neque
822 2466 920 2502 enim
956 2467 1181 2503 Plutarchus
1213 2466 1415 2513 descripsit
1446 2468 1644 2513 oratorem,

33 2529 44 2538 “
115 2513 157 2550 id
181 2512 282 2559 quod
308 2512 512 2559 scripturae
537 2511 738 2550 varietates
763 2516 935 2560 arguunt.
980 2514 1090 2560 Apud
1115 2514 1168 2550 Pl.
1196 2514 1334 2560 legitur
1360 2514 1375 2550 I
1397 2519 1418 2550 3
1443 2511 1644 2560 κρυερὸν

0 2571 1 2577 ’
27 2564 34 2610 s
51 2598 54 2601 ,
109 2557 221 2606 ’Ἄρηα
245 2570 314 2607 pro
339 2557 534 2606 κρατερόν,
559 2571 679 2606 neque
703 2562 831 2597 tamen
855 2560 951 2597 illud
981 2560 1243 2608 praetulerim,
1275 2561 1460 2606 siquidem
1485 2559 1645 2607 κρυερὸς

115 2606 216 2645 Mars
246 2619 432 2653 nusquam
463 2607 500 2643 in
532 2607 741 2644 Homericis
774 2607 998 2645 carminibus
1028 2612 1281 2655 nuncupatum
1313 2608 1348 2644 ΙΙ
1373 2613 1396 2645 4
1420 2608 1477 2645 ΡΙ.
1508 2610 1643 2655 δῆριν

0 2652 2 2700 ἶ
37 2654 45 2682 “-
117 2653 236 2702 ἔχειν,
267 2654 329 2691 cui
358 2655 618 2702 posthabenda
647 2653 842 2691 Aeschinis
867 2655 980 2692 lectio
1006 2652 1165 2702 μόχθον.
1211 2656 1263 2692 111
1289 2660 1310 2691 3
1336 2656 1390 2692 ΡΙ.
1423 2653 1527 2693 πύκα
1550 2658 1641 2693 θω-

0 2681 2 2755 i
30 2693 42 2725 ⁷³
114 2700 340 2760 ρψιτάων,
366 2701 628 2757 convenienter
652 2701 872 2739 Homericae
892 2703 1163 2757 consuetudini,
1188 2702 1320 2757 Aesch.
1341 2701 1444 2740 πύκα
1469 2706 1641 2750 χαλκοχι-

0 2758 3 2810 :
30 2754 35 2758 ’
117 2762 258 2795 τωνων,
284 2749 384 2796 qnod
399 2750 604 2804 ‘epitheton
633 2761 707 2786 non
739 2750 837 2786 solet
859 2749 1038 2786 adverbio
1069 2748 1172 2786 πύκα
1198 2750 1434 2797 amphficariz
1467 2751 1531 2788 sed
1557 2763 1641 2787 cum

114 2796 251 2834 herous
276 2797 504 2843 spondiazon
528 2807 697 2843 perrarus
723 2797 772 2833 sit
795 2797 835 2833 in
859 2795 1036 2880 elegiacis
1054 2796 1295 2842 carminibus,
1320 2798 1477 2836 fortasse
1502 2798 1641 2845 aliquis

114 2843 212 2881 hanc
242 2845 463 2891 scripturam
493 2845 655 2882 tueatur.
706 2844 875 2890 Denique
983 2848 1004 2881 6
1035 2845 1092 2881 Pl.
1123 2849 1375 2892 κοσμηταῖς
1402 2845 1560 2882 fortasse
1596 2857 1640 2881 ex

40 2925 52 2946 μ,
114 2889 259 2928 librarii
283 2892 511 2929 correctione
536 2903 604 2939 pro
630 2889 828 2939 κοσμητάς.
873 2891 946 2928 Sed
976 2891 1217 2929 manifestum
1247 2893 1422 2930 mendum
1454 2894 1470 2929 I
1495 2897 1518 2929 4
1543 2894 1639 2939 πρῶ-
