1864 3126
239 158 297 199 64
553 207 555 210 ι
803 158 996 195 ΡΟΕΤΑΕ
1019 158 1199 196 MELICI.

966 268 1035 310 88.

292 344 442 391 Ὁπότε
486 345 574 390 ὑπὸ
617 349 698 391 τοῦ
735 345 1018 405 Ἱππολόχου,
1061 349 1186 400 κλέος
1230 347 1272 393 δ’
1319 353 1507 406 ἔβαλλον
1549 350 1605 395 οὐ
1644 354 1731 396 νῦν

1088 417 1386 465 ὑπεστιίντων.

897 540 1103 593 89.[83J

300 622 425 681 Νικῷ
459 617 499 664 δ’
536 618 559 664 ὁ
592 619 784 678 κάρρων.

896 741 1104 794 90.[85]

299 812 435 866 Μῆον
467 806 494 866 ἢ
526 810 794 867 κοδύμαλον.

898 931 1105 983 91.[87]

298 1010 514 1067 Μάγαδιν
547 1012 586 1055 δ’
622 1009 892 1055 ἀποθέσθαι.

883 1109 1121 1185 92.[100]

303 1215 471 1256 Ταυσία
502 1215 739 1257 παλλακίω.

239 1343 386 1389 scripsi,
416 1343 613 1389 legebatur
645 1340 708 1379 ἐπὶ
744 1340 887 1387 θάκοις,
926 1339 1117 1383 έπιθακας
1147 1343 1250 1379 Vrass.
1284 1347 1324 1389 3,
1356 1343 1482 1388 Heyne
1516 1340 1577 1379 ἐπὶ
1608 1341 1759 1385 θάκοις.

240 1411 284 1417 -
328 1391 501 1437 Hartung
537 1392 608 1426 hoc
653 1391 763 1435 plane
803 1389 1031 1426 oblitteravit
1073 1384 1184 1435 ἧσται
1226 1392 1436 1436 κρεμαστᾶς
1482 1388 1583 1426 κάτω
1626 1390 1766 1437 πέτρας

239 1438 421 1482 scribens,
453 1444 492 1473 et
523 1436 624 1473 κάτω
651 1439 726 1472 iam
758 1438 947 1473 Hermann
982 1438 1268 1474 commendavit.
1295 1459 1338 1463 ——
1372 1438 1415 1474 V.
1442 1443 1474 1473 3.
1509 1438 1632 1474 Schol.
1657 1438 1764 1474 Pind.

240 1483 359 1531 ὁρέων
393 1484 461 1528 μὲν
500 1482 613 1521 οὐδὲν
653 1483 798 1520 δοκέων
832 1483 894 1530 δέ,
928 1484 993 1520 sed
1024 1485 1126 1520 Eust.
1160 1484 1226 1520 Od.
1262 1489 1371 1529 1701,
1404 1489 1466 1521 23:
1493 1498 1552 1520 οτι
1589 1485 1630 1520 δὲ
1665 1498 1762 1543 φαν-

238 1534 349 1567 τασία
352 1529 421 1592 ἦν
447 1532 512 1568 καὶ
537 1530 582 1567 τὰ
611 1529 672 1567 ἐπὶ
703 1529 874 1591 Σισύφῳ
885 1513 975 1577 ῥἠθ
979 1529 1142 1577 ησόμενα
1167 1529 1377 1577 πλασματα,
1403 1534 1515 1578 δηλοῖ
1534 1532 1598 1568 καὶ
1623 1529 1643 1568 ὃ
1671 1535 1762 1568 Αλκ-

240 1577 317 1625 μάν
345 1577 385 1615 έν
411 1581 460 1627 τῷ
494 1577 680 1626 ὁρέοντι
712 1577 793 1625 μὲν
825 1568 981 1622 οὐδέν,
1015 1578 1230 1615 δοκέοντι
1255 1578 1310 1624 δέ,
1335 1579 1399 1615 ubi
1425 1581 1596 1625 quamvis
1616 1579 1764 1616 dativus

240 1639 284 1663 ex
310 1617 454 1663 librarii
479 1639 601 1663 errore
632 1629 734 1662 onus
759 1626 877 1663 videri
910 1626 1041 1672 possit,
1074 1628 1203 1662 tamen
1234 1637 1434 1673 germanae
1458 1626 1629 1663 lectionis
1654 1627 1766 1663 vesti-

239 1674 344 1720 gium
371 1686 561 1720 superesse
587 1675 709 1720 credo,
735 1685 822 1708 nam
847 1674 1030 1719 particula
1055 1672 1097 1709 δέ
1122 1673 1161 1709 in
1181 1674 1373 1710 enuntiato
1393 1674 1592 1710 novissimo
1613 1674 1761 1711 omnino

241 1734 313 1758 non
346 1722 500 1757 serenda
529 1721 668 1757 indicio
701 1723 757 1756 est
787 1721 1011 1757 vocabulum
1045 1721 1196 1766 aliquod
1227 1721 1475 1781 interceptum
1507 1733 1602 1766 esse,
1639 1722 1766 1767 itaque

240 1767 359 1814 ὁρέων
379 1769 530 1814 quidem
557 1769 712 1813 servavi,
739 1768 803 1804 sed
830 1767 1002 1804 δοκέοντι
1022 1769 1144 1813 recepi
1171 1769 1209 1803 et
1234 1765 1396 1809 έοικώς
1421 1769 1558 1804 addidi.
1591 1769 1767 1804 Weloker

240 1817 333 1852 Mus.
361 1817 478 1852 Rhen.
499 1817 532 1851 Χ
552 1820 620 1851 242
635 1827 710 1860 seq.
736 1815 792 1851 ita
815 1814 909 1850 haec
935 1815 1181 1851 conformavit
1196 1811 1319 1856 Ὅπως
1344 1812 1441 1874 ἀνὴρ
1467 1812 1504 1851 δ’
1527 1813 1569 1851 έν
1588 1812 1767 1874 ἀσμένοις

239 1860 387 1908 ἅλιτρὸς
409 1865 414 1908 l
436 1858 518 1908 ἦστ’
548 1860 610 1898 ἐπὶ
634 1861 762 1903 θάκοις
786 1860 894 1907 κάτα,
919 1861 1058 1908 πέτρας
1076 1860 1202 1921 ὁρέων
1222 1863 1291 1921 μέν
1313 1865 1319 1906 Ι
1341 1859 1466 1907 οὐδέν,
1491 1862 1637 1899 δοκέων
1662 1862 1716 1899 δέ.

333 1912 391 1946 F.r
419 1915 475 1947 88.
503 1911 620 1947 Cram.
649 1913 715 1946 An.
744 1890 947 1958 Ox.14',18
967 1914 1005 1945 8·
1014 1908 1191 1966 Λέγεται
1217 1908 1258 1945 δε
1285 1891 1466 1969 (ὕπαιθα)
1491 1908 1600 1946 καὶ”
1575 1923 1669 1946 ανευ
1695 1911 1764 1956 τῆς

238 1961 294 1993 θα
300 1955 422 2014 παρὰ
446 1956 651 2004 Ἀλκμᾶνι
683 1957 747 1993 καὶ
779 1953 952 2002 σημαίνει
984 1955 1025 1992 τὸ
1059 1956 1259 2004 πρότερον·
1287 1955 1442 1994 Οπότε
1475 1960 1549 1994 κτλ.
1583 1954 1668 1993 ἀντὶ
1693 1958 1760 1994 τοῦ

238 2002 433 2062 πρότερον.
477 2006 562 2041 Non
565 2005 748 2062 eiffpedio,
768 2004 858 2040 olim
878 2004 1021 2040 conieci
1040 2005 1087 2040 ad
1106 2004 1493 2063 Hippocoontidarum
1512 2005 1662 2040 caedem
1681 2016 1762 2062 per-

238 2052 370 2098 tinere,
403 2049 521 2088 ὁπόθ’
555 2049 630 2088 ὑπὸ
663 2049 708 2088 θ’
736 2049 927 2087 Ιπποθόω
961 2051 1173 2097 Δορυκλέος
1203 2048 1237 2087 τ’
1273 2051 1364 2109 ἕβλη
1392 2049 1533 2101 κορύνα
1558 2049 1763 2087 ὑπαιστάν-

238 2113 322 2135 των.
371 2099 423 2135 Cf.
455 2100 636 2157 Hesycha
668 2096 779 2135 ὑπαί·
805 2097 888 2157 πρὸ
904 2099 970 2134 τοῦ
995 2100 1060 2135 καὶ
1084 2100 1171 2135 νῦν·
1197 2097 1292 2135 ὑπαὶ
1316 2097 1427 2135 πόδα.
1476 2088 1650 2154 Hartung
1675 2095 1758 2135 οὔτ’

241 2144 412 2193 Εὐρύτου
438 2161 511 2192 νιν,
537 2144 582 2183 οὗ
608 2145 819 2193 Δορυκλέος
845 2144 937 2192 δόρυ
965 2145 1080 2182 Βαλλε
1108 2160 1168 2182 νιν
1195 2144 1310 2182 οὐδέν
1335 2143 1430 2182 ὑπαὶ
1451 2143 1642 2183 Ἆντῶντα.

334 2194 392 2230 Fr.
420 2199 476 2231 89.
526 2195 698 2240 Apollon.
726 2195 833 2239 Dysc.
861 2194 906 2230 de
932 2196 1026 2239 synt.
1048 2198 1134 2230 212:
1155 2191 1201 2229 ‘H
1224 2191 1396 2239 ευκτική,
1422 2190 1472 2235 ὡς
1498 2192 1576 2239 ἔχει
1600 2190 1642 2229 τὸ
1669 2189 1761 2239 παρ’

236 2238 422 2288 Ἀλκμᾶνι·
447 2243 540 2290 νικῷ
572 2245 646 2278 κτλ.
691 2242 862 2277 Fortasse
887 2242 1078 2277 Alcmam's
1108 2243 1182 2286 esf„
1215 2242 1315 2286 quod
1345 2241 1505 2297 legitur
1514 2241 1554 2276 in
1585 2241 1644 2276 Et.
1670 2240 1764 2277 Gud.

239 2293 320 2335 301,
347 2294 378 2325 6.
405 2279 539 2335 (Cram.
566 2291 636 2326 An.
661 2290 743 2325 Par.
770 2289 821 2324 IV
853 2292 909 2325 54.
936 2289 995 2334 23)
1028 2287 1101 2333 κάρ
1081 2299 1197 2334 (Ἥρων
1231 2287 1311 2324 οἷον
1343 2289 1419 2324 ναὶ
1452 2285 1630 2334 κάρρων
1662 2288 1764 2336 βῶςε

240 2337 305 2371 sed
330 2349 403 2372 non
429 2337 609 2372 debebam
636 2348 679 2372 eo
704 2337 761 2372 uti
785 2335 833 2370 ad
858 2336 929 2371 hoc
953 2335 996 2372 fr.
1022 2336 1360 2395 redintegrandum.

334 2384 391 2419 Fr.
419 2389 475 2419 90.
518 2385 652 2420 Athen.
674 2384 725 2419 111
745 2382 845 2420 81F:
868 2379 1023 2429 Ἀλκμὰν
1049 2381 1091 2418 δε
1116 2380 1158 2419 τὸ
1185 2384 1387 2440 στρουθίον
1407 2383 1524 2429 μῆλον
1544 2395 1637 2417 οταν
1655 2379 1763 2439 ξένη·

240 2436 346 2477 μεῖον
378 2445 402 2476 η
434 2445 467 2467 κ.
510 2428 778 2477 Ἀπολλόδωρος
812 2428 854 2466 δὲ
887 2430 952 2466 καὶ
982 2431 1167 2486 Σωσίβιος
1197 2428 1238 2466 τὸ
1271 2427 1467 2466 Κυδώνιον
1501 2430 1619 2476 μῆλον
1650 2425 1765 2464 οἱκού-

240 2491 356 2514 ουσιν.
384 2499 426 2504 -
454 2479 563 2524 μῆον,
589 2479 784 2536 legebatur
809 2482 926 2523 μεῖον.
953 2498 997 2504 --
1023 2475 1249 2523 κοδύμαλον,
1274 2478 1307 2513 A
1331 2474 1568 2523 κωδύμαλον,
1593 2476 1622 2513 Β
1643 2473 1763 2512 κωδύ·
1826 2490 1830 2491 ’

240 2529 391 2571 μαλλον,
417 2526 483 2561 sed
507 2524 722 2572 κοδύμαλον
747 2526 873 2561 tuetur
897 2525 1113 2584 Hesychius.

334 2574 392 2608 Fr
419 2577 475 2609 91.
524 2573 659 2610 Athen.
697 2573 783 2609 XIV
815 2572 941 2608 636Εε
984 2572 1060 2608 Καὶ
1093 2570 1247 2618 Ἀλκμὰν
1285 2570 1328 2608 δέ
1360 2582 1468 2618 φησι·
1506 2568 1688 2616 Μάγαδιν
1720 2567 1760 2606 δ’

240 2622 326 2665 (om.
352 2621 399 2666 P)
422 2617 540 2657 ἄποθ.

334 2668 393 2704 Fr.
419 2672 476 2704 92.
500 2668 559 2705 Et.
585 2668 634 2704 M.
663 2671 741 2708 171,
770 2672 807 2703 7·
833 2664 981 2711 Αῧσιον,
1007 2666 1072 2703 καὶ
1097 2663 1118 2702 ὁ
1145 2667 1213 2713 μὲν
1238 2664 1383 2713 Ἴβυκος
1408 2663 1541 2702 αὕσιον
1565 2664 1667 2710 λέγει
1694 2692 1701 2700 .
1722 2692 1731 2701 .
1753 2692 1761 2701 .

240 2713 259 2749 ὁ
281 2713 323 2750 δε
349 2712 517 2761 Ἀλκμάν
544 2716 680 2751 ταυσία
704 2716 895 2750 παλλακίσι
922 2713 998 2760 (PD
1024 2714 1543 2767 παυσία,1ῐ“1οτ.πολλακίω).
1579 2712 1658 2748 Hoc
1683 2712 1763 2758 qui-

240 2763 325 2797 dem
351 2763 574 2798 vocabulum
601 2764 649 2799 ab
673 2761 863 2798 Alcmanis
889 2761 1154 2798 consuetudine
1179 2762 1362 2806 alienum3
1395 2759 1538 2797 conieci
1568 2761 1762 2795 ταυσίαν

241 2807 377 2845 πάλιν
403 2813 489 2856 κίω,
515 2822 740 2855 quamquam
765 2807 858 2844 alias
878 2808 1022 2854 placuitz
1039 2810 1174 2845 ταυσία
1199 2806 1343 2844 πάλλα
1362 2805 1480 2844 κάτω
1501 2806 1695 2853 (ἔπεσεν)
1685 2819 1708 2843 1.
1729 2818 1760 2843 e.

242 2855 447 2893 Nausicaae
478 2858 572 2915 pila,
604 2857 679 2893 vid.
710 2856 817 2892 Hom.
847 2855 914 2891 Ο(1
940 2856 991 2891 VI
1025 2861 1103 2893 115.
1154 2856 1328 2915 Hes'yehs
1366 2853 1504 2891 πάλλα·
1543 2859 1686 2900 σφαῖρα
1718 2851 1760 2890 ἐκ

241 2906 419 2938 ποικίλων
444 2902 622 2950 ναμάτων
649 2906 729 2949 (ser.
756 2901 972 2950 ραμματω
983 2906 1018 2948 ν)
1044 2902 1288 2949 πεποιημένη.
