1864 3126
253 132 338 174 608
535 131 537 134 ’
821 132 1011 169 ΡΟΕΤΑΕ
1037 132 1215 172 MELICI.

346 238 565 295 πέμματα,
609 233 707 296 κᾷτ’
755 240 981 297 ἐρέβινθοι
1024 250 1394 298 κνακοσυμμιγεῖς
1437 239 1627 294 ἁπαλαῖς
1665 242 1776 288 θάλ-

960 316 1112 364 λοντες
1143 310 1298 371 ὥραις,

276 392 320 424 20
347 378 412 439 ᾠά
443 378 500 436 τ’,
533 379 829 437 ἀμυγδαλίδες
859 399 904 426 τε
936 385 1027 427 τῶν
1053 386 1428 440 μαλακοφλοίδων
1447 419 1457 429 .
1477 401 1580 428 ..τε
1605 383 1775 443 τρωκτά

1032 469 1078 496 τε
1108 457 1262 497 παισίν

345 520 508 579 άδυΐδη
540 521 687 580 κάρυ’,
719 521 831 566 ἄλλα
863 520 901 565 τ’
938 521 1049 566 ὅσσα
1081 524 1234 580 πρέπει
1266 523 1383 581 παρὰ
1415 528 1581 570 θοίναν

349 591 672 649 ὀλβιόπλουτον
717 594 875 651 (ἔμεν>·
919 593 1048 646 πόσις
1096 592 1134 637 τ’
1185 595 1436 652 ἐπεραίνετο
1482 595 1693 653 κότταβοί
1729 613 1776 640 τε

1031 664 1158 721 λόγοι
1189 663 1227 709 τ’
1263 666 1332 709 ἐπὶ
1363 670 1532 719 κοινᾶς·

346 739 459 780 ἔνθα
478 753 517 779 τι
538 735 696 780 καινὸν
723 736 881 793 ἐλέχθη
908 734 1084 793 κομψὸν
1110 735 1407 793 ἀθυρμάτιον,
1433 738 1506 782 καὶ
1531 737 1775 796 θαύμασαν

1031 805 1129 851 αὔτ’
1165 809 1239 851 ἐπί
1265 806 1303 851 τ’
1338 807 1523 866 ᾔνησαν.
1555 843 1564 853 .
1597 844 1606 854 .

994 928 1035 971 4.

341 1025 363 1050 *
395 1025 418 1051 *
450 1007 522 1052 Σὺ
555 1007 605 1052 δὲ
635 1007 769 1052 τάνδε
801 1012 999 1066 Βακχίου

331 1070 563 1138 εὔδροσον
595 1078 739 1137 πλήρη
772 1082 1088 1138 μετανιπτρίδα
1121 1080 1258 1132 δέξαι·

341 1151 461 1209 πραῖ
491 1155 536 1195 τί
564 1167 631 1195 τοι
664 1150 859 1208 Βρόμιος
890 1151 1027 1208 γάνος
1058 1151 1160 1195 τόδε
1193 1151 1301 1203 δοὺς
1333 1151 1401 1196 έπὶ
1433 1153 1589 1209 τέρψιν

341 1222 508 1274 πάντας
540 1221 648 1278 ἄγει.

994 1343 1033 1385 5.

342 1427 506 1467 Πίνετο
545 1423 784 1481 νεκτάρεον
821 1422 938 1480 πῶμ’
986 1425 1034 1467 ἐν
1084 1425 1288 1481 χρυσέαις
1332 1433 1572 1481 προτομαῖς
1608 1428 1773 1470 κοίλων

1027 1494 1243 1551 κεράτων,

343 1566 575 1624 ἐβρέχοντο
609 1565 659 1609 δὲ
689 1563 798 1609 κατὰ
831 1565 1003 1623 μικρόν.

247 1695 432 1740 Schmidt)
458 1695 629 1731 Meineke
662 1697 701 1731 et
730 1697 922 1741 praeterea
955 1699 1105 1740 καλαῖς7
1135 1696 1248 1742 vulgo
1279 1696 1343 1732 καὶ
1374 1698 1574 1744 τερεβινθο
1605 1697 1672 1742 (sic
1697 1697 1760 1733 AB

245 1745 454 1800 θερεβινθο
481 1743 611 1798 PVL)
609 1747 975 1803 κνακοσυμμιγεῖσα
1002 1725 1139 1784 παλάῖς
1169 1745 1234 1788 (sic
1264 1745 1313 1788 A,
1346 1747 1503 1784 παλλαῐς
1534 1743 1645 1789 PVL,
1675 1749 1758 1790 γεῖσ

246 1787 410 1831 ἁπαλαῖς
434 1790 491 1837 B).
518 1812 561 1816 -—
589 1787 718 1836 ὥραις,
752 1790 926 1836 Hartung
958 1788 999 1826 ἐν
1030 1787 1152 1836 ὥραις.
1179 1812 1221 1816 -
1250 1791 1293 1827 V.
1321 1795 1376 1827 20.
1410 1788 1466 1839 ῷά
1492 1788 1526 1827 τ’
1559 1790 1668 1836 BPL,
1702 1791 1774 1828 nisi

249 1839 347 1882 quod
372 1851 411 1873 τε
439 1838 627 1882 exhibent,
647 1839 675 1873 L
697 1849 768 1873 om.
795 1858 840 1864 -—
865 1851 903 1873 τε
931 1839 1005 1873 τῶν
1031 1838 1346 1895 μαλακοφλοίδων
1373 1829 1512 1884 scripsi,
1539 1851 1577 1874 τε
1604 1839 1677 1874 τῶν
1702 1852 1771 1885 μα-

245 1885 483 1942 λακοφλοΐων
510 1913 518 1920 .
541 1914 548 1921 .
571 1912 578 1920 .
603 1899 642 1921 τε
669 1883 835 1943 τρωκτά
841 1898 879 1921 τε
906 1885 1088 1941 Meiueke,
1110 1886 1215 1921 codd.
1243 1884 1313 1921 τὰν
1336 1886 1378 1930 (Β
1392 1885 1484 1943 τὴν)
1511 1882 1773 1932 μαλακόφλοια

246 1926 300 1967 ὧν
325 1946 364 1968 τε
385 1946 617 1990 τετρωκτατε
647 1933 712 1977 (sic
737 1933 781 1978 A,
809 1927 860 1967 ὧν
886 1930 1085 1990 τετράκασι
1110 1932 1185 1977 PV,
1212 1927 1263 1968 ὧν
1289 1946 1494 1990 τετρωκατε
1521 1934 1576 1978 L),
1602 1933 1773 1980 Hartung

245 1993 283 2015 τε
323 1978 521 2026 τρώγματα
555 1982 694 2015 παισίν.
728 2001 770 2005 -
805 1980 850 2018 V.
875 1984 932 2015 21.
965 1977 1121 2037 άδυΐδη,
1152 1961 1306 2015 F’iorino
1334 1978 1496 2037 ἁδυεδῆ.
1545 1980 1640 2016 Mihi
1669 1981 1772 2016 locus

247 2027 300 2063 ita
324 2028 473 2063 videtur
493 2027 825 2085 redintegrandus·
858 2024 1007 2072 (ὦραῖά)
1033 2040 1071 2062 τε
1098 2025 1261 2073 τρωκτά,
1295 2041 1347 2062 τα
1373 2027 1503 2063 παισὶν
1529 2025 1616 2063 ἁδὺ
1643 2026 1771 2064 ἔδειν

246 2075 337 2131 (sive
362 2071 518 2131 190323',
544 2071 638 2121 ατε),
666 2075 711 2110 cf.
735 2074 908 2132 Xenoph.
935 2075 1052 2111 Anab.
1079 2074 1112 2109 V
1138 2078 1261 2118 3,12:
1292 2072 1442 2120 ἡμέρων
1475 2073 1644 2132 δένδρων
1676 2072 1768 2120 ἐφυ-

246 2119 366 2167 τεύθη
346 2137 379 2167 η,
406 2117 476 2158 όσα
504 2120 581 2158 ἐστὶ
605 2119 748 2180 τρωκτὰ
776 2119 908 2167 ὡραῖα.
932 2143 968 2148 -
995 2122 1038 2157 V.
1064 2126 1121 2158 22.
1149 2121 1194 2167 ἕμ
1197 2135 1238 2158 εν
1263 2121 1394 2159 adieci.
1422 2143 1465 2148 —
1491 2118 1526 2157 τ’
1555 2118 1616 2157 ἐπὶ
1641 2123 1772 2164 κοινᾶς

248 2169 589 2215 Schweighaeuser,
615 2167 651 2205 τ’
679 2167 872 2210 ἐπικοινας
891 2169 934 2214 Α,
954 2182 992 2205 τε
1019 2182 1195 2210 πικοινας
1213 2169 1254 2214 Β,
1273 2182 1311 2205 τε
1339 2167 1500 2210 πυκινὰς
1520 2169 1595 2205 VL.
1633 2168 1771 2206 Nescio

248 2229 295 2253 an
320 2219 458 2253 rectius
485 2217 719 2253 scribendum
744 2217 793 2252 sit
822 2214 856 2252 τ’
892 2197 954 2252 ἐπὶ
985 2218 1144 2258 κοίνας
1173 2218 1335 2253 retracto
1367 2219 1539 2261 accentu,
1570 2217 1614 2252 ut
1645 2216 1772 2253 Philo-

249 2276 360 2300 xenus
388 2265 503 2300 siculo
530 2265 606 2300 sive
631 2264 750 2300 latino
775 2265 958 2300 vocabulo
979 2275 1107 2300 coenae
1125 2263 1335 2300 convivium
1355 2244 1643 2322 nuncupaverit.
1670 2263 1771 2322 quod

246 2313 467 2348 vocabulum
500 2312 659 2348 fortasse
691 2312 805 2348 etiam
837 2312 1041 2357 Hesychius
1072 2312 1223 2347 exhibet
1253 2309 1405 2357 κοινά,
1439 2311 1616 2357 χόρτος,
1651 2308 1772 2358 κοινή,

245 2361 417 2405 δημοσία.
455 2380 499 2386 —-
533 2360 576 2395 V.
603 2364 659 2395 23.
686 2356 820 2395 καινὸν
858 2359 1137 2404 Dalecampius,
1176 2359 1289 2404 vulgo
1328 2340 1456 2416 κηνόν.
1490 2379 1533 2384 -
1564 2356 1771 2405 θαύμασαν

245 2407 436 2451 Meineke,
462 2407 574 2466 vulgo
602 2404 910 2453 ἐθαύμασανμ-
937 2404 1004 2443 ἐπί
1024 2405 1059 2441 τ’
1093 2406 1240 2452 scripsi,
1274 2403 1392 2442 ἔπειτ’
1466 2404 1639 2451 ,ἔπειτα
1647 2372 1769 2443 PVL.

246 2455 347 2490 Fort.
374 2454 482 2490 scrib.
507 2453 652 2501 ῄνησαν
678 2454 909 2500 περισσῶς.

339 2503 397 2537 F1.
423 2506 456 2538 4.
506 2502 640 2538 Athen.
667 2501 718 2537 XI
749 2503 882 2537 487A.
916 2498 1114 2544 Φιλόξενος
1146 2499 1187 2537 δὲ
1222 2498 1241 2537 ὁ
1268 2498 1601 2558 διθυραμβοποιὸς
1639 2497 1681 2536 ἐν
1718 2500 1767 2548 τῷ

248 2546 537 2609 ἐπιγραφομένῳ
565 2551 716 2597 Δείπνῳ
743 2547 835 2595 μετὰ
869 2546 910 2584 τὸ
937 2545 1205 2605 ἀπονίψασθαι
1235 2546 1303 2589 τὰς
1327 2553 1453 2603 χεῖρας
1477 2548 1669 2602 προπίνων
1693 2549 1771 2583 τινί

246 2608 356 2642 φησι·
382 2594 440 2631 Σὺ
467 2595 508 2632 δὲ
534 2593 643 2631 τάνδ’
672 2586 746 2632 κ’τλ.
773 2617 818 2623 --
844 2596 887 2634 V.
916 2600 946 2631 1.
973 2593 1087 2631 τάνδε
1122 2597 1284 2641 Βακχίου
1317 2595 1464 2653 scripsi,
1495 2594 1567 2630 nisi
1597 2594 1693 2630 forte
1727 2591 1770 2630 ἐν

247 2645 383 2703 βακχία
409 2645 593 2701 praestat,
629 2643 674 2680 cf.
702 2644 914 2679 Archilochi
940 2643 982 2681 fr.
1010 2646 1067 2680 83.
1105 2643 1276 2678 Meineke
1301 2641 1414 2678 τάνδε
1441 2642 1625 2687 Βακχίαν,
1656 2638 1767 2677 τάνδ’

248 2681 430 2751 ἐκβακχία
455 2691 495 2735 Β,
522 2688 632 2726 τάνδ’
660 2688 842 2749 ἑκβάκχια
862 2690 938 2735 ΑΡ,
963 2687 1074 2726 τάνδ’
1104 2687 1304 2737 ἕκβάκχιον
1324 2690 1399 2735 VL,
1402 2690 1596 2749 Hertung
1620 2689 1770 2745 scripsit

246 2735 291 2773 σὺ
318 2737 359 2774 δε
386 2736 499 2774 τάνδε
527 2740 690 2784 Βακχίου
717 2735 900 2796 ενδροσον
927 2719 1103 2783 εὖπλήρη.
1127 2759 1169 2763 -
1192 2738 1234 2773 V.
1262 2742 1294 2773 3.
1319 2734 1421 2782 πραΰ
1444 2738 1484 2771 τί
1503 2748 1559 2771 τοι
1580 2735 1628 2781 A,
1653 2734 1770 2782 πράν-

245 2799 337 2821 τιτοι
362 2786 468 2821 PVL.
496 2807 538 2811 —
566 2786 609 2821 V.
637 2790 668 2821 4.
704 2783 849 2826 πάντας
879 2786 1067 2830 Meineke,
1098 2786 1211 2830 vulgo
1243 2797 1431 2827 απαντας,
1462 2783 1536 2818 nisi·
1565 2783 1675 2818 malis
1707 2781 1769 2819 ἐπὶ

278 2861 284 2868 .
306 2861 313 2868 .
340 2833 471 2878 τέρψιν
498 2829 671 2874 α’παντας
696 2846 792 2879 dyst.

339 2881 396 2915 Fr.
424 2885 456 2917 5.
494 2880 628 2916 Athen.
655 2881 705 2916 XI
732 2880 860 2917 476E:
886 2879 961 2916 Καὶ
989 2877 1186 2923 Φιλόξενος
1211 2877 1248 2914 δ’
1276 2875 1296 2915 ὁ
1323 2875 1516 2923 Κυθήριος
1541 2875 1582 2913 ἐν
1607 2878 1656 2924 τῷ
1686 2875 1765 2914 ἔπι-

1761 1725 1795 1757 3.

1853 2915 1864 2986 t
