1864 3126
1251 128 1280 146 .,

183 152 269 195 276
536 159 537 163 ¹
743 154 937 210 PoETAE
963 154 1141 192 Mssmct.

237 274 257 304 5
278 264 363 305 νῦν
396 260 445 304 δὲ
477 260 696 318 λειμῶνας
726 279 772 305 τε
803 261 985 318 βόσκεαι
1017 262 1167 319 κοῦφά
1199 280 1245 307 τε
1271 266 1493 321 σκιρτῶσα
1523 271 1705 318 παίζεις·

277 330 424 384 δεξιὸν
455 330 540 389 γὰρ
574 334 835 389 [πποσείρην
868 332 949 377 οὐκ
981 337 1092 391 ἔχεις
1123 334 1381 391 ἐπεμβάτην.

840 454 1045 507 76.[80]

278 535 435 577 Κλῦθί
461 550 544 589 μευ
575 533 783 591 γέροντος
814 531 1021 592 εὐέθειρα
1051 534 1325 592 χρυσόπεπλε
1356 535 1508 594 κούρα.

840 655 906 696 77.
940 655 1045 707 [81.]
1611 668 1702 700 1030

276 728 395 778 Εὗτέ
422 751 496 790 μοι
528 733 679 778 λευκαὶ
711 738 938 790 μελαίναις
969 734 1313 792 ἆναμεμίξονται
1343 740 1498 794 τρίχες.

840 855 906 897 78.
939 855 1043 908 [82]

276 934 390 993 (Ἐν)
423 934 721 995 μελαμφύλλςο
754 935 905 994 δάφνα
935 939 1084 994 χλωρᾷ
1115 936 1153 980 τ’
1189 937 1314 996 ἐλαίᾳ
1343 942 1597 991 τανταλίζει.

840 1068 1047 1121 79.[83]

284 1151 507 1205 Κοίμισον
540 1146 599 1205 δ’,
632 1143 666 1193 ὦ
701 1151 809 1205 Ζεῦ,
841 1148 1052 1193 σόλοικον
1083 1150 1304 1206 φθόγγον.

839 1282 908 1323 80.
940 1279 1044 1337 [98]

279 1361 368 1406 Διὰ
401 1362 536 1419 δέρην
569 1364 699 1414 ἔκοψε
731 1362 920 1446 μέσσην,
951 1364 1036 1405 καδ
1069 1362 1118 1406 δὲ
1147 1364 1295 1414 λῶπος
1327 1364 1524 1420 ἐσχίσθη.

182 1512 378 1562 στρέφοιμ’
406 1529 454 1551 αν
481 1512 516 1550 σ’
524 1544 531 1551 .
553 1536 595 1541 -—
624 1516 667 1551 V.
695 1520 726 1552 5.
754 1515 954 1573 σκιρτῶσα,
981 1518 1012 1550 Α
1040 1520 1239 1573 σκιρτοῖσα.
1271 1536 1316 1542 -
1349 1515 1392 1551 V.
1420 1521 1451 1553 6.
1485 1514 1641 1552 ἴπποσεί
1637 1530 1707 1575 ρην

184 1563 327 1623 scripsi,
353 1564 466 1608 vulgo
493 1561 731 1621 ἴπποπείρην.
753 1584 795 1589 —-
825 1576 894 1599 ουκ
921 1562 1029 1609 ἔχεις,
1055 1563 1118 1598 ΑΒ
1144 1560 1214 1609 οὐχ
1243 1562 1556 1609 έξεις,Ηε1,1·1ιι1113·
1579 1563 1707 1607 δεξιὸν

180 1609 275 1657 πρὸς
300 1609 521 1657 ιπποσείρην
548 1608 618 1646 οὐκ
645 1608 773 1656 ἕχουσ
803 1608 859 1646 ἐπ.

277 1671 334 1707 Fr
363 1673 418 1705 76.
468 1670 671 1715 Hephaest.
699 1674 762 1705 36:
812 1669 887 1705 Καὶ
912 1670 985 1704 τῶν
1012 1666 1280 1715 ἀκαταλήπτων
1312 1667 1354 1704 δε
1386 1667 1428 1705 τὸ
1455 1667 1705 1727 τετράμετρον

183 1715 338 1760 ἔνδοξόν
365 1714 477 1760 ἐστιν,
505 1716 585 1752 οἷον
604 1717 708 1753 τουτὶ
727 1730 794 1752 του
817 1714 1150 1761 Ἀνακρέοντος·
1177 1717 1330 1751 Κλῦθί
1350 1719 1424 1752 κτλ.
1446 1739 1489 1743 -
1509 1715 1705 1763 εὐέθειρα,

180 1767 292 1800 antea
316 1746 479 1810 praetuli
505 1761 659 1810 ευὲθειρ
663 1778 698 1808 ε,
731 1765 830 1809 quod
855 1765 995 1810 legitur
1020 1764 1118 1809 apud
1145 1762 1525 1810 Sch01.Heph.175,
1559 1765 1624 1810 qui
1648 1765 1706 1800 bie

179 1814 279 1847 huno
303 1823 451 1847 versum
476 1810 600 1856 affert,
627 1813 706 1847 cod.
733 1812 827 1848 Nan.
854 1811 1026 1857 (Mingar
1052 1812 1136 1856 489)
1163 1807 1360 1856 εὖήθειρα.
1392 1832 1435 1837 —-
1468 1809 1609 1857 κούρα,
1633 1813 1707 1847 nisi

179 1860 275 1895 forte
301 1859 422 1904 κοῦρα
448 1840 764 1904 80111100110111,111;
794 1861 850 1895 est
875 1870 933 1904 ap.
961 1859 1199 1895 Theocritum
1234 1859 1308 1904 (vel
1340 1859 1465 1904 potius
1497 1841 1706 1904 Moschum)

180 1906 320 1942 XXVII
347 1910 391 1941 55
417 1902 555 1951 θάρσει
580 1907 700 1951 κοῦρα
725 1907 829 1951 φίλα.

275 1966 332 2023 141·-
360 1968 415 2000 77.
466 1965 595 2000 Iulian.
616 1965 803 2021 Misopog
832 1965 956 2000 366B:
983 1965 1148 2021 Πλησίον
1175 1961 1305 2010 ἐσμέν,
1339 1961 1552 2000 ἐθελόντων
1583 1966 1702 2010 θεῶν,

180 2007 285 2048 εὖτέ
311 2025 386 2058 μοι
412 2015 487 2047 κτλ.
515 2009 534 2047 6
565 2009 704 2057 Τήϊος
730 2011 816 2058 ἔφη
842 2010 1056 2058 ποιητήςπ
1071 2033 1115 2038 -
1147 2025 1228 2058 μοι,
1256 2011 1363 2047 scrib.
1389 2011 1538 2047 videtur
1563 2013 1631 2048 σοι’.
1659 2033 1703 2038 -

179 2061 384 2106 μελαίναις,
411 2058 670 2095 Schneidewin
695 2061 881 2106 μελαίνης.

273 2120 331 2154 Fr.
359 2122 413 2154 78.
465 2118 588 2154 Schol.
616 2119 727 2164 Soph.
741 2119 879 2176 Antig.
903 2122 986 2154 138:
1007 2114 1089 2153 ’Ὁτι
1114 2115 1156 2152 δὲ
1184 2117 1439 2158 τανταλωθεὶς
1464 2118 1638 2164 σημαίνει
1657 2115 1699 2154 τὸ

181 2167 429 2211 διασεισθείς,
456 2170 641 2211 μαρτυρεῖ
660 2166 724 2201 καὶ
741 2163 961 2211 Ἀνακρέων·
983 2162 1232 2212 μελαμφύλλῳ
1251 2167 1327 2200 κτλ.
1363 2164 1504 2200 Addidi
1525 2162 1704 2202 ἐν,14“01·ὺ.

178 2215 376 2261 τανταλίζῃ
398 2214 674 2259 (τανταλίζεαι),
693 2213 737 2248 ut
754 2212 929 2248 Amorem
948 2213 1061 2258 poeta.
1080 2200 1309 2257 alloquatur3
1330 2213 1410 2248 cod.
1430 2213 1462 2247 A
1481 2213 1702 2255 τανταλίζοι.

272 2274 332 2308 Fr
360 2277 414 2308 79.
464 2272 662 2308 Herodian.
690 2272 734 2307 de
760 2272 906 2308 barbar.
935 2275 1000 2306 193
1026 2272 1112 2316 post
1134 2270 1306 2308 Ammon.
1339 2271 1536 2307 Valckeu·
1568 2272 1701 2307 Σολοί-

179 2334 269 2361 κους
294 2319 336 2356 δὲ
365 2318 493 2364 ἔλεγον
520 2318 559 2355 οἴ
580 2318 734 2355 παλαιοὶ
758 2316 846 2360 τοὺς
871 2315 1099 2376 βαρβάρους·
1126 2315 1146 2353 6
1166 2315 1239 2364 γὰρ
1254 2314 1459 2375 Ἀνακρέων
1479 2319 1588 2364 φησί·
1614 2319 1704 2354 Κοί-

179 2380 287 2414 μισον
314 2367 382 2413 (sic
406 2368 448 2411 B,
474 2369 653 2412 κοίμησον
679 2366 722 2411 A,
748 2363 903 2412 κόμισον
930 2366 970 2411 C)
997 2364 1039 2400 δὲ
1066 2362 1237 2401 σόλοικον
1264 2363 1451 2420 φθόγγον.
1497 2365 1571 2402 Sed
1596 2365 1702 2402 codd.

179 2413 697 2460 ap.Villois.Anecd.117⁷
724 2415 816 2460 μισῶ
845 2413 917 2449 Ζεῦ
946 2413 1005 2448 vel
1031 2411 1186 2458 κόμισον
1213 2413 1285 2448 Ζεῦ
1313 2413 1389 2449 σόλ.
1415 2410 1536 2458 λόγον.
1575 2412 1703 2458 itaque

179 2428 386 2498 emendavi.
413 2462 524 2507 Resp.
550 2462 623 2497 h‘uc
649 2461 750 2498 Euat.
779 2462 820 2497 Il.
847 2464 928 2504 368,
954 2464 987 2496 2.

273 2522 331 2557 Fr.
358 2524 414 2556 80.
467 2520 656 2557 Schol.11.
683 2534 703 2565 ρ
723 2524 808 2556 542:
836 2517 942 2556 Κατὰ
968 2519 1106 2564 ταῦρον
1134 2515 1288 2564 ἐδηδώς.
1314 2515 1338 2564 ἡ
1364 2516 1528 2576 διακοπὴ
1554 2518 1620 2577 τῆς
1643 2517 1701 2554 λέ-

179 2570 270 2612 ξεως
301 2566 369 2604 τὸν
402 2566 456 2608 εἰς
486 2565 604 2603 πολλὰ
636 2566 911 2624 διεσπασμένον
942 2566 1149 2611 παρέστησε
1187 2566 1344 2623 ταῦρον,
1381 2562 1426 2601 οὗ
1461 2566 1528 2601 τοῦ
1565 2564 1701 2623 μέτρου

179 2614 446 2655 απαιτοῦντος’
485 2616 611 2660 παρῆν
649 2613 731 2671 γὰρ
759 2628 881 2660 φαναι
913 2627 1052 2659 ταυρον
1090 2611 1320 2658 κατεδηδως·
1375 2612 1439 2648 καὶ
1480 2609 1700 2658 Ἀνακρέων·

178 2661 252 2698 Διὰ
280 2663 395 2721 δέρην
420 2659 519 2719 κόψε
545 2661 662 2708 μέσην
687 2660 762 2697 κὰδ
787 2665 862 2698 κτλ.
895 2673 990 2706 quae
1023 2660 1174 2696 correxi.
1226 2659 1279 2696 cf.
1306 2659 1700 2703 Eust.11.1001,39:

176 2708 434 2769 Ἀνακρέοντος
464 2707 506 2745 τὸ
539 2711 614 2745 καδ
646 2709 687 2744 δε
720 2707 834 2750 λοπὰς
866 2706 907 2745 ἔσ
908 2710 1040 2755 χίσθη·
1072 2705 1210 2754 ὁμοίως
1239 2707 1304 2743 καὶ
1333 2704 1376 2742 τὸ
1411 2703 1475 2741 διὰ
1511 2704 1553 2741 δὲ
1585 2705 1700 2752 δέρην

179 2756 293 2802 ἔκοψε
321 2756 413 2803 μέση
416 2770 448 2792 ν.
499 2757 537 2792 et
562 2757 680 2792 Cram.
700 2757 768 2792 An.
788 2756 901 2792 Paris.
908 2723 980 2791 xm
1006 2758 1087 2799 287,
1114 2759 1170 2790 28.
1204 2755 1394 2790 Hermann
1418 2754 1490 2789 hoc
1514 2753 1701 2789 Eustathii

178 2805 260 2840 loco
285 2817 372 2843 usus
397 2805 470 2839 duo
497 2804 644 2840 diversa
666 2804 878 2850 fragmenta
902 2814 982 2839 esse
1007 2802 1136 2847 credit,
1162 2801 1263 2847 quod
1285 2812 1359 2837 non
1384 2801 1547 2836 debebat
1571 2800 1701 2846 Haupt

179 2852 345 2895 probare.
396 2851 498 2886 Idem
525 2851 615 2886 olim
641 2851 837 2897 proposuit
857 2849 1126 2895 Schneidewin,
1151 2860 1261 2895 quem
1286 2848 1362 2884 iam
1386 2848 1426 2883 in
1445 2847 1572 2883 diariis
1592 2847 1698 2883 Anti—

91 2912 108 2925 ν
178 2898 333 2943 quitatis
362 2902 451 2934 1836
477 2899 661 2944 redargui.
