1864 3126
198 131 223 173 8
713 160 715 163 .
756 130 951 166 POETAE
975 130 1153 166 MELICI.
1176 114 1187 122 ”

197 239 344 294 νόμους
375 243 605 293 Terpandro
638 243 850 292 vindicant,
882 243 1069 281 videntur
1099 257 1222 282 unum
1247 244 1283 282 ei
1309 244 1608 295 abiufficavisse,
1638 244 1718 284 for-

197 310 306 347 tasse
337 304 517 347 Αἰόλιον;
557 307 813 346 Plutarchum
852 308 993 346 horum
1027 309 1306 348 auctoritatem
1335 323 1414 348 non
1448 311 1558 360 sequi
1589 310 1715 348 mani-

196 373 345 412 festum
376 375 446 421 est,
479 385 570 410 nam
603 372 735 410 omisit
767 368 919 422 ὄρθιον,
945 386 1062 422 quem
1086 373 1146 411 illi
1170 374 1449 426 testificantur,
1476 387 1716 425 quamquam

196 438 342 477 mirum
374 441 434 477 est
460 451 483 476 a
508 437 722 475 Plutarcho
749 438 923 476 nobilem
948 439 1051 478 hunc
1076 451 1236 477 nemum
1261 438 1586 488 praetermissum
1609 451 1714 491 esse3

197 505 302 542 haud
334 503 452 541 dubie
485 504 571 541 octo
604 505 918 552 enumeraverat,
950 504 996 541 ut
1028 504 1280 542 scribendum
1311 505 1382 543 sit:
1415 500 1510 543 ἀλλὰ
1542 500 1621 556 μὴν
1650 503 1717 544 καὶ
1754 514 1771 562 χ

201 568 449 620 Τετραοίδιον
485 565 562 606 καὶ
589 563 793 618 ’Όρθιον
857 567 1043 606 Ceterum
1082 569 1185 618 quod
1224 570 1351 608 Schol.
1383 570 1588 619 Aristoph.
1619 563 1754 622 Aehq'

197 648 233 673 v.
263 636 315 672 14
341 634 553 681 Phryyium
576 645 731 671 nemum
757 633 986 682 Terpandro
1013 634 1164 682 tribuit,
1193 635 1308 673 credo
1341 635 1503 674 subesse
1530 632 1725 685 errorem,“

195 694 237 738 τὸ
271 695 313 737 δὲ
350 694 539 737 Βοιώτιον
581 695 693 748 μέλος
734 691 836 736 οὕτω
876 694 1140 749 καλούμενον,
1185 695 1278 751 ὅπερ
1319 692 1407 751 εὗρε
1451 697 1713 755 Τέρπανδρος,

197 759 324 813 ὥσπερ
355 761 421 801 καὶ
457 758 499 801 τὸ
539 758 714 814 Φρύγιον
753 759 889 814 (quem
927 763 1138 813 descripsit
1175 764 1316 803 Suidas
1354 778 1391 803 v.
1421 761 1609 817 Μόσχος,
1649 756 1715 819 ilbi

197 828 274 866 duo
314 826 408 865 libri
445 822 465 865 ὁ
506 822 718 879 Φρύγιος),
754 827 823 865 ubi
864 827 1117 867 scribendum
1160 824 1287 879 ὥσπερ
1331 826 1397 867 καὶ
1426 825 1655 880 Ὄλυμπος
1692 823 1714 868 ὃ

199 887 325 944 Φρύξ
356 887 397 930 τὸ
432 887 619 944 Φρύγιον,
651 892 755 941 quod
787 905 834 929 ex
863 895 977 941 parte
1015 893 1148 932 firmat
1179 893 1359 943 Apostol.
1390 893 1446 931 XI
1480 895 1552 933 79:
1591 890 1714 946 ὥσπερ

196 955 262 996 καὶ
298 951 318 995 ὃ
360 951 468 1007 Φρὺξ
499 951 566 994 τὸν
605 952 789 1008 Φρύγιον.
854 957 955 996 Huic
993 958 1259 996 emendationi
1294 959 1445 997 frustra
1481 948 1712 998 adversatus

197 1024 259 1061 est
290 1021 420 1059 Hiller
450 1021 492 1059 in
523 1020 666 1061 Philol.
698 1021 866 1060 XXXIV
900 1024 996 1062 231.

830 1149 858 1182 1,
883 1149 964 1181 ΕΙΣ
990 1148 1080 1182 ΔΙΑ.
1646 1150 1715 1182 813

940 1244 978 1287 1.

255 1325 343 1367 Ζεῦ
374 1321 555 1366 πάντων
588 1321 723 1379 ἀρχά,

255 1393 437 1438 πάντων
470 1391 668 1451 ἆγήτωρ,

256 1467 365 1521 Ζεῦ,
398 1465 469 1509 σοὶ
502 1465 676 1508 σπένδω

253 1535 420 1580 ταύταν
451 1533 608 1592 ὕμνων
640 1533 794 1592 ἀρχάν.

291 1665 567 1711 Terpander.
610 1665 668 1700 Fr.
698 1669 727 1700 1.
774 1664 942 1701 Clemens
966 1666 1325 1722 ΑΙθΧαηᾱ1.81;1-οῑιι
1353 1667 1403 1701 VI
1430 1671 1514 1702 784:
1540 1681 1563 1712 η
1590 1669 1718 1703 τοίνυν

196 1713 380 1771 ἁρμονία
391 1713 458 1748 τοῦ
492 1710 684 1770 βαρβάρου
721 1714 928 1770 ψαλτηρίου
964 1711 1005 1749 τὸ
1045 1711 1182 1770 σεμνὸν
1219 1711 1455 1771 ἐμφαίνουσα
1485 1715 1552 1750 τοῦ
1585 1714 1720 1772 μέλους

198 1757 427 1819 ἀρχαιοτάτη
459 1772 697 1815 τυγχανουσα
728 1757 940 1818 υπόδειγμα
980 1759 1209 1818 Τερπανὸρῳ
1247 1759 1404 1819 μάλιστα
1435 1762 1579 1806 ’γίνεται
1607 1759 1719 1808 πρὸς

196 1806 425 1854 αρμονίαν
462 1804 542 1851 τὴν
581 1805 758 1852 Δώριον
798 1805 1020 1854 ὑμνοῦντι
1054 1806 1132 1843 τὸν
1170 1809 1257 1843 Δία
1290 1802 1365 1843 ωδέ
1396 1819 1490 1848 πως·
1525 1809 1610 1844 Ζεῦ
1642 1812 1718 1845 κτλ.

195 1855 337 1892 Eadem
368 1854 494 1890 Arsen.
522 1859 601 1890 261.
640 1855 807 1900 Apostol.
835 1855 887 1890 III
911 1859 996 1891 290.
1032 1876 1079 1882 -
1118 1856 1160 1890 V.
1187 1860 1220 1890 2.
1247 1852 1394 1901 αγήτωρ
1421 1855 1534 1891 010111.
1566 1853 1717 1903 ἁγήτωρ

195 1904 323 1939 Arsen.
351 1922 395 1928 —
427 1902 470 1936 V.
499 1906 531 1936 3.
565 1900 712 1937 σπένδω
746 1902 896 1948 scripsi,
929 1903 1125 1948 legebatur
1157 1902 1308 1949 πέμπω·
1340 1914 1566 1948 quamquam
1597 1905 1719 1949 possis

195 1950 293 1986 tueri
318 1951 482 1985 veterem
503 1949 724 2006 scripturam
744 1950 1011 2007 epigrammate
1031 1950 1148 1986 musei
1167 1950 1362 1994 Heliconii,
1389 1950 1489 1995 quod
1499 1950 1719 2008 ³Schillbach

197 1997 315 2034 edidit
317 1995 500 2054 (Vratisl.
518 1998 623 2041 1862)
649 1994 671 2041 ἡ
694 1995 814 2042 Ζηνὸς
840 1997 904 2033 Aah·
927 1995 1037 2033 τόνδε
1064 1995 1264 2043 Πολύμνια
1283 1995 1462 2042 νέκταρος
1486 1994 1606 2042 οιτμὸν
1625 1996 1716 2044 πέμ-

195 2058 254 2080 πω
286 2041 355 2089 τὴν
393 2040 500 2088 ὁσίην
539 2043 652 2099 πατρὶ
683 2045 836 2080 τίνουσα
869 2043 994 2102 χοίρως
1042 2056 1131 2080 nam
1161 2044 1399 2080 Pindaricum
1431 2044 1487 2080 01.
1514 2044 1583 2081 VII
1609 2050 1628 2082 7
1655 2045 1719 2081 καὶ

199 2089 271 2138 ἐγώ
298 2090 435 2136 νέκταρ
461 2086 590 2147 χυτόν,
611 2091 761 2126 Μοισᾶν
787 2090 912 2137 δόσιν,
944 2089 1177 2150 ἆθλοφόροις
1209 2089 1391 2148 ἀνδρασιν
1415 2090 1574 2137 πέμπων
1599 2092 1720 2128 diver-

199 2151 293 2176 sum.
320 2159 364 2165 -—-
390 2138 433 2174 V.
460 2142 494 2172 4.
519 2134 673 2179 ταύταν
699 2138 848 2174 Bitschl
873 2139 1032 2175 coniecit
1055 2138 1196 2175 ταύταν
1221 2137 1309 2183 τάν,
1340 2139 1379 2174 111
1410 2140 1486 2174 tres
1511 2139 1718 2185 paroemia-

201 2198 262 2223 cos
288 2186 546 2232 anapaesticos
571 2185 663 2220 haec
689 2186 916 2231 describens,
949 2188 1013 2232 qui
1036 2187 1177 2226 numeri
1204 2187 1251 2223 ab
1275 2167 1385 2222 bilius
1408 2187 1512 2222 nomi
1536 2187 1720 2232 gravitate

197 2233 328 2270 alieni:
356 2234 420 2268 sed
444 2233 526 2278 ipse
552 2243 700 2277 quoque
726 2234 863 2278 erravi,
891 2246 976 2270 cum
995 2246 1183 2270 censerem
1203 2234 1295 2269 duos
1315 2244 1393 2269 esse
1412 2244 1539 2270 versus
1557 2245 1603 2270 ex
1619 2234 1719 2270 binis

196 2281 401 2327 paeonibus
428 2279 588 2325 epibatis
615 2281 854 2325 compositos:
881 2294 966 2317 nam
993 2279 1161 2327 quamvis
1185 2281 1286 2317 illius
1310 2281 1419 2316 metri
1445 2281 1606 2326 speciem
1626 2282 1718 2318 haec

196 2328 333 2364 referre
367 2327 575 2371 videantur,
608 2329 735 2363 tamen
762 2327 825 2363 isti
854 2341 1003 2374 quoque
1033 2329 1176 2364 numeri
1212 2340 1295 2364 cum
1331 2340 1354 2364 a
1387 2327 1591 2374 Terpandri
1625 2329 1718 2374 arte,

198 2377 278 2411 tum
311 2375 358 2411 ab
390 2375 461 2410 hoc
493 2375 655 2410 carmine
687 2374 897 2411 abhorrent.
948 2378 1027 2412 Hoc
1058 2376 1160 2412 nomi
1191 2375 1399 2419 exordium,
1431 2375 1531 2420 quod
1561 2377 1720 2420 quatuor

126 2453 130 2457 .
198 2422 367 2459 versibus
394 2424 564 2457 constare
590 2421 754 2466 videtur,
779 2423 917 2468 partim
942 2425 1140 2469 molossos,
1171 2423 1309 2476 partim
1342 2421 1525 2468 spondeos
1550 2422 1717 2458 exhibet:

197 2471 311 2516 pedes
337 2471 461 2505 autem
487 2469 588 2504 haud
613 2469 725 2505 dubie
751 2471 836 2505 sunt
859 2471 1018 2516 porrecti
1036 2470 1203 2507 trochaei
1221 2469 1284 2515 qui
1305 2469 1486 2524 σῃμαντοὶ
1503 2481 1717 2515 nuncupan-

198 2519 261 2553 tur
286 2517 347 2552 vel
371 2515 507 2561 integri
532 2516 593 2551 vel
620 2517 846 2561 catalectici,
873 2518 911 2552 et
935 2520 1129 2553 σπονδεῖοι
1154 2519 1284 2552 διπλοῖ
1305 2517 1382 2553 sive
1403 2517 1561 2562 μείζους,
1585 2519 1629 2552 ut
1647 2517 1716 2553 hoc
1776 2551 1778 2553 ,

198 2564 248 2600 sit
273 2564 520 2610 diagramma.

1146 2635 1203 2654 ι-ι

653 2660 1187 2691 ssszssaz-‚issszssnlx

1148 2711 1204 2729 i-.1

653 2735 1187 2766 Qatnu-12:⁴22*

653 2797 804 2829 dau-s
878 2799 1028 2828 ⁸411*

653 2860 804 2891 dnn-1
877 2872 1028 2891 *sn-..J
1101 2862 1251 2891 tssst-..s

1830 256 1864 354 ί
