<?xml version="1.0" encoding="UTF-8"?>
<!DOCTYPE html PUBLIC "-//W3C//DTD XHTML 1.0 Transitional//EN"
    "http://www.w3.org/TR/xhtml1/DTD/xhtml1-transitional.dtd">
<html xmlns="http://www.w3.org/1999/xhtml" xml:lang="en" lang="en">
 <head>
  <title>
</title>
<meta http-equiv="Content-Type" content="text/html;charset=utf-8" />
  <meta name='ocr-system' content='tesseract 3.04.00' />
  <meta name='ocr-capabilities' content='ocr_page ocr_carea ocr_par ocr_line ocrx_word'/>
</head>
<body>
  <div class='ocr_page' id='page_1' title='image "./poetaelyricigrae03berguoft_0576.png"; bbox 0 0 1864 3126; ppageno 0'>
   <div class='ocr_carea' id='block_1_1' title="bbox 701 765 1256 922">
    <p class='ocr_par' dir='ltr' id='par_1_1' title="bbox 701 765 1256 922">
     <span class='ocr_line' id='line_1_1' title="bbox 856 765 1055 809; baseline 0 -1"><span class='ocrx_word' id='word_1_1' title='bbox 856 765 1055 809; x_wconf 90' lang='lat' dir='ltr'>XXXVI.</span> 
     </span>
     <span class='ocr_line' id='line_1_2' title="bbox 701 863 1256 922; baseline 0.005 -3"><span class='ocrx_word' id='word_1_2' title='bbox 701 863 1256 922; x_wconf 57' lang='lat' dir='ltr'><strong>PRAXILLA&#39;</strong></span> 
     </span>
    </p>
   </div>
   <div class='ocr_carea' id='block_1_2' title="bbox 735 1014 1177 1060">
    <p class='ocr_par' dir='ltr' id='par_1_2' title="bbox 735 1014 1177 1060">
     <span class='ocr_line' id='line_1_3' title="bbox 735 1014 1177 1060; baseline 0 -2"><span class='ocrx_word' id='word_1_3' title='bbox 735 1014 1177 1060; x_wconf 85' lang='grc' dir='ltr'>ΔΙΘΥΡΑΜΒΟΙ.</span> 
     </span>
    </p>
   </div>
   <div class='ocr_carea' id='block_1_3' title="bbox 823 1127 1092 1254">
    <p class='ocr_par' dir='ltr' id='par_1_3' title="bbox 823 1127 1092 1254">
     <span class='ocr_line' id='line_1_4' title="bbox 823 1127 1092 1163; baseline 0.007 -3"><span class='ocrx_word' id='word_1_4' title='bbox 823 1127 1092 1163; x_wconf 79' lang='grc' dir='ltr'><strong>ΑΧΙΛΛΕΥΣ.</strong></span> 
     </span>
     <span class='ocr_line' id='line_1_5' title="bbox 945 1212 981 1254; baseline 0.056 -2"><span class='ocrx_word' id='word_1_5' title='bbox 945 1212 981 1254; x_wconf 90' lang='grc'><strong><em>1.</em></strong></span> 
     </span>
    </p>
   </div>
   <div class='ocr_carea' id='block_1_4' title="bbox 291 1288 1533 1349">
    <p class='ocr_par' dir='ltr' id='par_1_4' title="bbox 291 1288 1533 1349">
     <span class='ocr_line' id='line_1_6' title="bbox 291 1288 1533 1349; baseline 0.003 -16"><span class='ocrx_word' id='word_1_6' title='bbox 291 1288 422 1334; x_wconf 73' lang='grc' dir='ltr'><strong><em>Ἀλλοὶ</em></strong></span> <span class='ocrx_word' id='word_1_7' title='bbox 458 1288 558 1334; x_wconf 82' lang='grc' dir='ltr'><strong><em>τεὸν</em></strong></span> <span class='ocrx_word' id='word_1_8' title='bbox 591 1289 752 1335; x_wconf 80' lang='grc' dir='ltr'><strong><em>οὔποτε</em></strong></span> <span class='ocrx_word' id='word_1_9' title='bbox 782 1290 935 1348; x_wconf 79' lang='grc' dir='ltr'><strong><em>θυμὸν</em></strong></span> <span class='ocrx_word' id='word_1_10' title='bbox 968 1292 1034 1336; x_wconf 81' lang='grc' dir='ltr'><strong><em>ἐνὶ</em></strong></span> <span class='ocrx_word' id='word_1_11' title='bbox 1066 1291 1307 1349; x_wconf 77' lang='grc' dir='ltr'><em>στήθεσσιν</em></span> <span class='ocrx_word' id='word_1_12' title='bbox 1338 1295 1533 1337; x_wconf 81' lang='grc' dir='ltr'><strong><em>ἔπειθον.</em></strong></span> 
     </span>
    </p>
   </div>
   <div class='ocr_carea' id='block_1_5' title="bbox 833 1482 1081 1519">
    <p class='ocr_par' dir='ltr' id='par_1_5' title="bbox 833 1482 1081 1519">
     <span class='ocr_line' id='line_1_7' title="bbox 833 1482 1081 1519; baseline 0.012 -4"><span class='ocrx_word' id='word_1_13' title='bbox 833 1482 1081 1519; x_wconf 78' lang='grc' dir='ltr'>ΑΔΩΝΙΣ.</span> 
     </span>
    </p>
   </div>
   <div class='ocr_carea' id='block_1_6' title="bbox 291 1567 1482 1848">
    <p class='ocr_par' dir='ltr' id='par_1_6' title="bbox 291 1567 1482 1848">
     <span class='ocr_line' id='line_1_8' title="bbox 941 1567 980 1608; baseline 0 0"><span class='ocrx_word' id='word_1_14' title='bbox 941 1567 980 1608; x_wconf 82' lang='grc'><strong><em>2.</em></strong></span> 
     </span>
     <span class='ocr_line' id='line_1_9' title="bbox 291 1645 1313 1705; baseline 0.004 -16"><span class='ocrx_word' id='word_1_15' title='bbox 291 1645 546 1690; x_wconf 76' lang='grc' dir='ltr'><strong><em>Κάλλιστον</em></strong></span> <span class='ocrx_word' id='word_1_16' title='bbox 579 1645 662 1702; x_wconf 74' lang='grc' dir='ltr'><strong><em>μὲν</em></strong></span> <span class='ocrx_word' id='word_1_17' title='bbox 695 1645 779 1702; x_wconf 76' lang='grc' dir='ltr'><strong><em>ἐγὼ</em></strong></span> <span class='ocrx_word' id='word_1_18' title='bbox 812 1650 946 1690; x_wconf 82' lang='grc' dir='ltr'><strong><em>λείπω</em></strong></span> <span class='ocrx_word' id='word_1_19' title='bbox 980 1648 1094 1704; x_wconf 78' lang='grc' dir='ltr'><strong><em>φάος</em></strong></span> <span class='ocrx_word' id='word_1_20' title='bbox 1124 1646 1313 1705; x_wconf 83' lang='grc' dir='ltr'><em>ἠελίοιο,</em></span> 
     </span>
     <span class='ocr_line' id='line_1_10' title="bbox 294 1716 1482 1777; baseline 0.003 -17"><span class='ocrx_word' id='word_1_21' title='bbox 294 1716 505 1774; x_wconf 81' lang='grc' dir='ltr'><strong><em>δεύτερον</em></strong></span> <span class='ocrx_word' id='word_1_22' title='bbox 537 1716 678 1773; x_wconf 76' lang='grc' dir='ltr'><strong><em>ἄστρα</em></strong></span> <span class='ocrx_word' id='word_1_23' title='bbox 709 1716 871 1774; x_wconf 80' lang='grc' dir='ltr'><strong><em>φαεινὰ</em></strong></span> <span class='ocrx_word' id='word_1_24' title='bbox 905 1722 1135 1775; x_wconf 79' lang='grc' dir='ltr'><em>σεληναίης</em></span> <span class='ocrx_word' id='word_1_25' title='bbox 1165 1736 1212 1763; x_wconf 85' lang='grc' dir='ltr'><strong><em>τε</em></strong></span> <span class='ocrx_word' id='word_1_26' title='bbox 1243 1719 1482 1777; x_wconf 84' lang='grc' dir='ltr'><strong><em>πρόσωπον</em></strong></span> 
     </span>
     <span class='ocr_line' id='line_1_11' title="bbox 292 1786 1477 1848; baseline 0.003 -17"><span class='ocrx_word' id='word_1_27' title='bbox 292 1786 372 1844; x_wconf 74' lang='grc' dir='ltr'><strong><em>ἠδὲ</em></strong></span> <span class='ocrx_word' id='word_1_28' title='bbox 403 1788 475 1831; x_wconf 83' lang='grc' dir='ltr'><strong><em>καὶ</em></strong></span> <span class='ocrx_word' id='word_1_29' title='bbox 508 1786 700 1844; x_wconf 76' lang='grc' dir='ltr'><em>ὡραίους</em></span> <span class='ocrx_word' id='word_1_30' title='bbox 732 1788 915 1840; x_wconf 80' lang='grc' dir='ltr'><strong><em>σικύους</em></strong></span> <span class='ocrx_word' id='word_1_31' title='bbox 944 1789 1018 1832; x_wconf 86' lang='grc' dir='ltr'><strong><em>καὶ</em></strong></span> <span class='ocrx_word' id='word_1_32' title='bbox 1049 1792 1167 1846; x_wconf 85' lang='grc' dir='ltr'><strong><em>μῆλα</em></strong></span> <span class='ocrx_word' id='word_1_33' title='bbox 1197 1790 1270 1834; x_wconf 84' lang='grc' dir='ltr'><strong><em>καὶ</em></strong></span> <span class='ocrx_word' id='word_1_34' title='bbox 1303 1789 1477 1848; x_wconf 77' lang='grc' dir='ltr'><strong><em>ὄγχνας.</em></strong></span> 
     </span>
    </p>
   </div>
   <div class='ocr_carea' id='block_1_7' title="bbox 198 1975 1723 2296">
    <p class='ocr_par' dir='ltr' id='par_1_7' title="bbox 198 1975 1723 2296">
     <span class='ocr_line' id='line_1_12' title="bbox 292 1975 1720 2035; baseline 0.004 -25"><span class='ocrx_word' id='word_1_35' title='bbox 292 1975 512 2011; x_wconf 81' lang='lat' dir='ltr'>Praxilla.</span> <span class='ocrx_word' id='word_1_36' title='bbox 562 1976 620 2011; x_wconf 86' lang='lat' dir='ltr'><strong><em>Fr.</em></strong></span> <span class='ocrx_word' id='word_1_37' title='bbox 656 1981 687 2012; x_wconf 91' lang='grc'><strong><em>1.</em></strong></span> <span class='ocrx_word' id='word_1_38' title='bbox 737 1977 937 2022; x_wconf 83' lang='lat' dir='ltr'>Hephaest.</span> <span class='ocrx_word' id='word_1_39' title='bbox 969 1982 1033 2012; x_wconf 80' lang='lat'><strong><em>22:</em></strong></span> <span class='ocrx_word' id='word_1_40' title='bbox 1071 1975 1183 2021; x_wconf 77' lang='grc' dir='ltr'><strong><em>Παρὰ</em></strong></span> <span class='ocrx_word' id='word_1_41' title='bbox 1225 1979 1457 2035; x_wconf 78' lang='grc' dir='ltr'><strong><em>Πραξίλλῃ</em></strong></span> <span class='ocrx_word' id='word_1_42' title='bbox 1502 1977 1549 2015; x_wconf 81' lang='grc' dir='ltr'><strong><em>ἕν</em></strong></span> <span class='ocrx_word' id='word_1_43' title='bbox 1586 1981 1720 2016; x_wconf 75' lang='grc' dir='ltr'><em>διθυ-</em></span> 
     </span>
     <span class='ocr_line' id='line_1_13' title="bbox 200 2020 1720 2080; baseline 0.003 -22"><span class='ocrx_word' id='word_1_44' title='bbox 200 2022 401 2080; x_wconf 83' lang='grc' dir='ltr'><strong><em>ράμβοις</em></strong></span> <span class='ocrx_word' id='word_1_45' title='bbox 428 2020 476 2059; x_wconf 75' lang='grc' dir='ltr'><strong><em>ἐν</em></strong></span> <span class='ocrx_word' id='word_1_46' title='bbox 502 2020 591 2071; x_wconf 75' lang='grc' dir='ltr'><strong><em>ᾠδῇ</em></strong></span> <span class='ocrx_word' id='word_1_47' title='bbox 621 2021 978 2071; x_wconf 72' lang='grc' dir='ltr'><strong><em>ἐπιγραφομένῃ</em></strong></span> <span class='ocrx_word' id='word_1_48' title='bbox 1006 2021 1239 2070; x_wconf 75' lang='grc' dir='ltr'><strong><em>Ἀχιλλεύς·</em></strong></span> <span class='ocrx_word' id='word_1_49' title='bbox 1282 2022 1397 2061; x_wconf 80' lang='grc' dir='ltr'><strong><em>Ἀλλὰ</em></strong></span> <span class='ocrx_word' id='word_1_50' title='bbox 1423 2029 1497 2061; x_wconf 80' lang='grc' dir='ltr'><strong><em>κτλ.</em></strong></span> <span class='ocrx_word' id='word_1_51' title='bbox 1527 2025 1602 2062; x_wconf 85' lang='lat' dir='ltr'>nisi</span> <span class='ocrx_word' id='word_1_52' title='bbox 1625 2028 1720 2063; x_wconf 67' lang='lat' dir='ltr'><strong>forte</strong></span> 
     </span>
     <span class='ocr_line' id='line_1_14' title="bbox 201 2060 1721 2128; baseline 0.003 -23"><span class='ocrx_word' id='word_1_53' title='bbox 201 2068 271 2106; x_wconf 80' lang='grc' dir='ltr'><strong><em>τὸν</em></strong></span> <span class='ocrx_word' id='word_1_54' title='bbox 305 2060 551 2106; x_wconf 78' lang='lat' dir='ltr'>scribendum</span> <span class='ocrx_word' id='word_1_55' title='bbox 603 2071 742 2106; x_wconf 84' lang='lat' dir='ltr'>Eadem</span> <span class='ocrx_word' id='word_1_56' title='bbox 782 2071 865 2106; x_wconf 81' lang='lat' dir='ltr'><strong>Soh.</strong></span> <span class='ocrx_word' id='word_1_57' title='bbox 879 2072 1024 2128; x_wconf 83' lang='lat' dir='ltr'>Heph.</span> <span class='ocrx_word' id='word_1_58' title='bbox 1059 2076 1124 2108; x_wconf 89' lang='grc'><strong><em>152</em></strong></span> <span class='ocrx_word' id='word_1_59' title='bbox 1157 2071 1236 2117; x_wconf 89' lang='lat' dir='ltr'><strong>(ubi</strong></span> <span class='ocrx_word' id='word_1_60' title='bbox 1269 2071 1440 2118; x_wconf 81' lang='grc' dir='ltr'><strong><em>ἔπειθεν)</em></strong></span> <span class='ocrx_word' id='word_1_61' title='bbox 1471 2071 1593 2119; x_wconf 71' lang='lat' dir='ltr'>affert,</span> <span class='ocrx_word' id='word_1_62' title='bbox 1630 2074 1721 2110; x_wconf 74' lang='lat' dir='ltr'><strong>item</strong></span> 
     </span>
     <span class='ocr_line' id='line_1_15' title="bbox 205 2115 1723 2166; baseline 0.003 -13"><span class='ocrx_word' id='word_1_63' title='bbox 205 2118 323 2153; x_wconf 84' lang='lat' dir='ltr'>Cram.</span> <span class='ocrx_word' id='word_1_64' title='bbox 345 2119 412 2153; x_wconf 91' lang='lat' dir='ltr'><strong><em>An.</em></strong></span> <span class='ocrx_word' id='word_1_65' title='bbox 435 2118 500 2153; x_wconf 76' lang='lat' dir='ltr'><strong><em>Ox.</em></strong></span> <span class='ocrx_word' id='word_1_66' title='bbox 521 2118 571 2153; x_wconf 92' lang='lat' dir='ltr'><strong><em>IV</em></strong></span> <span class='ocrx_word' id='word_1_67' title='bbox 590 2122 672 2162; x_wconf 83' lang='lat'><strong><em>326,</em></strong></span> <span class='ocrx_word' id='word_1_68' title='bbox 692 2122 738 2154; x_wconf 86' lang='lat'><strong><em>20</em></strong></span> <span class='ocrx_word' id='word_1_69' title='bbox 761 2118 825 2154; x_wconf 88' lang='lat' dir='ltr'><strong><em>ubi</em></strong></span> <span class='ocrx_word' id='word_1_70' title='bbox 850 2115 997 2154; x_wconf 80' lang='grc' dir='ltr'><strong><em>ονποθε</em></strong></span> <span class='ocrx_word' id='word_1_71' title='bbox 1024 2121 1214 2155; x_wconf 78' lang='grc' dir='ltr'><strong><em>στείθεσιν</em></strong></span> <span class='ocrx_word' id='word_1_72' title='bbox 1233 2117 1411 2156; x_wconf 78' lang='grc' dir='ltr'><strong><em>ἔπείθεον</em></strong></span> <span class='ocrx_word' id='word_1_73' title='bbox 1428 2121 1577 2166; x_wconf 75' lang='lat' dir='ltr'>legitur,</span> <span class='ocrx_word' id='word_1_74' title='bbox 1602 2122 1723 2158; x_wconf 79' lang='lat' dir='ltr'>Draco</span> 
     </span>
     <span class='ocr_line' id='line_1_16' title="bbox 207 2165 1719 2213; baseline 0.003 -13"><span class='ocrx_word' id='word_1_75' title='bbox 207 2165 368 2201; x_wconf 66' lang='lat' dir='ltr'>Straton.</span> <span class='ocrx_word' id='word_1_76' title='bbox 398 2169 476 2200; x_wconf 84' lang='lat'><strong><em>146.</em></strong></span> <span class='ocrx_word' id='word_1_77' title='bbox 501 2166 729 2201; x_wconf 84' lang='lat' dir='ltr'>Bachmann.</span> <span class='ocrx_word' id='word_1_78' title='bbox 754 2166 821 2200; x_wconf 86' lang='lat' dir='ltr'><strong><em>An.</em></strong></span> <span class='ocrx_word' id='word_1_79' title='bbox 848 2166 882 2200; x_wconf 92' lang='grc' dir='ltr'>Π</span> <span class='ocrx_word' id='word_1_80' title='bbox 903 2170 981 2211; x_wconf 88' lang='lat'>180,</span> <span class='ocrx_word' id='word_1_81' title='bbox 1009 2170 1051 2201; x_wconf 90' lang='grc'><strong><em>17</em></strong></span> <span class='ocrx_word' id='word_1_82' title='bbox 1071 2165 1268 2211; x_wconf 77' lang='grc' dir='ltr'><strong><em>(ἔπειθεν).</em></strong></span> <span class='ocrx_word' id='word_1_83' title='bbox 1293 2167 1398 2204; x_wconf 76' lang='lat' dir='ltr'><strong>Eust.</strong></span> <span class='ocrx_word' id='word_1_84' title='bbox 1420 2171 1474 2211; x_wconf 86' lang='lat'><strong><em>12,</em></strong></span> <span class='ocrx_word' id='word_1_85' title='bbox 1493 2172 1549 2204; x_wconf 89' lang='grc'><strong><em>25.</em></strong></span> <span class='ocrx_word' id='word_1_86' title='bbox 1575 2172 1657 2213; x_wconf 88' lang='grc'><strong><em>805,</em></strong></span> <span class='ocrx_word' id='word_1_87' title='bbox 1676 2173 1719 2204; x_wconf 89' lang='grc'><strong><em>21</em></strong></span> 
     </span>
     <span class='ocr_line' id='line_1_17' title="bbox 205 2197 1722 2261; baseline 0.003 -14"><span class='ocrx_word' id='word_1_88' title='bbox 205 2214 243 2248; x_wconf 71' lang='lat' dir='ltr'><strong><em>eb</em></strong></span> <span class='ocrx_word' id='word_1_89' title='bbox 271 2217 374 2258; x_wconf 85' lang='grc'>1372,</span> <span class='ocrx_word' id='word_1_90' title='bbox 400 2217 421 2248; x_wconf 84' lang='grc'><strong>9</strong></span> <span class='ocrx_word' id='word_1_91' title='bbox 449 2213 528 2258; x_wconf 86' lang='lat' dir='ltr'>(ubi</span> <span class='ocrx_word' id='word_1_92' title='bbox 553 2209 634 2248; x_wconf 75' lang='grc' dir='ltr'><strong><em>ἀλλ’</em></strong></span> <span class='ocrx_word' id='word_1_93' title='bbox 664 2210 795 2258; x_wconf 80' lang='grc' dir='ltr'><strong><em>ἐτεόν).</em></strong></span> <span class='ocrx_word' id='word_1_94' title='bbox 821 2212 983 2249; x_wconf 86' lang='lat' dir='ltr'><strong>Gramm.</strong></span> <span class='ocrx_word' id='word_1_95' title='bbox 1009 2214 1112 2249; x_wconf 85' lang='lat' dir='ltr'><strong>Harl.</strong></span> <span class='ocrx_word' id='word_1_96' title='bbox 1138 2218 1207 2250; x_wconf 88' lang='grc'>320</span> <span class='ocrx_word' id='word_1_97' title='bbox 1232 2215 1311 2259; x_wconf 87' lang='lat' dir='ltr'>(ubi</span> <span class='ocrx_word' id='word_1_98' title='bbox 1335 2212 1445 2260; x_wconf 82' lang='grc' dir='ltr'>τεόν).</span> <span class='ocrx_word' id='word_1_99' title='bbox 1467 2197 1657 2261; x_wconf 58' lang='lat' dir='ltr'>&#39;Hartung</span> <span class='ocrx_word' id='word_1_100' title='bbox 1665 2229 1722 2252; x_wconf 81' lang='grc' dir='ltr'><strong><em>τοι</em></strong></span> 
     </span>
     <span class='ocr_line' id='line_1_18' title="bbox 198 2260 367 2296; baseline 0 -1"><span class='ocrx_word' id='word_1_101' title='bbox 198 2260 367 2296; x_wconf 77' lang='lat' dir='ltr'><strong>coniecit.</strong></span> 
     </span>
    </p>
   </div>
   <div class='ocr_carea' id='block_1_8' title="bbox 198 2351 1720 2827">
    <p class='ocr_par' dir='ltr' id='par_1_8' title="bbox 198 2351 1720 2827">
     <span class='ocr_line' id='line_1_19' title="bbox 293 2351 1719 2402; baseline 0.002 -13"><span class='ocrx_word' id='word_1_102' title='bbox 293 2354 352 2390; x_wconf 87' lang='lat' dir='ltr'><strong><em>Fr.</em></strong></span> <span class='ocrx_word' id='word_1_103' title='bbox 379 2359 412 2390; x_wconf 92' lang='grc'>2.</span> <span class='ocrx_word' id='word_1_104' title='bbox 463 2355 597 2390; x_wconf 86' lang='lat' dir='ltr'>Zenob.</span> <span class='ocrx_word' id='word_1_105' title='bbox 626 2354 677 2390; x_wconf 90' lang='lat' dir='ltr'><strong><em>IV</em></strong></span> <span class='ocrx_word' id='word_1_106' title='bbox 702 2359 764 2391; x_wconf 72' lang='lat'><strong><em>21:</em></strong></span> <span class='ocrx_word' id='word_1_107' title='bbox 793 2351 1112 2398; x_wconf 80' lang='grc' dir='ltr'><strong><em>Ἠλιθιώτερος</em></strong></span> <span class='ocrx_word' id='word_1_108' title='bbox 1144 2356 1224 2392; x_wconf 78' lang='grc' dir='ltr'><strong><em>τοῦ</em></strong></span> <span class='ocrx_word' id='word_1_109' title='bbox 1255 2357 1521 2402; x_wconf 80' lang='grc' dir='ltr'><strong><em>Πραξίλλης</em></strong></span> <span class='ocrx_word' id='word_1_110' title='bbox 1549 2353 1719 2392; x_wconf 72' lang='grc' dir='ltr'><strong><em>Ἀδώνι-</em></strong></span> 
     </span>
     <span class='ocr_line' id='line_1_20' title="bbox 198 2399 1718 2461; baseline 0.003 -25"><span class='ocrx_word' id='word_1_111' title='bbox 198 2401 542 2461; x_wconf 77' lang='grc' dir='ltr'>δος(Οο(1.ΟοὶΒΙ.</span> <span class='ocrx_word' id='word_1_112' title='bbox 569 2403 651 2438; x_wconf 85' lang='lat' dir='ltr'>add.</span> <span class='ocrx_word' id='word_1_113' title='bbox 679 2399 839 2438; x_wconf 78' lang='grc' dir='ltr'><strong><em>ἐπὶτῶν</em></strong></span> <span class='ocrx_word' id='word_1_114' title='bbox 864 2400 1076 2460; x_wconf 72' lang='grc' dir='ltr'><strong><em>ἀνοήτων).</em></strong></span> <span class='ocrx_word' id='word_1_115' title='bbox 1113 2401 1349 2461; x_wconf 79' lang='grc' dir='ltr'><em>Πράξιλλα</em></span> <span class='ocrx_word' id='word_1_116' title='bbox 1383 2405 1621 2440; x_wconf 79' lang='grc' dir='ltr'><strong><em>Σικυωνία</em></strong></span> <span class='ocrx_word' id='word_1_117' title='bbox 1645 2417 1718 2450; x_wconf 85' lang='grc' dir='ltr'><strong><em>με·</em></strong></span> 
     </span>
     <span class='ocr_line' id='line_1_21' title="bbox 198 2446 1719 2508; baseline 0.002 -25"><span class='ocrx_word' id='word_1_118' title='bbox 198 2446 388 2490; x_wconf 85' lang='grc' dir='ltr'><strong><em>λοποιὸς</em></strong></span> <span class='ocrx_word' id='word_1_119' title='bbox 414 2447 576 2494; x_wconf 80' lang='grc' dir='ltr'><strong><em>ἐγένετο,</em></strong></span> <span class='ocrx_word' id='word_1_120' title='bbox 603 2447 652 2491; x_wconf 79' lang='grc' dir='ltr'><strong><em>ὡς</em></strong></span> <span class='ocrx_word' id='word_1_121' title='bbox 677 2450 769 2495; x_wconf 82' lang='grc' dir='ltr'><strong><em>φησὶ</em></strong></span> <span class='ocrx_word' id='word_1_122' title='bbox 794 2448 997 2508; x_wconf 77' lang='grc' dir='ltr'><strong><em>Πολέμων</em></strong></span> <span class='ocrx_word' id='word_1_123' title='bbox 1027 2447 1122 2496; x_wconf 80' lang='grc' dir='ltr'><strong><em>αὕτη</em></strong></span> <span class='ocrx_word' id='word_1_124' title='bbox 1148 2447 1170 2495; x_wconf 82' lang='grc' dir='ltr'><em>ἡ</em></span> <span class='ocrx_word' id='word_1_125' title='bbox 1198 2448 1390 2507; x_wconf 77' lang='grc' dir='ltr'><strong><em>Πράξιλλα</em></strong></span> <span class='ocrx_word' id='word_1_126' title='bbox 1415 2448 1481 2486; x_wconf 82' lang='grc' dir='ltr'><strong><em>τὸν</em></strong></span> <span class='ocrx_word' id='word_1_127' title='bbox 1498 2448 1651 2487; x_wconf 75' lang='grc' dir='ltr'><strong><em>’Ἄδωνιν</em></strong></span> <span class='ocrx_word' id='word_1_128' title='bbox 1677 2449 1719 2487; x_wconf 73' lang='grc' dir='ltr'><strong><em>ἐν</em></strong></span> 
     </span>
     <span class='ocr_line' id='line_1_22' title="bbox 198 2493 1718 2555; baseline 0.002 -24"><span class='ocrx_word' id='word_1_129' title='bbox 198 2501 292 2537; x_wconf 75' lang='grc' dir='ltr'><strong><em>τοῖς</em></strong></span> <span class='ocrx_word' id='word_1_130' title='bbox 316 2495 499 2554; x_wconf 84' lang='grc' dir='ltr'><strong><em>μέλεσιν</em></strong></span> <span class='ocrx_word' id='word_1_131' title='bbox 526 2497 620 2554; x_wconf 87' lang='lat' dir='ltr'><strong>(cod</strong></span> <span class='ocrx_word' id='word_1_132' title='bbox 648 2497 758 2532; x_wconf 85' lang='lat' dir='ltr'>Coisl.</span> <span class='ocrx_word' id='word_1_133' title='bbox 787 2494 834 2532; x_wconf 79' lang='grc' dir='ltr'><strong><em>ἐν</em></strong></span> <span class='ocrx_word' id='word_1_134' title='bbox 867 2502 961 2538; x_wconf 78' lang='grc' dir='ltr'><strong><em>τοῖς</em></strong></span> <span class='ocrx_word' id='word_1_135' title='bbox 992 2493 1168 2543; x_wconf 78' lang='grc' dir='ltr'><strong><em>ὕμνοις)</em></strong></span> <span class='ocrx_word' id='word_1_136' title='bbox 1201 2495 1345 2554; x_wconf 74' lang='grc' dir='ltr'><strong><em>εἰσάγει</em></strong></span> <span class='ocrx_word' id='word_1_137' title='bbox 1377 2495 1662 2555; x_wconf 75' lang='grc' dir='ltr'><strong><em>ἐρωτώμενον</em></strong></span> <span class='ocrx_word' id='word_1_138' title='bbox 1642 2495 1718 2533; x_wconf 76' lang='grc' dir='ltr'><strong><em>υπὸ</em></strong></span> 
     </span>
     <span class='ocr_line' id='line_1_23' title="bbox 198 2541 1719 2601; baseline 0.002 -23"><span class='ocrx_word' id='word_1_139' title='bbox 198 2543 270 2578; x_wconf 83' lang='grc' dir='ltr'><strong><em>τῶν</em></strong></span> <span class='ocrx_word' id='word_1_140' title='bbox 296 2542 415 2588; x_wconf 81' lang='grc' dir='ltr'><strong><em>κάτω,</em></strong></span> <span class='ocrx_word' id='word_1_141' title='bbox 447 2545 486 2579; x_wconf 85' lang='grc' dir='ltr'><strong><em>τί</em></strong></span> <span class='ocrx_word' id='word_1_142' title='bbox 513 2541 707 2580; x_wconf 83' lang='grc' dir='ltr'><strong><em>καλλιστον</em></strong></span> <span class='ocrx_word' id='word_1_143' title='bbox 739 2542 955 2580; x_wconf 76' lang='grc' dir='ltr'><strong><em>καταλιπών</em></strong></span> <span class='ocrx_word' id='word_1_144' title='bbox 985 2546 1208 2601; x_wconf 76' lang='grc' dir='ltr'><strong><em>κρίνασθαι,</em></strong></span> <span class='ocrx_word' id='word_1_145' title='bbox 1240 2541 1347 2588; x_wconf 82' lang='grc' dir='ltr'><strong><em>ἥλιον</em></strong></span> <span class='ocrx_word' id='word_1_146' title='bbox 1379 2545 1445 2581; x_wconf 78' lang='grc' dir='ltr'><strong><em>καὶ</em></strong></span> <span class='ocrx_word' id='word_1_147' title='bbox 1469 2542 1628 2590; x_wconf 82' lang='grc' dir='ltr'><strong><em>σελήνην</em></strong></span> <span class='ocrx_word' id='word_1_148' title='bbox 1653 2545 1719 2581; x_wconf 79' lang='grc' dir='ltr'><strong><em>καὶ</em></strong></span> 
     </span>
     <span class='ocr_line' id='line_1_24' title="bbox 199 2587 1718 2648; baseline 0.001 -23"><span class='ocrx_word' id='word_1_149' title='bbox 199 2588 351 2631; x_wconf 81' lang='grc' dir='ltr'><strong><em>σικύους</em></strong></span> <span class='ocrx_word' id='word_1_150' title='bbox 376 2590 440 2626; x_wconf 79' lang='grc' dir='ltr'><strong><em>καὶ</em></strong></span> <span class='ocrx_word' id='word_1_151' title='bbox 465 2592 580 2637; x_wconf 88' lang='grc' dir='ltr'><strong><em>μῆλα·</em></strong></span> <span class='ocrx_word' id='word_1_152' title='bbox 608 2587 704 2627; x_wconf 81' lang='grc' dir='ltr'><strong><em>οθεν</em></strong></span> <span class='ocrx_word' id='word_1_153' title='bbox 730 2591 783 2632; x_wconf 84' lang='grc' dir='ltr'><strong><em>εἰς</em></strong></span> <span class='ocrx_word' id='word_1_154' title='bbox 807 2593 1013 2648; x_wconf 86' lang='grc' dir='ltr'><strong><em>παροιμίαν</em></strong></span> <span class='ocrx_word' id='word_1_155' title='bbox 1038 2589 1213 2638; x_wconf 78' lang='grc' dir='ltr'><strong><em>προήχθη</em></strong></span> <span class='ocrx_word' id='word_1_156' title='bbox 1240 2589 1260 2627; x_wconf 86' lang='grc' dir='ltr'><strong>ὁ</strong></span> <span class='ocrx_word' id='word_1_157' title='bbox 1286 2590 1406 2638; x_wconf 78' lang='grc' dir='ltr'><strong><em>λόγος.</em></strong></span> <span class='ocrx_word' id='word_1_158' title='bbox 1451 2588 1620 2628; x_wconf 65' lang='lat' dir='ltr'><strong><em>&#39;Humano</em></strong></span> <span class='ocrx_word' id='word_1_159' title='bbox 1645 2590 1718 2637; x_wconf 73' lang='grc' dir='ltr'><strong><em>’γὰρ</em></strong></span> 
     </span>
     <span class='ocr_line' id='line_1_25' title="bbox 198 2635 1720 2696; baseline 0.002 -24"><span class='ocrx_word' id='word_1_160' title='bbox 198 2635 239 2672; x_wconf 81' lang='grc' dir='ltr'><strong><em>τὸ</em></strong></span> <span class='ocrx_word' id='word_1_161' title='bbox 264 2638 313 2686; x_wconf 83' lang='grc' dir='ltr'><strong><em>τῷ</em></strong></span> <span class='ocrx_word' id='word_1_162' title='bbox 339 2635 430 2685; x_wconf 84' lang='grc' dir='ltr'><strong><em>ἡλίῳ</em></strong></span> <span class='ocrx_word' id='word_1_163' title='bbox 465 2636 722 2696; x_wconf 81' lang='grc' dir='ltr'><strong><em>παραβάλλειν</em></strong></span> <span class='ocrx_word' id='word_1_164' title='bbox 752 2635 841 2680; x_wconf 77' lang='grc' dir='ltr'><strong><em>τοὺς</em></strong></span> <span class='ocrx_word' id='word_1_165' title='bbox 871 2636 1033 2680; x_wconf 80' lang='grc' dir='ltr'><strong><em>σικύους.</em></strong></span> <span class='ocrx_word' id='word_1_166' title='bbox 1085 2639 1156 2675; x_wconf 87' lang='lat' dir='ltr'><strong><em>Sed</em></strong></span> <span class='ocrx_word' id='word_1_167' title='bbox 1189 2639 1268 2675; x_wconf 88' lang='lat' dir='ltr'>cod.</span> <span class='ocrx_word' id='word_1_168' title='bbox 1296 2639 1406 2675; x_wconf 79' lang='lat' dir='ltr'><strong>Coisl.</strong></span> <span class='ocrx_word' id='word_1_169' title='bbox 1432 2639 1595 2676; x_wconf 73' lang='lat' dir='ltr'><strong>servavit</strong></span> <span class='ocrx_word' id='word_1_170' title='bbox 1617 2639 1720 2685; x_wconf 81' lang='lat' dir='ltr'>ipsos</span> 
     </span>
     <span class='ocr_line' id='line_1_26' title="bbox 199 2683 1718 2743; baseline 0.002 -24"><span class='ocrx_word' id='word_1_171' title='bbox 199 2696 341 2720; x_wconf 72' lang='lat' dir='ltr'>versus·</span> <span class='ocrx_word' id='word_1_172' title='bbox 375 2683 590 2721; x_wconf 77' lang='grc' dir='ltr'><strong><em>καταλιπὼν</em></strong></span> <span class='ocrx_word' id='word_1_173' title='bbox 622 2683 823 2743; x_wconf 80' lang='grc' dir='ltr'><strong><em>ἐλήλυθεν,</em></strong></span> <span class='ocrx_word' id='word_1_174' title='bbox 857 2684 1004 2722; x_wconf 79' lang='grc' dir='ltr'><strong><em>ἐκεινον</em></strong></span> <span class='ocrx_word' id='word_1_175' title='bbox 1039 2684 1081 2725; x_wconf 74' lang='grc' dir='ltr'><strong><em>δὲ</em></strong></span> <span class='ocrx_word' id='word_1_176' title='bbox 1113 2686 1269 2741; x_wconf 60' lang='grc' dir='ltr'><strong><em>λε’ἳοντα</em></strong></span> <span class='ocrx_word' id='word_1_177' title='bbox 1301 2697 1433 2727; x_wconf 82' lang='grc' dir='ltr'><strong><em>ουτως·</em></strong></span> <span class='ocrx_word' id='word_1_178' title='bbox 1466 2683 1718 2722; x_wconf 77' lang='grc' dir='ltr'><strong><em>Κάλλιστον</em></strong></span> 
     </span>
     <span class='ocr_line' id='line_1_27' title="bbox 198 2728 1720 2789; baseline 0.003 -24"><span class='ocrx_word' id='word_1_179' title='bbox 198 2735 271 2766; x_wconf 81' lang='grc' dir='ltr'>κτλ.</span> <span class='ocrx_word' id='word_1_180' title='bbox 299 2728 458 2789; x_wconf 70' lang='grc' dir='ltr'><strong><em>Εὗήθης</em></strong></span> <span class='ocrx_word' id='word_1_181' title='bbox 482 2731 553 2779; x_wconf 78' lang='grc' dir='ltr'><strong><em>γάρ</em></strong></span> <span class='ocrx_word' id='word_1_182' title='bbox 578 2746 633 2774; x_wconf 86' lang='grc' dir='ltr'><strong><em>τις</em></strong></span> <span class='ocrx_word' id='word_1_183' title='bbox 657 2734 744 2774; x_wconf 76' lang='grc' dir='ltr'><strong><em>ἴσως</em></strong></span> <span class='ocrx_word' id='word_1_184' title='bbox 775 2730 795 2768; x_wconf 86' lang='grc' dir='ltr'><strong>ὁ</strong></span> <span class='ocrx_word' id='word_1_185' title='bbox 827 2733 877 2781; x_wconf 81' lang='grc' dir='ltr'><strong><em>τῷ</em></strong></span> <span class='ocrx_word' id='word_1_186' title='bbox 909 2731 999 2780; x_wconf 85' lang='grc' dir='ltr'><strong><em>ἡλίῳ</em></strong></span> <span class='ocrx_word' id='word_1_187' title='bbox 1030 2730 1094 2769; x_wconf 77' lang='grc' dir='ltr'><strong><em>καὶ</em></strong></span> <span class='ocrx_word' id='word_1_188' title='bbox 1127 2735 1171 2781; x_wconf 83' lang='grc' dir='ltr'><strong><em>τῇ</em></strong></span> <span class='ocrx_word' id='word_1_189' title='bbox 1205 2731 1340 2781; x_wconf 84' lang='grc' dir='ltr'><strong><em>σελήνῃ</em></strong></span> <span class='ocrx_word' id='word_1_190' title='bbox 1366 2730 1455 2774; x_wconf 77' lang='grc' dir='ltr'><strong><em>τοὺς</em></strong></span> <span class='ocrx_word' id='word_1_191' title='bbox 1478 2730 1630 2774; x_wconf 79' lang='grc' dir='ltr'><strong><em>σικύους</em></strong></span> <span class='ocrx_word' id='word_1_192' title='bbox 1654 2734 1720 2769; x_wconf 82' lang='grc' dir='ltr'><strong><em>καὶ</em></strong></span> 
     </span>
     <span class='ocr_line' id='line_1_28' title="bbox 199 2770 1718 2827; baseline 0.003 -15"><span class='ocrx_word' id='word_1_193' title='bbox 199 2775 244 2812; x_wconf 79' lang='grc' dir='ltr'><strong><em>τὰ</em></strong></span> <span class='ocrx_word' id='word_1_194' title='bbox 272 2782 383 2814; x_wconf 84' lang='grc' dir='ltr'><strong><em>λοιπα</em></strong></span> <span class='ocrx_word' id='word_1_195' title='bbox 411 2791 506 2816; x_wconf 84' lang='grc' dir='ltr'><strong><em>συνα</em></strong></span> <span class='ocrx_word' id='word_1_196' title='bbox 509 2781 667 2827; x_wconf 77' lang='grc' dir='ltr'><strong><em>ριθμῶν.</em></strong></span> <span class='ocrx_word' id='word_1_197' title='bbox 719 2780 772 2817; x_wconf 86' lang='lat' dir='ltr'><strong><em>Cf.</em></strong></span> <span class='ocrx_word' id='word_1_198' title='bbox 798 2770 1017 2826; x_wconf 82' lang='lat' dir='ltr'>Diogenian.</span> <span class='ocrx_word' id='word_1_199' title='bbox 1043 2781 1077 2816; x_wconf 90' lang='lat' dir='ltr'><strong>V</strong></span> <span class='ocrx_word' id='word_1_200' title='bbox 1105 2785 1158 2818; x_wconf 85' lang='lat'><strong><em>12.</em></strong></span> <span class='ocrx_word' id='word_1_201' title='bbox 1185 2781 1286 2816; x_wconf 87' lang='lat' dir='ltr'><strong>Snid.</strong></span> <span class='ocrx_word' id='word_1_202' title='bbox 1311 2794 1344 2816; x_wconf 90' lang='lat' dir='ltr'><strong><em>v.</em></strong></span> <span class='ocrx_word' id='word_1_203' title='bbox 1367 2776 1580 2824; x_wconf 74' lang='grc' dir='ltr'><strong><em>Ἠλνθιᾶζω.</em></strong></span> <span class='ocrx_word' id='word_1_204' title='bbox 1620 2781 1677 2826; x_wconf 88' lang='lat' dir='ltr'><strong><em>Ap</em></strong></span> <span class='ocrx_word' id='word_1_205' title='bbox 1680 2792 1718 2817; x_wconf 93' lang='lat' dir='ltr'><strong><em>o-</em></strong></span> 
     </span>
    </p>
   </div>
   <div class='ocr_carea' id='block_1_9' title="bbox 200 2795 1717 2917">
    <p class='ocr_par' dir='ltr' id='par_1_9' title="bbox 200 2795 1717 2917">
     <span class='ocr_line' id='line_1_29' title="bbox 200 2795 1717 2907; baseline 0.004 -49"><span class='ocrx_word' id='word_1_206' title='bbox 200 2826 326 2907; x_wconf 44' lang='lat' dir='ltr'><strong>sual.</strong></span> <span class='ocrx_word' id='word_1_207' title='bbox 309 2826 395 2861; x_wconf 93' lang='lat' dir='ltr'><strong>VIII</strong></span> <span class='ocrx_word' id='word_1_208' title='bbox 422 2830 478 2863; x_wconf 83' lang='lat'><strong><em>53.</em></strong></span> <span class='ocrx_word' id='word_1_209' title='bbox 509 2795 638 2874; x_wconf 66' lang='lat' dir='ltr'><strong><em>9Resp.</em></strong></span> <span class='ocrx_word' id='word_1_210' title='bbox 665 2827 795 2864; x_wconf 86' lang='lat' dir='ltr'><strong>Liban.</strong></span> <span class='ocrx_word' id='word_1_211' title='bbox 821 2828 938 2873; x_wconf 78' lang='lat' dir='ltr'>Epist.</span> <span class='ocrx_word' id='word_1_212' title='bbox 967 2832 1045 2865; x_wconf 90' lang='grc'>707.</span> <span class='ocrx_word' id='word_1_213' title='bbox 1072 2849 1116 2854; x_wconf 95' lang='grc'><strong>-</strong></span> <span class='ocrx_word' id='word_1_214' title='bbox 1142 2828 1186 2865; x_wconf 91' lang='lat' dir='ltr'><strong><em>V.</em></strong></span> <span class='ocrx_word' id='word_1_215' title='bbox 1213 2833 1245 2864; x_wconf 88' lang='lat'><strong><em>3.</em></strong></span> <span class='ocrx_word' id='word_1_216' title='bbox 1279 2825 1416 2874; x_wconf 77' lang='grc' dir='ltr'><strong><em>ὄγχνας</em></strong></span> <span class='ocrx_word' id='word_1_217' title='bbox 1448 2827 1717 2874; x_wconf 79' lang='lat' dir='ltr'><strong>Schneidewin,</strong></span> 
     </span>
     <span class='ocr_line' id='line_1_30' title="bbox 200 2869 449 2917; baseline 0.013 -11"><span class='ocrx_word' id='word_1_218' title='bbox 200 2882 243 2906; x_wconf 84' lang='lat' dir='ltr'><strong><em>eo</em></strong></span> <span class='ocrx_word' id='word_1_219' title='bbox 307 2869 449 2917; x_wconf 83' lang='grc' dir='ltr'><strong><em>ὄχνους.</em></strong></span> 
     </span>
    </p>
   </div>
   <div class='ocr_carea' id='block_1_10' title="bbox 1756 0 1864 550">
    <p class='ocr_par' dir='ltr' id='par_1_10' title="bbox 1756 0 1864 550">
     <span class='ocr_line' id='line_1_31' title="bbox 1756 0 1864 550; baseline 0 2576"><span class='ocrx_word' id='word_1_220' title='bbox 1756 0 1864 550; x_wconf 95' lang='lat' dir='ltr'><strong><em> </em></strong></span> 
     </span>
    </p>
   </div>
   <div class='ocr_carea' id='block_1_11' title="bbox 1819 1962 1864 3126">
    <p class='ocr_par' dir='ltr' id='par_1_11' title="bbox 1819 1962 1864 3126">
     <span class='ocr_line' id='line_1_32' title="bbox 1819 1962 1864 3126; baseline 0 0"><span class='ocrx_word' id='word_1_221' title='bbox 1819 1962 1864 3126; x_wconf 95' lang='lat' dir='ltr'><strong><em> </em></strong></span> 
     </span>
    </p>
   </div>
  </div>
 </body>
</html>
