1864 3126
142 115 230 158 294
487 151 489 155 ,
708 114 899 151 ΡΟΕΤΑΕ
924 114 1100 150 MELICI.

771 223 1036 277 164.[103]

262 310 451 360 Hesyeh.:
484 312 674 358 Γυναῖκες
705 308 912 357 εἱλίποδες·
950 305 1016 349 διὰ
1051 305 1124 361 τὴν
1161 308 1269 349 δέσιν
1304 311 1383 350 τῶν
1421 311 1566 350 σκελῶν
1595 308 1662 350 καὶ

143 370 295 425 πλοκὴν
325 370 397 425 τὴν
427 370 525 414 κατὰ
554 370 627 426 τὴν
657 374 891 414 συνουσίαν·
921 373 987 414 καὶ
1013 370 1251 428 Ἀνακρέων·
1290 373 1552 424 Πλέξαντες
1581 391 1678 428 fasq-v

144 442 267 491 ροῖσι
298 436 422 492 παρὰ
455 436 557 493 (eod.
588 434 656 492 πὲ)
688 435 881 491 μηρούς.
944 439 1203 480 Scribendum
1235 443 1349 490 puto:

427 517 646 570 Πλέξαντες
676 525 815 574 μηροῖς
845 520 933 574 πέρι
964 518 1114 575 μηρούς
1144 534 1167 559 *
1199 534 1221 559 *

775 637 1038 692 165.[104}

264 724 392 765 Schol.
424 724 555 775 Apoll.
587 725 713 764 Rhod.
746 719 808 762 III
843 726 943 763 106:
981 724 1162 778 ῥαδινῆς·
1198 727 1413 778 τρυφερῆς,
1445 721 1665 778 Ἀνακρέων

145 788 188 830 δὲ
221 788 284 830 ἐπὶ
314 786 456 842 τάχους
487 789 591 838 ἔταξε
621 786 663 829 τὸ
695 786 875 843 ραὃινόν·
900 786 1146 839 Ῥαδινοὺς
1176 787 1375 839 πώλους.

774 906 1038 960 166.[105]

263 993 521 1033 Choerobosc.
553 993 594 1031 II
627 994 730 1032 555:
771 988 1052 1050 Σημειούμεθα
1094 988 1202 1045 παρὰ
1242 995 1295 1049 τῷ
1337 995 1479 1050 ποιητῇ
1522 990 1581 1034 τό·
1619 988 1665 1033 τά

144 1074 210 1111 μοι
242 1056 497 1111 ῥερυπωμένα
527 1061 648 1097 κεῖται
678 1088 688 1098 .
708 1088 718 1098 .
738 1088 748 1097 .
778 1056 844 1097 καὶ
874 1053 916 1097 τὸ
955 1055 1277 1110 ῥεραπισμένω
1316 1055 1445 1098 νώτω
1477 1054 1582 1111 παρὰ
1613 1060 1666 1114 τῷ

138 1120 395 1176 Ἀνακρέοντι.
440 1124 498 1163 ita
529 1123 612 1163 cod.
644 1124 753 1173 Bar.,
786 1124 855 1162 sed
886 1123 976 1162 Par.
1008 1136 1069 1174 ap.
1101 1124 1225 1163 Bekk.
1258 1124 1344 1180 An.¹
1363 1124 1426 1162 III
1460 1126 1571 1164 1287
1605 1124 1665 1176 ῥε-

145 1186 362 1240 ραπισμένα
388 1184 541 1242 (μένος)
567 1190 638 1238 νῶ,
663 1189 767 1228 unde
793 1189 975 1228 coniicias
1007 1187 1325 1241 ρεραπισμένα
1355 1191 1486 1230 νῶτα.
1535 1189 1666 1230 Cram.

139 1252 221 1294 An.
247 1253 316 1293 Ox.
342 1254 400 1292 IV
426 1255 524 1304 415,
550 1255 576 1292 4
603 1251 868 1307 ῥεραπισμένω
901 1251 1042 1305 νῶτον,
1073 1254 1324 1293 Herodianus
1349 1255 1391 1293 in
1415 1254 1510 1293 Aldi
1535 1254 1667 1294 Cornu

144 1333 227 1370 cop.
271 1321 354 1359 194
394 1317 687 1372 ρ”εραπισμένων
725 1315 845 1359 ὤτων.
917 1320 1099 1370 Denique
1137 1320 1257 1359 schol.
1287 1320 1403 1359 Hom.
1436 1318 1509 1360 Od.
1539 1319 1562 1366 ζ
1591 1322 1667 1359 59:

145 1384 222 1424 ἔστι
254 1381 297 1423 δὲ
328 1382 394 1424 καὶ
418 1380 524 1437 παρὰ
550 1380 798 1436 Ἀνακρέοντι
823 1379 844 1424 ὁ
870 1382 1134 1440 ῥεραπισμένῳ
1159 1381 1285 1440 νώτῳ,
1315 1386 1411 1424 item
1439 1386 1567 1426 Cram.
1591 1385 1667 1425 An.

148 1451 217 1490 Ox.
249 1451 307 1489 IV
343 1453 440 1501 185,
473 1454 525 1491 17
560 1446 649 1505 (ubi
679 1447 966 1504 ρεραπισμένω)
999 1452 1040 1489 et
1069 1450 1146 1489 An.
1178 1450 1266 1489 Par.
1297 1451 1356 1489 IV
1389 1452 1486 1501 226,
1514 1452 1566 1490 17
1599 1450 1666 1503 ῥε-

146 1514 416 1572 ραπισμένῳ
448 1512 598 1571 νώτῳ,
630 1529 732 1567 quae
762 1529 857 1556 vera
887 1517 1046 1556 videlsur
1077 1515 1285 1567 scriptura.

777 1638 1041 1691 167.[126]

265 1725 328 1763 Ei.
353 1724 405 1762 M.
434 1726 530 1774 707,
557 1726 629 1764 50:
662 1722 742 1764 Καὶ
773 1725 1008 1772 σαλαί·ζειν
1039 1719 1095 1778 (V
1121 1736 1241 1774 supra
1266 1717 1532 1775 σαλαμβίζειν)
1558 1718 1667 1761 Ἀνα-

145 1788 271 1840 κρέων
302 1787 365 1828 ἐπὶ
389 1790 458 1829 τοῦ
483 1792 662 1841 θρηνεῖν.
712 1790 769 1829 Of.
790 1789 910 1830 Orion
934 1791 1028 1839 148,
1050 1791 1087 1841 5,
1112 1789 1182 1828 ubi
1207 1784 1395 1840 σηλᾶζειν.
1428 1788 1667 1845 Hesychius:

145 1855 354 1904 σαλαΐζειν,
386 1850 609 1894 κόπτεσθαι.

778 1971 871 2013 168.
905 1970 1039 2023 [106]

266 2053 387 2094 Olem.
419 2054 532 2095 Alex.
563 2056 736 2106 Paedag.
767 2055 829 2094 III
863 2057 964 2095 294:
1007 2051 1059 2095 Τὸ
1090 2050 1164 2107 γὰρ
1200 2050 1452 2106 ἁβροδίαιτον
1482 2056 1550 2106 τῆς
1581 2053 1668 2106 περὶ

144 2115 213 2159 τὸν
242 2119 454 2171 περίπατον
485 2116 675 2172 κινήσεως
705 2118 772 2159 καὶ
802 2115 843 2160 τὸ
882 2122 1032 2160 σαῦλα
1068 2119 1274 2172 βαίνειν,
1312 2115 1365 2166 ὥς
1402 2131 1525 2170 φησιν
1556 2115 1666 2159 Ἀνα-

145 2183 288 2236 κρέων,
329 2185 471 2236 κομιδῆ
515 2181 697 2237 ἑταιρικά.
765 2185 1037 2225 Schneidewin
1081 2185 1268 2235 opinatur
1312 2183 1556 2224 Clementem
1602 2186 1668 2224 vel

146 2250 370 2289 confudisse
396 2263 484 2289 cum
510 2251 558 2290 fr.
582 2252 662 2290 151
690 2251 755 2290 vel
785 2251 1029 2291 intellexisse
1050 2251 1263 2291 Simonidis
1289 2250 1500 2300 Amorgini
1523 2251 1571 2290 fr.
1594 2252 1666 2289 1&

146 2316 216 2354 sed
246 2318 433 2355 neutrum
463 2316 680 2367 probabile.

778 2431 1039 2485 169.[107]

268 2517 396 2557 Schol.
417 2505 548 2568 Apoll.
568 2518 693 2557 Rhod.
713 2518 774 2556 III
798 2520 897 2558 120:
929 2514 1100 2570 Μάργος
1119 2513 1264 2569 'Equis‘
1296 2513 1392 2556 κατὰ
1423 2516 1667 2574 μετωνυμίαν

147 2578 168 2621 ὁ
200 2582 431 2635 μαργαίνειν
461 2583 590 2622 ποιῶν
622 2613 631 2622 .
652 2613 661 2623 .
682 2613 690 2622 .
722 2580 789 2621 καὶ
814 2577 1037 2634 Ἀνακρέων
1070 2578 1274 2634 Τακερὸς
1306 2577 1344 2620 δ’
1367 2577 1524 2634 ”Ερως.

777 2710 1041 2763 170.[108]

267 2795 376 2834 Serv.
408 2795 521 2846 Virg.
552 2795 651 2836 Aen.
681 2796 737 2834 XI
770 2797 870 2835 550:
912 2795 1111 2844 „Uaroque
1152 2797 1259 2835 oneri
1300 2793 1419 2846 timet]
1463 2794 1668 2835 Anacreon

149 2859 355 2909 φορτίον
398 2858 568 2910 ἔρωτος
610 2859 651 2897 id
690 2862 752 2899 est
792 2872 890 2899 onus
933 2860 1115 2901 amoris.“
1189 2861 1448 2900 Scribendum
1491 2856 1666 2912 φόρτον

1689 236 1780 269 1044
