1864 3126
809 143 1044 183 ALCAEUS.
1608 143 1690 186 157

817 267 886 310 24.
921 266 1027 320 [13]
1622 271 1691 309 938

278 366 407 406 Schol.
434 366 622 418 Aeschyl.
649 365 759 416 Sept.
781 367 885 406 398:
922 359 1023 404 Οὐδ’
1052 360 1236 405 ἑλκοποιὰ
1268 365 1414 418 γίνεται
1444 360 1490 404 τὰ
1522 360 1691 417 σήματα·

153 433 274 471 ταῦτα
298 427 393 484 παρ’
419 427 618 471 Ἀλκαίου·
646 427 695 471 οὖ
720 427 916 480 τιτρώσκει
940 425 986 470 τὰ
1012 427 1182 481 ἐπίσημα
1207 425 1328 478 ὅπλα,
1355 425 1448 470 οὐδὲ
1473 424 1573 469 αὐτὰ
1591 425 1688 469 καθ’

157 492 276 537 ἑαυτὰ
309 492 481 549 δύναμιν
513 495 607 549 ἔχει,
640 496 675 536 εί
704 492 756 548 μὴ
789 493 866 548 ἄρα
897 492 918 537 ὁ
951 493 1086 547 φέρων
1117 488 1239 544 uultui,
1274 490 1345 534 ἐὰν
1375 498 1558 548 γενναῖος
1587 487 1624 550 ᾖ.

154 650 275 692 τεῖχος
300 642 430 691 ἄρειον
457 646 639 683 Homerus
666 646 760 682 dixit
784 646 826 682 Il.
854 652 887 682 Δ
914 650 994 682 407.
1023 647 1056 682 Ο
1081 649 1160 682 736.
1200 645 1280 680 Huc
1307 645 1402 680 adde
1429 645 1550 681 Schol.
1573 645 1686 692 Soph.

99 730 108 739 2
155 693 245 730 Oed.
272 694 315 730 R..
342 698 404 730 66·
440 690 618 735 Ἀλκαῖος·
642 691 793 740 Ἀνδρες
823 692 968 734 πόλεως
999 691 1137 739 πύργοι
1169 690 1313 738 ἀρήϊοι,
1350 693 1555 738 eademque
1587 693 1688 729 Suid.

153 754 187 779 v.
218 738 367 787 Ἀρήιος.
418 741 540 778 Antea
570 741 735 779 Aristide
768 754 856 778 usus
889 741 988 788 (vide
1020 741 1131 787 infra)
1169 741 1292 777 locum
1331 740 1390 776 in
1408 741 1505 776 hunc
1537 741 1687 776 modum

152 788 339 836 supplevi.
867 849 913 873 ου
937 837 1042 873 imm

532 886 686 944 τείχεων
714 878 757 921 εὖ
782 882 1056 942 δεδομάμενοι,,

437 929 519 968 ἀλλ’
545 930 684 979 ἄνδρες
706 929 836 974 πόλιος
858 929 1000 978 πύργος
1024 929 1164 979 ἄρηϊοι.

155 1015 223 1040 nec
248 1003 418 1050 poenitet
442 1015 501 1040 me
526 1004 628 1040 illius
654 1004 907 1040 coniecturae.
938 1015 1026 1039 nam
1057 1003 1154 1040 hanc
1185 1003 1262 1039 fere
1291 1003 1516 1040 sententiam
1543 1004 1691 1040 videtur

155 1053 268 1098 poeta
299 1052 577 1098 pronuntiasse,
608 1063 727 1110 neque
753 1052 832 1090 cod.
859 1051 955 1087 Med.
981 1051 1155 1088 lectionis
1181 1049 1320 1108 πόληος
1345 1053 1454 1087 tanta
1479 1052 1536 1088 est
1564 1054 1691 1088 aucto·

154 1099 261 1144 ritas,
289 1101 332 1135 ut
357 1100 657 1146 supplementum
683 1096 792 1145 (ἀλλ’
798 1102 809 1145 )
829 1096 969 1145 ἄνδρες
987 1097 1148 1140 πόλιος
1173 1096 1315 1145 πύργος
1339 1095 1488 1145 ἆρεύϊοι
1515 1099 1565 1135 sit
1589 1111 1690 1146 sper-

155 1147 328 1183 nendum.
370 1147 441 1183 Sed
469 1159 565 1193 quae
590 1158 811 1194 praegressa
837 1149 934 1192 sunt,
962 1158 1035 1182 non
1054 1147 1144 1183 licet
1163 1147 1266 1184 certo
1286 1147 1495 1192 restituere,
1523 1147 1690 1193 quando·

155 1194 307 1239 quidem
338 1194 523 1231 Aristides
558 1197 702 1241 poetae
725 1206 848 1238 sensa,
887 1206 961 1230 non
998 1195 1113 1230 verba
1146 1194 1347 1240 expressit:
1384 1205 1471 1230 nam
1506 1195 1690 1231 vocabulo

155 1241 426 1288 ὃεδομημένοι,
451 1243 551 1289 quod
576 1243 800 1279 recentiores
833 1242 1008 1278 Graeculi
1039 1242 1280 1287 frequentant
1311 1242 1370 1288 (cf.
1397 1242 1548 1279 Lobeck
1573 1243 1689 1289 Phry-

154 1289 252 1326 nich.
279 1292 376 1336 587),
409 1290 586 1327 Alcaeum
618 1303 726 1326 usum
759 1301 838 1326 esse
862 1301 937 1326 non
963 1291 1022 1326 est
1051 1289 1264 1326 verisimile.
1304 1311 1350 1316 —
1388 1290 1557 1347 Respicit
1593 1291 1691 1327 hunc

154 1337 279 1373 locum
311 1337 464 1374 Aristid.
491 1338 507 1373 I
532 1341 621 1374 821:
657 1335 710 1374 δι’
745 1333 770 1373 ἃ
803 1334 929 1374 πάντα
966 1335 1034 1383 χρὴ
1075 1337 1138 1373 καὶ
1169 1335 1211 1373 τὸ
1244 1334 1482 1386 συμβεβηκός
1512 1335 1690 1395 ἐνεγκεῖν

155 1381 205 1426 ῶς
228 1382 424 1442 πρᾳότατα
455 1385 520 1421 καὶ
552 1386 626 1421 τῶν
659 1384 847 1431 δευτέρων
880 1382 1100 1431 ἐρρωμένως
1130 1381 1362 1442 ἀντέχεσθαι
1394 1385 1459 1421 καὶ
1483 1383 1550 1422 τὸν
1575 1383 1690 1431 λόγον

155 1421 373 1490 βεβαιῶσαι,
400 1429 470 1468 ὅτι
495 1430 575 1469 οὐκ
602 1432 748 1469 οἰκίαι
773 1433 920 1474 καλῶς
946 1430 1283 1479 έστεγασμέναι
1309 1429 1417 1468 οὐδὲ
1444 1434 1572 1469 λίθοι
1596 1446 1689 1469 τει-

183 1480 242 1515 ῶν
274 1474 324 1516 εὖ
358 1479 668 1527 δεδομημέναι
699 1494 751 1516 ου
740 1477 813 1516 ’δὲ
849 1481 1080 1516 στενωποί
1107 1493 1152 1516 τε
1184 1480 1262 1515 καὶ
1293 1478 1461 1526 νεώρια
1492 1477 1515 1526 ἡ
1540 1478 1689 1526 πόλις,

154 1524 248 1562 αλλ’
275 1524 446 1573 ανδρες
471 1529 672 1574 χρῆσθαι
695 1532 791 1569 τοῖς
815 1524 890 1564 ἀεὶ
913 1528 1112 1574 παροῦσι
1139 1526 1406 1574 δυναμενοι.
1442 1528 1574 1565 Alcaei
1592 1529 1689 1565 hanc

153 1585 234 1611 esse
259 1575 482 1611 sententiam
509 1575 651 1611 iudicat
675 1575 774 1612 idem
800 1576 835 1611 11
860 1579 929 1611 273
955 1575 1079 1620 (Phot.
1106 1575 1202 1611 Bibl.
1229 1588 1265 1622 p.
1292 1579 1362 1611 430
1373 1577 1440 1636 Α)·
1474 1573 1550 1611 Τὸν
1575 1574 1689 1622 λόγον

153 1617 200 1658 ὃν
224 1619 342 1658 παλαι
374 1621 448 1679 μὲν
468 1620 618 1659 Ἀλκα
598 1636 665 1664 ιος
695 1620 716 1659 ὁ
742 1620 900 1682 ποιητὴς
930 1621 1057 1666 εἶπεν,
1088 1635 1245 1667 υστερον
1277 1621 1319 1659 δὲ
1347 1621 1386 1659 οἴ
1407 1623 1535 1659 πολλοὶ
1567 1636 1689 1669 παρα-

151 1667 333 1727 λαβόντες
357 1667 565 1730 ἐχρήσαντο
591 1667 642 1711 ὡς
666 1667 754 1729 ἄρα
780 1684 831 1707 ov
856 1671 983 1706 λίθοι
1009 1667 1121 1706 οὐδὲ
1153 1668 1263 1728 ξύλα
1289 1667 1400 1707 οὐδὲ
1427 1669 1569 1730 τέχνη
1587 1684 1688 1707 τεκ-

152 1714 301 1754 τόνων
327 1715 377 1753 αἴ
398 1715 554 1759 πόλεις
579 1716 694 1763 εἶεν,
719 1715 814 1754 αλλ’
843 1713 961 1754 ὅπου
986 1715 1084 1754 ποτ’
1106 1732 1162 1754 αν
1187 1730 1297 1754 ωσιν
1323 1715 1494 1764 ἄνδρες
1517 1716 1688 1760 αὐτοὺς

153 1762 313 1850 Ξέὅέῗῖν
320 1746 741 1872 τὶἰδὲξέζὲιζξῖἶῖξὲ
748 1765 1038 1869 “43325353-‚22
1052 1763 1210 1871 ²¹:520}ss
1218 1768 1262 1849 ²25
1272 1765 1551 1871 ιῖαιῗοίἑξῖῗε
1568 1766 1686 1850 ¹32¹.

153 1872 254 1944 25:²3.
276 1857 715 1953 {5‘22'32;⁹‘12„53'⁰3{
742 1874 822 1944 Ξιωζ
849 1859 1269 1968 2²3⁰{212”““2⁰3,?33“‡;
1278 1858 1524 1946 322⁸⁶5333
1543 1859 1688 1966 ‘2²33

153 1951 305 1992 οὐδὲ
290 1969 310 1991 ο
336 1956 422 1992 τῶν
453 1953 644 2003 ἀψύχων
675 1923 843 2002 κόσμῖος
873 1954 923 1991 αἱ
951 1922 1111 1998 πόέτέις
1143 1946 1258 2002 εἷεν,
1292 1953 1387 1992 αλλ’
1416 1954 1584 2002 ἄνδρες
1608 1954 1686 1993 αὖ·

153 2007 248 2044 τοῖς
273 2001 455 2045 εἰδότες
478 2006 654 2050 θαρρε
634 2018 686 2039 ιν.
730 2004 788 2039 Ad
813 2003 914 2039 idem
939 2004 1010 2040 hoc
1037 2015 1187 2040 carmen
1212 2004 1299 2040 fort.
1325 2004 1560 2040 referendum
1572 2005 1686 2062 quod

152 2050 244 2086 dicit
267 2051 375 2087 Plato
401 2050 448 2086 de
467 2051 556 2097 Leg.
577 2052 632 2087 Vl,
649 2055 717 2088 778
732 2052 780 2087 D:
805 2051 893 2107 περὶ
918 2050 961 2088 δὲ
987 2052 1140 2098 τειχῶν,
1167 2046 1195 2087 ὦ
1218 2050 1399 2097 Μέγιλλε,
1425 2049 1540 2098 ἔγωγ’
1567 2066 1616 2088 αν
1641 2053 1684 2099 τῇ

150 2095 310 2155 Σπάρτῃ
335 2099 596 2156 ξυμφεροίμην
620 2095 663 2135 τὸ
689 2095 901 2135 καθεύδειν
928 2096 998 2135 έᾶν
1025 2096 1066 2135 έν
1092 2100 1136 2146 τῇ
1161 2100 1209 2146 γῇ
1235 2101 1493 2157 κατακείμενα
1515 2097 1561 2135 τὰ
1581 2101 1642 2134 τει’
1662 2113 1685 2145 η

151 2144 217 2181 καὶ
242 2143 292 2192 μὴ
319 2142 586 2204 ἐπανισταναι,
611 2147 730 2182 τῶνδε
758 2147 905 2182 εἵνεκα·
931 2147 1054 2188 καλῶς
1077 2136 1148 2193 μέν
1170 2147 1236 2182 καὶ
1261 2144 1281 2182 ὁ
1301 2160 1357 2183 πο
1367 2160 1488 2192 ιητικ
1499 2145 1546 2187 ὸς
1571 2113 1684 2193 ὑπέρ

152 2189 304 2229 αὐτῶν
322 2191 476 2251 λόγος
511 2175 724 2240 ὑμνεῖται
754 2191 796 2230 τὸ
829 2194 949 2240 χαλκᾶ
987 2194 1054 2230 καὶ
1085 2195 1220 2240 σιδηρᾶ
1255 2196 1337 2231 δεῖν
1370 2193 1471 2230 εἶναι
1501 2192 1547 2230 τὰ
1581 2195 1684 2240 τείχη

152 2239 292 2285 μᾶλλον
318 2237 341 2286 ἢ
368 2238 493 2286 γήϊνα.
537 2241 621 2278 Nisi
647 2242 741 2280 forte
769 2242 952 2288 Tyrtaeus
978 2242 1135 2278 eandem
1160 2242 1384 2278 sententiam
1411 2242 1574 2278 carmine
1600 2242 1684 2277 illu-

155 2288 308 2332 stravit,
334 2299 510 2333 quorsum
535 2288 672 2325 referre
696 2289 816 2336 possis
842 2289 943 2335 quod
967 2291 1026 2326 est
1050 2301 1110 2336 ap.
1136 2290 1340 2336 Hephaest.
1366 2302 1402 2335 p.
1429 2294 1468 2325 3:

535 2361 686 2406 Τίρυνς,
712 2356 805 2396 οὐδέ
829 2373 864 2396 τι
889 2364 1010 2407 τεῖχος
1036 2357 1231 2407 ἐπήρκεσε.

154 2430 236 2488 {luc
261 2431 358 2467 adde
378 2430 575 2467 Nicolaum
595 2430 794 2478 Progymn.
816 2431 832 2466 I
850 2435 920 2468 277
939 2432 1064 2468 Walz:
1089 2429 1184 2477 πρὸς
1209 2428 1233 2467 ἃ
1255 2429 1301 2477 δὴ
1324 2432 1470 2489 βλέπων
1486 2428 1684 2473 Ἀλκαῐος

154 2475 174 2513 ὁ
193 2475 387 2535 ποιητὴς
411 2475 463 2515 οὐ
488 2475 597 2521 ξύλα
622 2478 701 2514 καὶ
725 2479 905 2522 λίθους,
925 2476 1020 2515 ἀλλ’
1042 2476 1215 2525 ἄνδρας
1236 2476 1487 2524 ἐφιλοσόφησε
1509 2476 1684 2521 πόλεως

152 2522 383 2562 σύστασιν.
431 2528 470 2562 et
495 2525 736 2562 Philotheum
767 2536 827 2571 ap.
853 2525 1067 2581 Mingarelli
1099 2526 1214 2563 Codd.
1247 2526 1342 2563 Nan.
1369 2531 1449 2562 533.
1500 2526 1574 2563 Sed
1604 2526 1683 2563 sive

154 2573 313 2609 Alcaeus
344 2573 486 2620 primns
518 2573 595 2609 sive
626 2573 702 2608 iam
733 2577 821 2609 ante
846 2574 972 2610 Lacon
1003 2573 1138 2619 aliquis
1171 2576 1285 2620 poeta
1311 2573 1579 2620 Spartanorum
1609 2574 1682 2610 vir-

151 2621 271 2656 tutem
297 2621 434 2657 eximio
461 2621 532 2656 hoc
557 2619 756 2666 praeconio
781 2620 987 2665 decoravit,
1012 2622 1164 2667 postera
1188 2624 1331 2666 aetate,
1358 2633 1440 2657 cum
1468 2622 1680 2658 fraudulen-

151 2669 274 2703 torum
306 2668 499 2704 hominum
529 2668 714 2704 industria
745 2668 929 2704 clarorum
961 2668 1125 2704 virorum
1157 2668 1368 2704 nominibus
1393 2669 1512 2705 abusa
1535 2669 1682 2705 litteras

153 2715 431 2751 commenticias
449 2715 616 2752 studiose
634 2716 872 2774 propagaret:
897 2715 968 2751 hoc
987 2715 1128 2751 dictum
1147 2716 1195 2751 ad
1214 2717 1427 2773 Lycurgum
1445 2716 1682 2762 translatum,

152 2773 186 2798 v.
214 2762 312 2798 Plut.
339 2763 427 2819 Lyc.
456 2767 518 2799 19·
545 2761 728 2808 φέρονται
754 2759 791 2797 δ’
820 2760 940 2799 αὐτοῦ
965 2765 1031 2798 καὶ
1055 2758 1109 2798 δι’
1137 2759 1340 2799 ἐπιστολῶν
1365 2759 1584 2822 ἀποκρίσεις
1607 2777 1681 2800 τοι·

153 2810 265 2845 αὗται
289 2807 383 2856 πρὸς
406 2808 494 2852 τοὺς
517 2811 776 2851 nolitote..
803 2837 812 2845 .
838 2809 903 2846 καὶ
925 2806 1039 2845 παλιν
1063 2809 1151 2867 περὶ
1175 2810 1249 2845 τῶν
1273 2810 1424 2868 τειχῶν·
1450 2808 1521 2847 οὐκ
1546 2808 1596 2847 ἂν
1621 2813 1681 2870 εἴη

153 2852 358 2902 ἀτείχιστος
381 2855 507 2903 πόλις,
533 2871 616 2899 ατις
640 2837 831 2902 ανδρείοις
855 2857 1032 2903 (corrigas
1058 2853 1282 2903 ἀνδράσιν
1308 2855 1518 2906 αρείοις),
1545 2859 1608 2895 καὶ
1633 2871 1680 2895 ου

152 2904 326 2945 πλίνθοις
352 2886 620 2950 ἔστεφανωται.
