1864 3126
192 128 280 171 622
527 123 529 127 '
754 126 945 164 POETAE
970 127 1148 164 Mamm.

793 236 1108 271 οΔΎΣΣΕΤΣ

936 320 973 362 7.

280 409 971 436 υυύύυυύύυυύύυυι

287 485 536 541 Τεταμε’νον
569 482 757 541 ὀρίγανα
789 483 863 528 διὰ
897 487 1186 542 μυελοτρεφῆ.

841 617 1062 651 HEPZAL

935 701 972 743 8.

280 804 1017 827 ,Δυυ-υυ--Δυυ-υυ-ΚΑ

280 874 475 919 Κλεινὸν
508 875 763 932 ἐλευθερίας
793 874 962 932 τεύχων
993 876 1132 932 μέγαν
1158 873 1338 920 Ἑλλάδι
1370 874 1548 932 κόσμον.

933 1008 971 1050 9.
1618 1018 1708 1050 1271

277 1096 919 1123 υΛ--Ιυ-ύύυ-ύύυ-

279 1158 474 1216 Σέβεσθ’
511 1162 623 1204 αἰδῶ
657 1159 878 1218 σύνεργον
910 1158 1067 1217 ἀρετᾶς
1099 1159 1357 1217 δοριμάχου.

896 1293 919 1318 *
934 1292 1002 1335 10.

277 1384 874 1411 υΔυ--Δυ--Δψ-Ξ

266 1443 402 1502 ’Ἁρης
431 1442 669 1501 τύραννος·
701 1443 869 1501 χρυσὸν
895 1442 1051 1495 Ἑλλὰς
1083 1442 1124 1487 δ’
1161 1442 1216 1487 οὐ
1248 1444 1461 1488 δέδοικεν.

281 1645 339 1680 Fr.
368 1650 399 1680 7.
449 1646 508 1680 Et.
535 1645 583 1680 M.
611 1649 691 1690 630,
717 1650 780 1680 41:
796 1641 847 1680 Ἢ
855 1643 1003 1701 ἐπειδή
1030 1643 1095 1691 (ως
1114 1657 1235 1703 φησιν
1256 1641 1462 1690 Ὠριγένης)
1488 1658 1642 1704 ευρηται
1667 1643 1708 1681 ἐν

185 1693 339 1739 συστολῇ
365 1691 388 1737 ἡ
416 1707 454 1737 ρι
479 1690 660 1751 συλλαβή,
693 1690 742 1733 ὡς
766 1690 868 1738 παρὰ
894 1693 944 1741 τῷ
974 1691 1152 1739 Τιμοθέῳ
1178 1693 1227 1738 τῷ
1253 1693 1473 1750 κιθαρῳδῷ·
1505 1691 1709 1739 τεταμένον

183 1741 235 1796 (M
273 1743 310 1775 et
340 1740 438 1776 Flor.
464 1741 664 1797 τεταμενα)
683 1737 751 1797 ὀρ.
778 1742 810 1776 δ.
838 1730 1072 1797 fivaomeqn'j
1106 1740 1157 1786 (Μ
1189 1729 1422 1795 μυέλτροφῆ)
1450 1736 1710 1781 ΗΟδυσσειας

184 1785 227 1822 δ.
243 1786 449 1842 σύγκειται
475 1785 512 1822 δ’
542 1782 651 1827 οὗτος
675 1784 695 1822 ὁ
723 1789 845 1832 στίχος
869 1785 944 1823 ἀπὸ
972 1788 1357 1843 προκελευσματικῶν,
1384 1785 1404 1822 ὁ
1430 1785 1472 1822 δε
1499 1790 1710 1829 τελευταῖος

183 1831 278 1874 ποὺς
302 1832 536 1875 ἄναπαιστός
563 1832 651 1879 ἐστι,
671 1835 746 1869 τῶν
767 1833 836 1870 δύο
858 1834 1026 1882 βραχέων
1047 1834 1101 1875 εἰς
1120 1837 1209 1880 μίαν
1230 1833 1379 1880 μακρὰν
1399 1835 1708 1892 συναιρεθεισῶν.

179 1879 393 1922 Ὀδυσσείας
419 1879 458 1917 δ’
486 1882 647 1939 Sylbqrg
671 1881 727 1917 ita
750 1882 1081 1938 redintegrandum
1107 1881 1261 1926 censuit,
1287 1885 1330 1917 ut
1354 1881 1532 1917 scriberet
1556 1879 1606 1923 ὦς
1630 1883 1708 1918 διο-

181 1927 340 1974 τρεφέος
367 1930 556 1986 βασιλῆος,
592 1926 807 1969 Ὀδυσσείας
839 1927 891 1969 δ’.
923 1930 987 1964 sed
1020 1929 1146 1975 potius
1177 1910 1403 1973 dith'yrambi
1436 1940 1571 1965 nomen
1602 1929 1708 1974 latet,

178 1976 310 2034 itaque
343 1976 475 2032 scripsi
503 1973 727 2019 Ὀδυσσεῖ,
760 1977 798 2011 et
823 1976 862 2011 M
887 1977 1002 2011 habet
1027 1977 1087 2020 οδ,
1119 1976 1151 2010 D
1178 1977 1265 2011 οδ.
1290 1976 1388 2012 Flor
1414 1988 1485 2013 om.
1536 1977 1708 2012 Ceterum

178 2020 376 2064 Ὀδυσσεύς
399 2023 557 2058 fortasse
582 2034 655 2058 non
680 2023 847 2059 diversus
872 2023 945 2058 fuit
976 2035 999 2058 a
1019 2022 1180 2068 Cyclope.
1219 2022 1344 2068 Ipsum
1370 2034 1517 2059 versum
1545 2023 1709 2060 servavit

183 2071 297 2106 etiam
323 2071 444 2106 Cram.
471 2070 538 2106 An.
565 2070 646 2105 Par.
672 2071 723 2106 IV
751 2075 806 2116 12,
831 2074 877 2106 25
903 2071 1103 2130 (τεταμένα
1130 2098 1137 2106 .
1214 2070 1484 2128 μοελοτρεφῆ).

275 2117 332 2153 Fr.
360 2121 391 2153 8.
441 2117 537 2154 Plnt.
564 2117 629 2153 vit
655 2099 1152 2174 Philopoem.c.11.''Aqn
1185 2099 1224 2152 δ’
1261 2114 1385 2152 αὐτῶν
1411 2116 1707 2175 εἰσεληλυθότων

181 2163 277 2201 κατὰ
303 2162 418 2210 τύχην
443 2163 625 2220 Πυλοὶδην
650 2163 716 2200 τὸν
742 2130 962 2212 κιθαρῳδὸν
988 2162 1130 2214 ᾅδοντα
1150 2162 1237 2205 τοὺς
1266 2163 1500 2210 Τιμοθέου
1527 2164 1707 2224 Πέρσας

164 2209 433 2273 ε’νοὶρξασθαν
462 2210 656 2248 Κλεινὸν
678 2215 756 2270 κτλὲ
783 2213 860 2255 (ubi
886 2212 924 2247 M
949 2202 1106 2248 κλεινῶν
1130 2210 1166 2247 τ’
1195 2209 1255 2247 ἐπ’
1284 2209 1347 2256 ἐλ.,
1371 2211 1430 2247 Vb
1455 2213 1613 2247 κλεινῶν
1639 2210 1705 2249 ἐπ’

182 2258 232 2296 ἐλ.
259 2262 297 2295 et
321 2270 388 2305 pro
413 2258 557 2305 τεύχων
590 2260 626 2295 Μ
652 2257 686 2294 τ’
714 2257 842 2305 εὐχῆς,
869 2260 928 2295 Vb
952 2260 1081 2305 τεῦχε,
1113 2259 1288 2317 Stephan.
1315 2240 1450 2318 τεύχω)
1474 2255 1553 2304 ἅμα
1585 2258 1628 2295 δὲ
1660 2261 1704 2307 τῇ

180 2307 412 2353 λαμπρότητι
436 2307 502 2352 τῆς
526 2308 655 2352 φωνῆς
680 2321 747 2342 του
772 2307 857 2352 περὶ
883 2305 950 2352 τὴν
976 2308 1126 2364 ποίησιν
1152 2303 1283 2361 ὄγκου
1293 2305 1602 2353 συμπρέψαντος,
1629 2304 1707 2343 ἐπί-

182 2357 315 2412 βλεψιν
349 2353 533 2410 γενέσθαι
563 2355 630 2390 τοῦ
668 2353 836 2399 θεάτρου
874 2351 1120 2400 πανταχόθεν
1158 2353 1212 2394 εἰς
1247 2351 1313 2388 τὸν
1352 2355 1626 2411 Φιλοποίμενα
1643 2354 1707 2390 καὶ

181 2401 314 2447 κρότον
340 2399 432 2447 μετὰ
460 2402 586 2447 χαρᾶς.
636 2401 755 2437 Affert
781 2402 894 2437 etiam
919 2402 1083 2446 Pausan
1108 2400 1191 2436 VIII
1217 2405 1280 2445 50,
1307 2405 1327 2436 3
1355 2401 1420 2436 ubi
1444 2400 1536 2438 item
1561 2414 1704 2447 τενχων

182 2450 367 2485 scribitur.

276 2497 333 2532 Fr.
360 2501 393 2553 9,'
442 2496 539 2531 Plufi.
565 2497 611 2531 de
638 2497 808 2532 audiend.
833 2497 932 2541 poet.
960 2507 990 2532 c.
1019 2500 1079 2531 11:
1110 2492 1188 2540 Ἀφ’
1217 2490 1270 2530 ὧν
1295 2495 1359 2531 καὶ
1387 2492 1620 2551 Τιμόθεος
1643 2491 1706 2553 ὁρ-

181 2544 318 2589 μηθεὶς
344 2541 388 2579 οὗ
416 2545 540 2584 κακῶς
565 2541 606 2578 ἐν
632 2557 709 2584 τοις
734 2541 935 2588 Πέρσαις
966 2556 1054 2584 τους
1077 2540 1260 2588 ’Ἕλληνας
1285 2540 1508 2598 παρεκάλει·
1533 2539 1702 2589 Σέβεσθ’

181 2594 255 2626 κτλ
307 2591 473 2647 Respicit
496 2591 595 2626 idem
622 2592 668 2626 de
694 2591 776 2626 fort.
803 2591 956 2626 Roman
979 2602 1008 2626 c.
1031 2595 1084 2626 11.
1113 2611 1156 2616 ——
1184 2589 1323 2636 Scripsi
1348 2587 1566 2635 δοριμάχου,
1591 2589 1704 2635 vulgo

182 2640 224 2673 δο
251 2652 272 2673 υ
303 2653 326 2674 α
353 2652 407 2674 ου.

229 2652 247 2683 ρ
276 2652 411 2721 μΙῖῗἊκχΙΟ
461 2681 1134 2742 Plut.vit.Agesil.c.14:716mmv
1161 2683 1202 2720 δε
1228 2685 1359 2741 θέαμα
1385 2688 1462 2724 τοῖς
1488 2684 1704 2718 κατοικοῦσι

181 2731 248 2776 τὴν
271 2730 389 2767 Ἀσίαν
407 2730 578 2778 Ἕλλησιν
603 2728 700 2777 ἦσαν
726 2746 761 2767 οι
786 2729 902 2767 πάλαι
928 2734 1056 2778 βαρεῖς
1080 2732 1144 2768 καὶ
1169 2729 1357 2777 αφόρητοι
1382 2730 1446 2766 καὶ
1466 2728 1704 2775 διαρρέοντες

181 2777 254 2814 υπὸ
289 2778 451 2816 πλούτου
487 2782 551 2815 καὶ
582 2780 726 2825 τρυφῆς
756 2776 918 2824 ὕπαρχοι
950 2779 1013 2814 καὶ
1045 2780 1259 2825 στρατηγοί,
1291 2775 1458 2818 δεδιότες
1492 2778 1556 2812 καὶ
1585 2779 1703 2821 θερα-

180 2824 361 2867 πεύοντες
385 2825 593 2871 ἄνθρωπον
621 2825 662 2862 ἐν
688 2828 838 2883 τρίβωνι
864 2824 1060 2882 περιιόντα
1084 2827 1169 2872 λιτῷ
1195 2827 1260 2861 καὶ
1284 2824 1376 2869 πρὸς
1397 2823 1443 2860 ἲν
1462 2822 1563 2881 ρῆμα
1585 2822 1704 2872 βραχυ

182 2873 244 2907 καὶ
271 2872 492 2909 Λακωνικὸν
525 2872 752 2919 ἁρμόζοντες
785 2870 943 2913 ἑαυτοὺς
974 2874 1036 2908 καὶ
1069 2874 1464 2919 μετασχηματίζοντες·
1498 2883 1589 2907 ωστε
1615 2875 1704 2907 πολ-
