1864 3126
241 112 329 155 490
540 133 542 137 ·
807 113 998 150 POETAE
1025 115 1199 151 MELICI.

242 232 354 264 μερον
392 217 652 264 κρατήσαντες.
714 219 816 256 Haec
848 222 1046 266 praeconia
1076 223 1187 268 plane
1218 223 1431 269 conspirant
1461 234 1545 259 cum
1575 224 1760 271 epigram-

240 269 352 311 mate,
378 278 422 301 ac
446 266 698 313 manifestum,
724 268 799 303 illis
825 268 894 305 hoc
919 269 1041 315 ipsum
1066 269 1294 316 poematium
1313 270 1550 307 obversatum
1569 282 1664 307 esse:
1689 271 1760 318 Cy-

240 314 342 367 priae
369 313 548 367 victoriae
574 326 754 360 nusquam
778 315 959 353 eiusmodi
983 317 1155 354 laudibus
1175 319 1361 353 ornantur.
1384 339 1426 344 —
1448 318 1527 354 Iam
1546 319 1645 364 quod
1668 317 1761 365 legi·

241 365 309 414 tur·
324 373 363 395 m
388 364 656 414 epigrammate
676 374 709 399 v.
731 367 751 398 5
779 359 975 406 ὀλέσαντες
995 393 1002 400 .
1025 393 1032 400 .
1054 394 1061 400 .
1084 364 1178 409 ἕλον,
1204 376 1294 401 cave
1318 365 1557 411 participium
1581 365 1762 412 interpre-

241 411 329 443 tens
355 408 473 444 latmo
500 410 682 445 vocabulo
701 413 912 456 postquam,
938 413 996 448 est
1020 413 1119 448 enim
1144 412 1236 448 nihil
1264 412 1367 448 aliud
1393 423 1503 458 quam
1530 410 1673 449 ὤλεσαν
1696 413 1762 449 καὶ

240 454 392 510 εἷλον*).
439 455 534 510 Sane
560 457 692 493 navale
718 458 900 502 proelium
925 461 1011 495 ante
1035 461 1204 505 pedestre
1231 460 1468 495 commissum
1493 462 1566 506 est,
1588 461 1639 496 cf.
1663 459 1761 498 Guil.

240 504 397 538 V1scher
421 503 467 538 de
488 501 640 539 C1mone
660 517 695 550 p.
711 508 757 540 24
765 516 852 551 seq.,
878 507 941 542 sed
965 508 1101 553 poetae
1119 506 1227 543 licuit
1246 506 1413 543 ordinem
1431 518 1554 543 rerum
1572 509 1761 553 gestarum

239 551 441 593 invertere,
468 562 551 586 cum
577 552 635 587 vel
663 563 785 587 rerum
811 555 1001 599 gestarum
1029 555 1226 600 scriptores
1252 556 1290 590 et
1316 555 1498 599 oratores,
1530 554 1663 600 quibus
1687 566 1762 591 non

241 600 297 633 est
310 597 441 633 eadem
458 598 567 633 venia
586 610 770 644 concessa,
791 597 948 644 ὕστερον
967 599 1151 647 πρότερον
1170 601 1388 638 admiserint
1405 602 1517 648 plane
1537 601 1585 637 ad
1603 601 1761 638 eundem

239 645 402 690 modum,
425 645 529 680 velut
548 646 784 691 Thucydides
799 648 814 682 Ι
831 652 916 684 100:
942 646 1091 695 ἐγένετο
1112 648 1154 685 δὲ
1175 646 1268 694 μετὰ
1289 649 1409 684 ταῦτα
1428 649 1493 684 καὶ
1511 645 1534 694 ἡ
1555 644 1618 685 ἐπ’
1640 645 1761 695 Εὔρυ-

239 691 392 738 μέδοντι
406 694 560 741 ποταμῷ
582 691 843 744 «ἔν-Παμφυλίᾳ
862 698 1072 743 πεζομαχία
1091 696 1155 732 καὶ
1174 697 1366 742 ναυμαχία
1381 693 1589 741 Ἀθηναίων
1603 695 1668 731 καὶ
1686 695 1762 732 τῶν

239 738 441 786 ξυμμάχων
460 739 554 785 πρὸς
576 738 750 786 Μήδους,
775 744 841 778 καὶ
867 740 1001 779 ἐνίκων
1026 744 1069 791 τῇ
1097 741 1190 791 αὐτῇ
1211 740 1332 792 ἡμέρᾳ
1351 740 1550 790 ἀμφότερα
1571 740 1762 789 Ἀθηναῖοι

239 789 412 846 Κίμωνος
436 788 502 823 τοῦ
528 786 740 824 Μιλτιάδου
768 791 1073 836 στρατηγοῦντος.
1124 793 1163 827 et
1186 791 1373 837 Lycurgus
1399 791 1497 835 (vide
1522 791 1665 837 supra):
1697 788 1760 826 ἐπ’
1811 794 1815 798 ’

240 833 500 880 Ευρυμέδοντι
525 836 590 871 καὶ
615 838 915 882 πεζομαχοῦντες
938 838 1002 874 καὶ
1028 839 1310 895 ναυμαχοῦντες
1336 835 1526 884 ἐνίκησαν,
1560 838 1637 874 sive
1662 838 1762 883 quod

238 883 379 918 usitata
402 882 476 938 i'uit
501 882 689 919 cantilena
714 882 810 919 κατὰ
836 886 908 931 γῆν
933 885 999 921 καὶ
1023 899 1120 922 κατα
1145 883 1344 922 θάλασσαν
1370 885 1430 931 (cf.
1458 885 1606 921 Diodor.
1626 884 1678 919 XI
1697 889 1760 921 61:

238 942 477 974 νενικηκοτες
510 929 579 966 δύο
610 932 805 973 καλλίστας
836 934 944 974 νίκας
975 931 1044 978 τὴν
1075 932 1144 979 μὲν
1175 930 1272 968 κατὰ
1303 933 1374 978 ’γῆν
1405 929 1474 978 τὴν
1499 931 1541 969 δὲ
1566 929 1663 968 κατὰ
1686 927 1761 968 θά-

237 979 403 1021 λασσαν),
418 978 496 1012 sive
511 978 610 1023 quod
629 979 738 1014 huius
758 980 1035 1025 epigrammatis
1055 980 1235 1016 memoria
1252 980 1298 1016 iis
1313 979 1579 1016 obversabatur
1643 1009 1650 1016 .
1677 979 1762 1015 Non

239 1025 399 1060 debebat
423 1023 539 1070 igitur
564 1025 739 1061 Schaefer
762 1027 819 1062 uti
843 1027 914 1063 hoc
939 1030 1176 1074 argumento,
1207 1029 1251 1063 ut
1280 1027 1512 1073 epigramma
1535 1027 1584 1062 ad
1636 1025 1762 1073 yprias

239 1083 384 1117 pugnas
404 1074 608 1116 revocaret,
633 1072 833 1119 praecipue
847 1085 930 1110 cum
951 1074 1005 1110 ibi
1024 1087 1180 1120 quoque,
1199 1076 1242 1111 ut
1261 1074 1336 1110 iam
1356 1074 1445 1110 olim
1466 1074 1604 1120 monui,
1628 1073 1761 1110 navale

237 1119 419 1165 proelium
439 1122 524 1155 ante
545 1120 715 1165 pedestre
736 1121 786 1156 sit
798 1122 1046 1167 commissum,
1063 1122 1102 1158 id
1119 1122 1218 1168 quod
1236 1134 1311 1158 non
1330 1123 1450 1157 solum
1468 1133 1534 1167 per
1551 1133 1590 1157 se
1609 1132 1762 1157 consen-

237 1170 389 1202 taneum
416 1168 482 1210 est,
510 1167 574 1203 sed
596 1168 710 1203 etiam
730 1168 967 1214 Thucydides
985 1169 1002 1204 I
1023 1174 1088 1205 112
1109 1172 1148 1206 et
1166 1169 1315 1205 Diodor.
1330 1169 1398 1204 XII
1412 1173 1433 1204 3
1452 1170 1637 1205 testantur
1661 1171 1761 1212 (nam

237 1215 334 1250 Plut.
359 1214 423 1249 vit.
452 1212 592 1250 Cimon.
619 1226 649 1250 c.
671 1219 715 1250 18
740 1227 814 1251 non
840 1216 931 1252 satis
956 1215 1119 1252 dilucide
1144 1228 1202 1253 res
1228 1218 1354 1262 gestas
1379 1217 1551 1261 enarrat).
1595 1214 1761 1261 Denique

238 1262 338 1307 quod
363 1260 594 1306 epigramma
626 1264 774 1298 centum
806 1274 920 1299 naves
944 1263 1165 1300 Phoenissae
1197 1265 1326 1308 captas
1358 1274 1435 1299 esse
1465 1264 1641 1306 testatur,
1673 1273 1762 1298 sane

237 1309 396 1344 eundem
422 1309 571 1345 navium
597 1311 789 1355 captarum
813 1322 1008 1346 numerum
1028 1311 1178 1347 Diodor.
1198 1311 1268 1346 XII
1287 1315 1320 1354 3,
1345 1311 1410 1346 ubi
1429 1309 1611 1356 proelium
1629 1309 1762 1346 navale

237 1357 284 1392 ad
305 1356 467 1401 Cyprum
494 1356 700 1402 descripsit,
727 1358 889 1402 exhibet,
915 1370 1045 1394 verum
1070 1358 1184 1394 etiam
1210 1359 1401 1404 Lycurgus
1427 1359 1557 1393 auctor
1582 1358 1651 1402 est,
1677 1368 1761 1393 cen-

235 1406 316 1439 tum
340 1414 455 1438 naves
480 1404 519 1439 in
544 1405 686 1449 proelio
711 1404 1003 1451 Eurymedontio
1029 1407 1157 1451 captas
1183 1405 1366 1450 esse***)‚
1394 1415 1514 1450 neque
1546 1404 1763 1440 adversatur

238 1451 403 1496 Thucyd.
430 1451 446 1485 I
474 1455 558 1487 100:
586 1451 650 1486 καὶ
677 1450 777 1488 εἷλον
802 1450 964 1498 τριήρεις
991 1454 1176 1489 Φοινίκων
1201 1452 1266 1488 καὶ
1292 1451 1521 1498 διέφθειραν
1546 1449 1614 1493 τὰς
1637 1448 1763 1493 πάσας

238 1496 277 1539 ἐς
302 1500 514 1542 διακοσίας,
540 1510 627 1534 nam
654 1502 692 1535 et
715 1512 781 1545 per
807 1512 843 1535 se
870 1502 1156 1536 consentaneum
1185 1502 1259 1543 est,
1286 1511 1369 1535 cum
1395 1499 1621 1536 Phoenissae
1645 1509 1760 1535 naves
1792 1527 1796 1530 .

236 1547 384 1581 centum
411 1548 542 1591 captae
566 1546 722 1591 fuerint,
755 1546 914 1583 Cilicum
940 1550 979 1583 et
1003 1547 1221 1593 Cypriorum
1248 1558 1361 1583 naves
1385 1558 1461 1582 non
1486 1558 1613 1583 omnes
1638 1545 1761 1582 salvas

236 1594 475 1639 integrasque
495 1593 721 1637 discessisse,
748 1605 791 1630 ac
810 1596 957 1640 praeter
977 1606 1037 1631 eas
1057 1606 1149 1640 quas
1168 1596 1347 1640 ceperunt
1365 1593 1510 1638 Graeci,
1529 1593 1666 1629 multas
1685 1604 1763 1630 esse

236 1641 423 1676 demersas
455 1641 783 1686 (quemadmodum
815 1642 929 1677 etiam
963 1642 1002 1677 in
1035 1642 1172 1688 Cypria
1202 1653 1328 1688 pugna
1353 1642 1514 1687 factum,
1548 1641 1621 1677 vid.
1653 1638 1762 1678 Diod.

236 1688 305 1723 XII
331 1692 370 1723 3:
407 1686 546 1729 πολλὰς
578 1686 647 1733 μὲν
678 1689 752 1724 τῶν
783 1690 881 1724 νεῶν
913 1688 1137 1734 κατέδυσεν,
1177 1686 1314 1725 ἑκατὸν
1349 1687 1392 1724 δὲ
1425 1685 1494 1724 σὺν
1527 1685 1656 1729 αὐτοῖς
1684 1692 1764 1729 τοῖς

236 1732 420 1780 ἀνδράσιν
440 1734 543 1779 εἷλε),
569 1735 682 1781 idque
701 1736 822 1782 ipsum
842 1738 1004 1772 testatur
1021 1737 1134 1787 Diod,
1150 1737 1201 1772 XI
1221 1741 1282 1773 66:
1309 1733 1446 1776 πολλᾶς
1465 1734 1535 1782 μὲν
1553 1736 1628 1771 τῶν
1650 1733 1758 1771 ἐναν-
1787 1742 1864 1775 117(

235 1783 323 1817 τίων
349 1783 443 1824 ναῦς
470 1781 711 1830 διέφθειραν,
746 1785 898 1825 πλείους
929 1783 971 1820 δὲ
997 1785 1071 1821 τῶν
1098 1781 1234 1820 ἑκατὸν
1260 1781 1329 1819 σὺν
1355 1780 1485 1824 αὐτοῖς
1514 1787 1590 1823 τοῖς
1621 1779 1760 1827 ἆνῷά·

236 1841 294 1865 σιν
321 1828 432 1873 εἷλον,
459 1841 554 1875 quae
580 1842 624 1866 ex
650 1831 837 1876 locuplete
863 1833 1015 1867 auctore
1042 1831 1240 1877 descripsit
1259 1832 1360 1876 (nam
1378 1830 1476 1866 infra
1494 1830 1546 1865 XI
1559 1834 1603 1866 61
1623 1832 1763 1866 temere

236 1876 327 1912 dicit
358 1879 487 1922 captas
521 1889 601 1913 esse
633 1889 745 1914 naves
781 1878 953 1922 CCCXL,
984 1880 1042 1914 tot
1073 1879 1170 1914 enim
1202 1878 1354 1914 navium
1383 1880 1473 1914 tunc
1506 1879 1587 1914 erat
1617 1877 1765 1913 Persica

236 1924 397 1970 classis);
423 1925 519 1959 haec
537 1924 654 1970 igitur
667 1925 904 1969 Thucydides
923 1925 1217 1971 comprehendit,
1236 1937 1349 1961 naves
1364 1924 1420 1960 CC
1435 1936 1644 1968 numerans,
1665 1936 1763 1970 quae

236 1983 310 2007 non
333 1973 435 2007 recte
460 1972 727 2017 interpretatus
752 1973 976 2008 Plutarchus
1002 1973 1069 2008 vit.
1089 1973 1228 2008 Cimon.
1250 1984 1278 2008 c.
1302 1976 1344 2007 12
1366 1974 1495 2017 captas
1521 1972 1614 2007 dicit
1631 1971 1700 2014 CC,
1726 1973 1764 2007 et

235 2020 430 2064 praeterea
461 2019 556 2055 alias
588 2019 774 2055 demersas
809 2031 888 2055 esse
915 2019 1128 2056 coniectura
1154 2021 1367 2065 auguratur.
1417 2019 1547 2064 Itaque
1575 2018 1764 2054 Schaeferi

236 2066 466 2112 argumentis
492 2066 663 2103 refutatis
689 2067 915 2111 tenebimus,
941 2067 1173 2114 epigramma
1197 2067 1268 2102 hoc
1288 2066 1336 2102 ad
1354 2066 1683 2111 Eurymedontiam
1703 2065 1762 2101 Ci-

236 2113 357 2150 monis
384 2114 580 2150 victoriam
606 2114 842 2150 referendum
868 2126 959 2150 esse.

261 2175 268 2180 ·
332 2161 405 2196 Sed
425 2161 616 2207 quaeritur
635 2173 708 2207 quo
734 2161 814 2198 iure
833 2162 903 2197 hoc
923 2162 1154 2208 epigramma
1173 2161 1222 2198 ad
1241 2160 1470 2198 Simonidem
1489 2161 1681 2204 referatur,
1704 2159 1764 2196 cui

236 2208 415 2254 plerique,
446 2209 511 2253 qui
541 2209 609 2245 hos
644 2220 769 2244 versus
795 2211 1005 2254 servarunt,
1043 2209 1263 2245 nominatim
1293 2208 1473 2244 tribuunt.
1535 2207 1764 2243 Simonidem

239 2255 338 2291 diem
364 2267 575 2300 supremum
596 2255 651 2292 Ol.
675 2259 729 2300 78,
753 2261 769 2291 1
796 2258 864 2292 sub
889 2257 999 2292 finem
1025 2257 1110 2292 anni
1137 2256 1251 2292 obiise
1277 2257 1434 2300 constat,
1459 2256 1524 2292 sed
1548 2254 1690 2301 proelia
1715 2254 1765 2291 ad

238 2303 553 2348 Eurymedontem
585 2303 784 2340 commissa
809 2305 869 2339 cui
893 2315 990 2340 anno
1026 2305 1102 2340 sint
1126 2303 1371 2340 adscribenda
1395 2303 1544 2340 omnino
1569 2302 1762 2339 incertum.

333 2435 369 2479 *)
397 2434 469 2470 Sed
495 2434 662 2469 conferas
688 2445 782 2478 quae
808 2444 919 2479 supra
943 2434 992 2469 ad
1017 2434 1051 2469 h.
1078 2447 1112 2470 v.
1139 2434 1300 2480 exposui.

311 2482 368 2526 **)
395 2481 592 2526 Iunghahn
611 2482 712 2517 recte
733 2493 815 2516 com
844 2481 942 2516 osuit
960 2492 1016 2525 ep.
1040 2485 1107 2517 105
1127 2481 1172 2516 de
1197 2481 1255 2517 his
1279 2482 1369 2528 ipsis
1386 2483 1496 2518 rebus
1515 2482 1564 2517 ad
1582 2481 1760 2526 Euryme-

239 2530 390 2564 dontem
421 2529 534 2574 gestis
565 2530 676 2571 πεζοί
701 2541 739 2564 τε
772 2541 821 2563 κα
872 2524 1078 2573 ὠκυπόρων
1111 2525 1173 2564 ἐπὶ
1205 2529 1317 2574 νηῶν,
1349 2530 1388 2565 et
1412 2541 1469 2575 ep.
1499 2533 1566 2565 10⁷
1591 2540 1625 2566 v,
1651 2532 1672 2564 5
1698 2529 1763 2564 ubi

238 2578 351 2621 poeta
380 2579 534 2622 propter
565 2575 713 2612 vinctae
745 2575 923 2611 orationis
954 2575 1145 2621 angustias
1178 2576 1362 2622 proelium
1395 2577 1442 2612 ad
1473 2576 1643 2622 Mycalen
1674 2577 1762 2612 ante

241 2623 483 2659 Salaminiam
509 2634 674 2669 pugnam
698 2624 889 2658 memorat.

290 2669 366 2715 ***)
392 2670 559 2705 Eundem
596 2682 789 2706 numerum
828 2670 994 2715 prodidit
1023 2670 1276 2706 Aristodemus
1315 2682 1344 2706 c.
1379 2675 1419 2706 11
1458 2670 1587 2716 paucis
1624 2681 1682 2706 res
1714 2670 1762 2706 ad

238 2718 553 2763 Eurymedontem
566 2719 690 2763 gestas
703 2717 974 2763 perstringens:
994 2717 1058 2753 καὶ
1072 2715 1337 2776 ἐναυμάχησαν
1353 2719 1496 2760 Φοίνιξι
1509 2716 1573 2752 καὶ
1586 2715 1761 2762 Πέρσαις,

239 2764 302 2798 καὶ
321 2762 471 2810 λαμπρὰ
493 2763 584 2810 ἔργα
605 2762 859 2810 ἐπεδείξαντο,
886 2761 1021 2800 ἑκατόν
1040 2777 1078 2800 τε
1100 2766 1193 2806 ναῦς
1213 2763 1360 2806 ελόντες
1378 2761 1614 2808 αὐτάνδρους
1634 2761 1759 2807 ἒπεζο-

174 2861 194 2878 ο
239 2809 428 2891 ςάέησαν,
466 2812 531 2847 καὶ
568 2810 637 2847 δύο
674 2809 836 2856 τρόπαια
869 2810 1044 2858 ἔστησαν,
1081 2810 1123 2848 τὸ
1159 2811 1228 2858 μὲν
1259 2809 1356 2848 κατὰ
1386 2812 1478 2858 γῆν,
1514 2809 1556 2847 τὸ
1589 2810 1631 2847 δὲ
1665 2810 1762 2847 κατὰ

271 2871 293 2891 α
318 2871 443 2893 αΐταν.

1842 2944 1864 3126 *kae-a..
1860 2909 1864 2918 -
1853 2874 1864 2891 .·.
