1864 3126
234 154 289 196 10
750 145 751 148 ’
789 155 980 192 ΡΟΕΤΑΕ
1005 156 1182 195 MELIOI.

579 264 642 298 III.
669 265 749 297 ΕΙΣ
775 263 1051 313 ΑΠΟΛΛΩΝΑ
1076 266 1159 300 ΚΑΙ
1183 267 1396 302 ΜΟΤΣΑΣ.
1680 272 1750 304 814

955 349 1025 391 *3.
1586 379 1596 412 7

289 429 562 485 Σπένδωμεν
592 437 687 480 ταῖς
718 428 914 486 Μνάμας

287 499 440 543 παισὶν
473 498 662 551 Μώσαις

243 627 245 629 q
287 571 358 614 καὶ
391 572 450 630 τῷ
483 569 721 629 ΙΡῙωσάρχῳ

289 643 463 693 Λατοῦς
494 643 592 684 υἱεῖ.

694 775 755 807 1v.
783 774 876 818 (ΕΙΣ
901 774 1275 820 ΔιοΣΚοΤΡοΤΣ.)
1388 817 1391 820 ⁴
1676 779 1746 812 815
1791 808 1794 810 .

953 859 1022 902 *4.

279 933 332 983 ³52
365 938 509 992 Ζανὸς
539 940 612 983 καὶ
645 939 796 997 Λήδας
825 940 1051 984 κάλλιστοι
1083 942 1286 998 σωτῆρες.

227 1104 375 1150 scripsi,
410 1106 448 1140 in
479 1106 564 1142 edit.
593 1111 614 1141 2
647 1099 752 1147 αὖτις
783 1108 822 1143 et
853 1103 1094 1156 ἑκατηβόλον.
1127 1128 1170 1133 -
1203 1106 1375 1143 Ceizerum
1409 1107 1564 1144 fortasse
1597 1119 1641 1144 ex
1673 1108 1745 1144 fine

227 1152 335 1188 huius
361 1152 461 1187 nomi
486 1153 664 1199 petitum.

741 1223 839 1261 Ἀλλὰ
866 1222 962 1269 ἄναξ
989 1224 1087 1271 μάλα
1113 1230 1229 1271 χαῖρε.

226 1294 279 1331 Cf.
308 1295 441 1332 Zenob
469 1295 501 1330 V
522 1299 583 1332 99:
609 1293 691 1331 Σὺν
717 1296 758 1332 δὲ
785 1296 872 1332 θεοὶ
898 1294 1080 1343 μάκαρες”
1105 1297 1216 1333 τοῦτο
1243 1293 1478 1341 ἐπιλέγουσιν
1505 1294 1543 1332 οἴ
1559 1294 1745 1355 ῥαψῳδοί,

226 1340 275 1382 ὡς
301 1341 364 1377 καὶ
391 1341 429 1378 οἷ
459 1345 684 1389 κιθαρῳδοί·
715 1341 797 1379 ἀλλ’
832 1341 928 1388 ἄναξ
961 1344 1060 1402 μάλα
1091 1345 1134 1391 (Β
1161 1343 1270 1401 μέγα)
1304 1348 1420 1390 χαῖρε.
1464 1344 1627 1400 Hesych.
1655 1341 1744 1381 Ἀλλ’

225 1386 338 1432 ἅναξ·
367 1386 514 1433 ἐξόδιον
539 1392 760 1438 κιθαρῳδοῦ
787 1389 828 1426 τὸ
854 1390 1086 1427 καθαπάδον
1112 1392 1176 1427 καὶ
1195 1389 1236 1427 τὸ
1262 1392 1349 1427 νῦν·
1377 1391 1567 1448 corrigunt
1590 1390 1632 1427 τὸ
1659 1405 1746 1427 κατ-

227 1435 476 1493 επαδόμενον,
510 1438 573 1473 sed
603 1428 749 1474 maslini.
782 1437 894 1474 κατὰ
930 1438 1246 1484 Τέρπανδρον,
1279 1438 1343 1474 καὶ
1374 1436 1432 1473 τό·
1465 1438 1536 1473 νῦν
1569 1437 1625 1483 (δὲ
1657 1438 1748 1475 θεοὶ

225 1482 401 1542 μάκαρες,
435 1483 642 1544 ῥἀψῳὸοῦ).
682 1485 1120 1530 cf.Eus1:.Il.239‚13.
1153 1485 1274 1522 ἰστέον
1291 1484 1367 1541 δέ,
1399 1499 1456 1520 οτι
1488 1483 1529 1521 ἐκ
1561 1485 1628 1521 τοῦ
1661 1483 1744 1522 ἀλλ’

225 1529 338 1573 ἄναξ,
365 1528 456 1587 άπερ
484 1530 654 1567 ἐνταῦθα
680 1531 781 1590 παρὰ
807 1534 857 1569 τῶ
883 1534 1015 1593 ποιητῇ
1043 1538 1180 1578 κεῖται,
1206 1530 1301 1578 ἀρχή
1327 1546 1381 1574 τις
1407 1530 1554 1576 ἐξοδίου
1580 1535 1745 1582 κιθαρῳ-

226 1579 336 1614 δικοῦ
361 1576 421 1614 τό·
448 1576 541 1615 ἀλλὰ
569 1577 649 1615 ἀλλ’
677 1577 792 1624 αναξ,
819 1569 909 1622 ὦς’
893 1585 1037 1625 ιστορεῐ
1057 1582 1181 1622 Αἴλιος
1208 1578 1415 1621 Διονύσιος.

318 1626 375 1662 Fr.
403 1630 434 1662 3
486 1627 570 1662 Keil
594 1626 702 1664 Anal.
729 1628 890 1664 Gramm.
912 1634 944 1672 6,
965 1633 1003 1664 6:
1030 1630 1239 1668 Σπονδεῖος
1265 1625 1303 1662 δ’
1331 1625 1474 1672 ἐκλήθη
1499 1628 1567 1663 τοῦ
1593 1625 1671 1674 §va
1699 1627 1744 1664 οὗ

223 1669 299 1708 ἀπὸ
338 1673 404 1708 τοῦ
442 1670 483 1708 ἐν
517 1678 599 1714 ταῖς
637 1676 818 1716 σπονδαῖς
852 1674 1134 1721 ἕπαυλουμὲνου
1172 1688 1210 1710 τε
1250 1674 1314 1710 καὶ
1351 1671 1499 1723 ἐπᾳὸομ
1503 1674 1603 1719 ἑνον,
1644 1687 1743 1711 οον·

223 1718 500 1766 Σπένδωμεν
532 1724 605 1757 κτλ.
657 1733 702 1757 ex
727 1723 805 1758 cod.
840 1722 1086 1758 Ambrosiano
1112 1723 1184 1766 (A),
1209 1722 1340 1757 eadem
1365 1688 1537 1757 Gziisford
1562 1723 1648 1768 post
1675 1723 1745 1758 He-

223 1767 367 1812 p.haest
394 1780 429 1813 p.
458 1772 524 1803 170
552 1769 608 1804 ed.
635 1773 655 1803 2
688 1781 733 1804 ex
765 1770 843 1805 cod.
871 1769 1113 1806 Saibantiano
1145 1770 1199 1815 (S)
1234 1771 1273 1804 et
1305 1735 1586 1814 Mangelsdorfp
1589 1780 1634 1805 ex
1664 1770 1745 1807 cod.

224 1813 397 1850 Chisiano
426 1814 492 1859 (C).
524 1815 734 1861 Terpandro
765 1817 857 1853 haec
889 1817 1086 1853 tribuenda
1117 1827 1196 1852 esse
1226 1816 1302 1851 iam
1333 1816 1371 1851 in
1397 1815 1455 1851 ed.
1482 1820 1502 1851 2
1534 1815 1744 1862 suspicatus

224 1874 315 1897 sum.
361 1861 414 1896 De
440 1862 619 1898 divisione
650 1875 796 1899 velsum
829 1865 969 1910 ambigi
1000 1866 1137 1923 potest,
1169 1865 1281 1899 antea
1310 1865 1385 1899 tres
1416 1874 1542 1899 versus
1573 1863 1745 1909 discripsi

222 1911 294 1945 Σπ.
321 1922 350 1943 τ.
377 1911 429 1945 Μ
456 1911 584 1945 παισίν
613 1912 618 1954 Ι
646 1913 699 1947 Μ.
725 1924 756 1947 κ.
785 1912 834 1960 τῷ
866 1914 870 1957 Ι
902 1915 954 1948 Μ.
980 1915 1022 1947 Λ.
1048 1909 1141 1956 υἷει,
1172 1921 1269 1946 nunc
1294 1912 1467 1957 quatuor:
1502 1910 1649 1947 videtur
1673 1910 1747 1948 hoc

221 1955 452 2001 prooemium
485 1968 528 1992 ex
561 1958 691 1994 orsshiis
723 1960 762 1994 et
786 1949 959 2005 spondeis
986 1958 1186 1995 maioribus
1212 1961 1397 2003 constare,
1430 1959 1472 1993 ut
1496 1958 1567 1994 hoc
1593 1958 1642 1993 sit
1665 1957 1743 1994 dia-

223 2015 406 2048 gramma:

699 2065 755 2083 ι-λ
793 2066 849 2084 k—J
888 2065 944 2084 Ι--Ι
1019 2067 1075 2084 t—1
1113 2065 1170 2084 k-i
1207 2066 1264 2084 1-1

699 2118 1075 2147 ι-ιιᾲιι-ιι-’.ι

1207 2169 1264 2187 ι..-ι

699 2193 1246 2222 ι-..ιι-’.Αι-ΞΑι-..ιι-ἷ-ιΛ

699 2255 1075 2285 ι-ιῲι-ιιζι

222 2335 383 2370 Leutsch
409 2335 542 2373 Philol.
569 2336 620 2371 XI
645 2339 713 2372 336
739 2335 934 2371 trochaeos
961 2337 1146 2371 semantos
1173 2347 1252 2371 esse
1279 2338 1412 2372 censet.
1457 2335 1589 2372 Nauck
1621 2334 1659 2372 in
1685 2335 1741 2372 di-

221 2382 359 2417 metros
386 2385 606 2429 anapaestos
630 2381 778 2428 redegit
802 2383 930 2418 delens
953 2379 1125 2423 Μούσαις
1150 2384 1187 2419 et
1212 2383 1271 2431 τῷ.
1328 2383 1432 2419 Dixit
1462 2383 1574 2419 etiam
1605 2383 1651 2418 de
1682 2383 1740 2419 his

223 2429 390 2464 versibus
422 2430 628 2467 Buchholtz
658 2430 871 2466 Tanzkunst
902 2429 966 2466 des
995 2429 1189 2476 Euripides
1221 2443 1255 2476 p.
1284 2435 1327 2466 56
1361 2432 1399 2466 et
1428 2430 1467 2466 in
1498 2429 1592 2465 Mus.
1623 2430 1740 2466 Rhen'.

223 2475 380 2512 XXVIII
408 2481 486 2521 566,
512 2478 578 2514 ubi
603 2478 817 2524 trisyllabos
842 2476 984 2513 iambos
1009 2479 1048 2512 et
1070 2478 1265 2513 trochaeos
1289 2478 1479 2524 porrectos
1504 2477 1652 2513 omnino
1676 2477 1740 2513 ad—

222 2523 422 2559 mittendos
460 2536 539 2560 esse
571 2528 694 2571 negab.
731 2545 778 2551 —
815 2523 983 2569 Denique
1015 2525 1112 2560 addo
1145 2536 1188 2560 ex
1226 2526 1297 2560 hoc
1323 2525 1419 2570 Terp
1422 2524 1560 2560 andreo
1585 2524 1734 2560 exordio

220 2571 347 2606 fiebum
385 2582 465 2607 esse
497 2583 644 2608 versum
681 2573 953 2616 hexametrum,
991 2583 1101 2616 quem
1138 2572 1275 2607 latinus
1311 2571 1576 2629 grammaticus
1607 2571 1739 2607 Audax

220 2630 255 2663 p.
285 2622 328 2653 14
353 2619 410 2654 ed
436 2619 518 2654 Keil
538 2619 586 2654 ad
612 2620 849 2656 Phemonoen
868 2619 997 2655 refert.
1024 2618 1257 2664 Σπένὸωμεν
1276 2616 1450 2659 Μούσαις
1468 2617 1601 2666 καὶτῷ
1625 2630 1738 2664 μουσ-

221 2664 322 2712 άρχῳ
356 2667 490 2714 Φοίβῳ.
527 2687 574 2692 —-
601 2667 644 2702 V.
674 2672 703 2702 1.
730 2665 962 2723 Σπένδωμεν
988 2667 1037 2711 Α,
1064 2665 1273 2711 σπένδομεν
1298 2665 1363 2702 OS.
1391 2687 1434 2691 —-
1460 2663 1626 2711 Μναμας
1644 2665 1740 2709 Keil,

182 2737 186 2743 -
221 2713 415 2768 legebatur
439 2712 613 2759 μνάμαις,
641 2714 666 2750 C
693 2711 865 2770 μνήμαις.
893 2734 935 2739 -
968 2713 1011 2749 V.
1039 2717 1070 2750 2.
1098 2714 1226 2749 παισίν
1251 2713 1300 2769 A,
1332 2724 1424 2748 πασι
1449 2713 1488 2758 C,
1518 2713 1609 2748 ποσί
1631 2712 1666 2749 S.
1694 2733 1737 2738 —

221 2757 379 2800 Μώσαις
404 2760 518 2806 scrip.
505 2762 533 2796 si
565 2764 603 2796 et
633 2774 667 2797 v.
694 2766 714 2797 3
741 2758 952 2809 Μωσοὶρχῳ,
983 2761 1180 2806 legebatur
1209 2741 1365 2806 μούσαις
1394 2761 1433 2795 ei:
1457 2757 1671 2821 povooingo3
1693 2779 1736 2786 —·

220 2806 264 2842 V.
279 2810 312 2842 4.
333 2808 479 2848 Λατοῦς
498 2810 541 2851 Α,
567 2809 711 2854 Λητοῦς
731 2809 766 2854 S,
787 2812 984 2852 utrumque
1010 2807 1048 2852 C,
1068 2807 1198 2844 malim
1223 2807 1386 2848 Λατῶς.
1413 2827 1456 2832 -
1481 2804 1567 2852 υἱεῖ,
1592 2813 1671 2842 υϊεϊ
1694 2808 1736 2844 A.

315 2855 372 2890 Fr.
403 2858 436 2891 4.
475 2855 626 2895 Dionys.
651 2855 770 2891 Halic.
797 2856 843 2891 de
863 2866 1014 2900 compos
1033 2855 1135 2891 verb.
1155 2866 1186 2891 c.
1209 2858 1268 2890 17:
1293 2851 1533 2900 παράδειγμα
1555 2835 1597 2889 δὲ
1619 2851 1738 2890 αὐτοῦ

221 2901 401 2947 (molossi)
426 2899 530 2938 τόδε·
557 2917 583 2938 ω
612 2900 752 2948 Ζηνὸς
777 2906 850 2938 κτλ.
893 2903 1106 2948 Terpandro
1130 2901 1256 2946 tribui,
1282 2901 1593 2948 quemadmodum
1619 2899 1733 2937 etiam
