1864 3126
807 155 1083 195 SIMONIDES.
1620 156 1708 199 429

174 270 445 319 conciliarem,
483 270 604 309 antea
641 269 802 319 scripsi,
845 269 1094 309 Herodotum
1131 269 1258 309 videri
1295 269 1511 319 praecipua
1547 270 1707 308 tantum
1767 303 1769 306 Α

175 334 428 387 delibavisse,
459 334 636 382 omissis,
667 346 769 385 quae
801 333 877 384 ipsi
908 334 1039 372 minus
1071 334 1213 385 gravia
1249 334 1501 374 videbantur.
1563 333 1619 372 At
1652 333 1710 372 Si-

174 400 345 441 monidis
389 413 510 452 opera
551 412 641 439 cum
673 400 737 439 usi
767 399 848 438 sint
878 398 1206 450 Amphictyones,
1243 400 1377 439 omnia
1420 399 1568 450 elogia,
1607 411 1708 449 quae

175 465 336 517 quidem
368 469 463 506 tunc
493 465 655 516 publica
679 464 920 504 auctoritate
946 465 1038 515 pilis
1063 466 1256 516 inscripta
1283 466 1389 513 sunt,
1414 465 1466 503 ab
1491 465 1565 503 hoc
1589 466 1711 515 poeta

175 531 431 581 suppeditata
455 543 542 571 esse
567 531 896 570 consentaneum:
929 531 973 568 at
998 530 1302 580 Thespiensium
1334 530 1511 580 elogium
1536 529 1712 569 Philiadi

175 595 402 647 Megarensi
434 596 682 646 attribuitur,
714 608 842 646 neque
875 594 1093 644 quidquam
1125 607 1269 635 causae
1301 595 1380 642 est,
1413 606 1484 632 cur
1515 593 1709 644 Stephani

174 661 407 701 testimonio
433 662 551 700 fidem
571 662 819 711 derogemus.
881 659 1013 711 Igitur
1037 672 1062 698 a
1086 659 1280 710 principio
1307 660 1469 709 praeter
1494 659 1708 710 Megistiae

177 730 479 767 monumentum
505 726 608 766 duae
634 728 792 765 tantum
818 725 924 776 pilae
950 724 1326 775 Peloponnesiorum
1354 728 1395 763 et
1420 724 1708 774 Spartanorum

178 791 394 830 memoriae
426 792 590 830 fuerunt
620 792 886 831 consecratae.
936 789 1250 841 Amphictyones
1270 790 1397 840 igitur
1422 789 1710 839 Spartanorum

175 854 471 905 importunitati
501 869 547 896 ac
585 856 797 907 superbiae
834 855 1015 895 obsecuti
1054 855 1336 905 Thespienses,
1375 867 1543 905 quorum
1581 854 1711 894 virtus

175 918 384 970 Spartanis
428 922 727 972 aequiparanda
770 921 863 970 fuit,
904 933 976 960 suo
1017 922 1168 961 honore
1204 920 1510 959 fraudaverunt:
1551 919 1600 958 de
1637 919 1712 958 hac

174 984 322 1024 iniuria
363 987 506 1026 merito
550 987 755 1037 conquesti
800 986 1065 1036 Thespienses
1107 987 1249 1035 postea
1291 985 1627 1034 impetraverunt,
1666 987 1713 1023 ut

174 1049 251 1089 sibi
280 1050 421 1090 liceret
450 1051 705 1091 columellam
736 1051 777 1089 in
808 1051 1007 1099 communi
1038 1051 1221 1101 sepulcro
1254 1050 1438 1097 excitare,
1465 1062 1594 1100 neque
1626 1050 1707 1089 iam

174 1118 363 1165 poterant
393 1116 709 1167 Amphictyones
748 1115 1014 1156 Locrensibus
1046 1118 1117 1154 aut
1147 1115 1420 1155 Phocensibus
1459 1128 1550 1154 eum
1588 1116 1709 1154 hono-

174 1191 260 1222 rem
291 1180 480 1220 invidere.
489 1177 532 1234 ²¹⁸)
594 1181 658 1220 Ita
688 1181 793 1221 iuste
823 1181 1052 1232 petentibus
1084 1180 1184 1219 satis
1224 1180 1386 1230 factum,
1422 1192 1502 1219 non
1540 1180 1711 1219 vanitati

176 1246 249 1284 aut
277 1246 534 1297 arrogantiae
572 1246 815 1286 Graecarum
852 1245 1034 1298 gentium
1071 1245 1402 1296 obtemperatum.
1465 1243 1544 1283 Sed
1584 1243 1706 1283 Hero-

177 1310 296 1350 dotus
328 1311 426 1351 haec
456 1313 732 1352 additamenta
761 1324 840 1351 non
871 1311 1037 1350 curavit.

291 1376 353 1415 De
384 1377 578 1426 sepulcris
610 1377 661 1415 ad
693 1376 878 1424 Plataeas
917 1376 1015 1415 haec
1053 1375 1193 1415 scribit
1230 1375 1451 1414 Pausanias
1490 1375 1547 1414 IX
1586 1376 1632 1426 2,
1664 1375 1709 1414 5:

173 1436 270 1480 κατὰ
310 1438 352 1481 δὲ
389 1436 461 1492 τὴν
497 1439 639 1481 ἔσοδον
678 1437 839 1491 μάλιστα
881 1435 954 1491 τὴν
997 1439 1036 1488 ἐς
1079 1435 1285 1479 Πλάταιαν
1328 1436 1447 1490 τάφοι
1488 1441 1568 1478 τῶν
1610 1434 1711 1490 πρὸς

173 1501 351 1557 Μήδους
392 1503 670 1558 μαχεσαμένων
713 1505 803 1545 εἰσί·
847 1508 927 1553 τοῖς
969 1503 1040 1558 μὲν
1083 1497 1158 1546 οὖν
1208 1507 1359 1552 λοιποῖς
1409 1503 1511 1544 ἐστὶν
1549 1501 1713 1556 ’Ἕλλησι

173 1573 309 1622 μνῆμα
338 1567 494 1611 κοινόν·
528 1570 860 1622 Λακεδαιμονίων
886 1568 928 1610 δὲ
954 1569 1021 1610 καὶ
1048 1564 1278 1622 Ἀθηναίων
1302 1572 1383 1618 τοῖς
1407 1571 1594 1610 πεσοῦσιν
1624 1569 1708 1624 ἰδίᾳ

172 1634 211 1675 τέ
241 1635 340 1675 εἰσιν
371 1636 412 1676 οἷ
438 1632 558 1687 τάφοι
588 1634 653 1675 καὶ
685 1631 831 1687 ἐλεγεῖά
870 1634 949 1675 ἐστι
978 1635 1207 1687 Σιμωνίδου
1245 1633 1491 1687 γεγραμμένα
1529 1630 1589 1674 ἐπ’
1631 1630 1704 1674 αὐ-

171 1704 269 1750 τοῖς·
295 1696 344 1741 οὗ
362 1696 495 1753 πόρρω
516 1698 560 1740 δὲ
579 1694 660 1740 ἀπὸ
685 1703 755 1741 τοῦ
780 1703 919 1741 κοινοῦ
946 1702 1025 1740 τῶν
1045 1695 1249 1751 Ἑλλήνων
1267 1695 1365 1747 Διός
1391 1696 1496 1739 ἐστιν
1517 1695 1701 1740 Ἐλευθε-

174 1767 262 1820 ρίου
281 1763 431 1819 βωμός·
457 1768 569 1806 τοῦτο
578 1762 646 1820 **)
666 1763 738 1818 μὲν
757 1762 806 1818 δὴ
826 1768 985 1819 χαλκοῦ,
1005 1768 1074 1806 τοῦ
1095 1761 1192 1813 Διὸς
1211 1762 1254 1804 δὲ
1272 1761 1341 1805 τόν
1360 1779 1397 1804 τε
1416 1761 1554 1816 βωμὸν
1573 1763 1639 1804 καὶ
1657 1761 1700 1804 τὸ

173 1828 326 1885 ἄγαλμα
340 1830 530 1884 ἐποίησαν
549 1833 691 1871 λευκοῦ
711 1832 839 1872 λίθου.
871 1832 980 1878 Quae
993 1831 1201 1882 periegeta
1216 1830 1446 1870 summatim
1460 1830 1707 1881 perstrinxit,

176 1898 403 1937 Herodotus
434 1897 491 1936 IX
523 1899 578 1937 85
610 1898 794 1948 pluribus
826 1898 1004 1948 exponit:
1045 1895 1086 1936 οἱ
1121 1893 1164 1935 δὲ
1188 1891 1398 1946 Ἕλληνες,
1436 1890 1489 1942 ὦς
1527 1893 1570 1934 ἐν
1602 1897 1708 1934 Πλα-

172 1965 302 2018 ταιῇσι
338 1957 410 2014 τὴν
446 1963 562 2014 ληίην
600 1962 806 2012 διείλοντο,
843 1960 1020 2003 ἔθαπτον
1055 1958 1147 2009 τοὺς
1184 1959 1342 2000 ἑωυτῶν
1384 1958 1502 2012 χωρὶς
1545 1958 1710 2000 ἕκαστοι.

175 2027 509 2068 Lacedaemonios
539 2028 620 2067 tria
649 2028 791 2068 fecisse
831 2027 1013 2078 sepulcra
1052 2021 1200 2079 (τριξὰς
1235 2021 1367 2076 θήκας
1398 2026 1436 2063 h.
1470 2038 1502 2064 e.
1535 2024 1709 2077 εἰρένων,

175 2093 419 2143 reliquorum
440 2093 745 2144 Spartiatarum,
768 2088 1040 2147 Helotarum):
1056 2095 1146 2132 tum
1165 2092 1301 2142 pergit
1323 2092 1506 2143 Τεγεῆται
1526 2088 1569 2129 δὲ
1595 2088 1712 2142 χωρὶς

174 2154 323 2206 πάντας
353 2153 487 2207 ἁλέας·
523 2156 591 2198 καὶ
622 2154 832 2209 Ἀθηναῖοι
862 2153 954 2205 τοὺς
984 2155 1143 2197 ἑωυτῶν
1175 2151 1294 2208 ὁμοῦ,
1331 2154 1397 2195 καὶ
1429 2153 1632 2207 Μεγαρέες
1670 2169 1709 2194 τε

176 2222 243 2262 καὶ
287 2219 468 2264 Φλιάσιοι
504 2219 596 2271 τοὺς
638 2217 717 2263 ὑπὸ
761 2225 829 2274 τῆς
872 2222 997 2263 ἵππου
1041 2219 1352 2274 διαφθαρέντας·
1394 2217 1542 2260 τούτων
1581 2217 1711 2270 μέντοι

176 2284 338 2327 πάντων
373 2286 536 2340 πληρὲες
574 2286 754 2342 ἐγένοντο
794 2288 836 2328 οἵ
871 2283 1001 2339 τάφοι.
1064 2287 1175 2334 Quae
1215 2285 1443 2325 Herodotus
1488 2285 1535 2323 de
1577 2284 1708 2323 tribus

178 2353 581 2392 Lacedaemoniorum
629 2354 796 2393 tumulis
845 2353 971 2392 tradit
1019 2352 1327 2401 haudquaquam
1379 2351 1562 2400 pugnant
1619 2362 1709 2388 cum

274 2532 310 2577 *)
335 2531 539 2567 Locrorum
564 2531 604 2567 et
621 2530 870 2567 Phocensium
889 2532 1001 2568 antea
1020 2530 1161 2567 nullam
1182 2529 1358 2566 habuisse
1378 2528 1562 2566 rationem
1582 2529 1711 2566 viden-

178 2581 252 2623 tur,
278 2578 455 2625 quoniam
481 2578 648 2624 proximo
673 2589 770 2614 anno
790 2579 984 2615 Persarum
1009 2579 1119 2624 signa
1144 2579 1262 2614 secuti
1287 2579 1376 2613 sunt
1394 2577 1545 2622 (Herod.
1566 2577 1617 2612 IX
1636 2580 1710 2624 31),

178 2629 220 2662 at
244 2626 533 2672 Thespiensibus
559 2625 738 2672 insignita
763 2625 900 2662 iniuria
924 2626 1036 2663 facta.
1740 2657 1748 2665 .

274 2674 331 2720 **)
356 2674 466 2710 τοῦτο
492 2672 642 2719 scripsi,
667 2673 767 2719 quod
795 2673 843 2708 ad
868 2675 1148 2709 monumentum
1169 2673 1326 2718 (μνῆμα)
1351 2672 1597 2717 referendum,
1623 2671 1710 2708 libri

180 2721 329 2765 τοῦτον,
361 2731 557 2766 perperam
584 2719 777 2766 corrigunt
808 2717 964 2761 τούτους
991 2720 1015 2755 i.
1043 2731 1074 2757 e.
1099 2717 1258 2764 τάφους,
1290 2722 1330 2755 at
1358 2719 1521 2754 tumulos
1546 2719 1708 2756 aheneos

179 2768 260 2826 quis
292 2766 670 2826 unquam'excitatos
702 2778 782 2802 esse
808 2767 988 2803 audivit?
1028 2767 1145 2803 Paulo
1178 2770 1266 2802 ante
1298 2763 1318 2802 ὁ
1357 2765 1399 2802 δὲ
1434 2763 1633 2812 Κιθαιρών
1665 2764 1707 2802 τὸ

181 2828 269 2860 ορος
294 2819 387 2856 Διος
411 2812 516 2860 ἱερὸν
542 2815 804 2860 Κιθαιρωνίου
832 2811 931 2850 ἐστὶν
957 2814 1015 2850 vel
1042 2814 1245 2860 scripturae
1266 2813 1427 2849 varietas
1448 2815 1709 2858 Κιθαιρωνίας

179 2862 323 2908 aliquid
349 2862 597 2909 interceptum
619 2873 698 2898 esse
717 2861 853 2907 arguit,
867 2861 1101 2898 scribendum
1116 2858 1208 2902 Διὸς
1227 2858 1329 2905 ἴερὸν
1351 2862 1611 2906 Κιθαιρωνίου
1630 2862 1708 2896 καὶ

171 2904 315 2956 ’Ἠρας
341 2910 614 2955 Κιθαιρωνιάς,
642 2909 687 2945 cf.
715 2909 811 2945 Plut.
838 2908 988 2944 Aristid.
1009 2920 1040 2944 c.
1066 2913 1105 2944 11
1133 2910 1172 2944 et
1195 2908 1321 2953 Eurip.
1347 2908 1485 2944 Phoen.
1511 2912 1567 2944 24.
