1864 3126
780 158 1057 196 SIMONIDES.
1595 156 1684 199 409

246 270 429 328 Σχέτλιε
459 278 554 324 παῖ,
586 267 824 326 δολόμητις
852 265 1092 326 Ἀφροδίτα
1595 276 1684 309 1134

243 339 325 387 τὸν
345 339 470 400 ’Ἄρει
499 338 796 401 κακομαχάνῳ
826 339 966 384 τέκεν.

810 460 880 503 44.
914 461 1019 514 [73]

244 724 253 733 .
285 722 295 732 .
315 686 465 732 ’Ένθα
496 691 776 746 χερνίβεσσιν
808 684 992 744 ἄρύεται

246 761 429 804 Μοισᾶν
460 758 742 816 καλλικόμων
773 755 1024 816 ὑπένερθεν
1055 754 1200 813 ἁγνὸν
1231 754 1368 814 ὕδωρ.

807 880 878 924 45.
911 879 1017 933 [Ί4.]

242 975 934 998 Δυυ..υυ-...ευ.,υυ.-υ

138 1211 285 1260 Ἔρωτα
304 1216 534 1259 γενεαλογεῖ,
553 1210 704 1259 Σαπφώ
725 1211 767 1249 δὲ
791 1213 868 1259 Γῆς
887 1213 952 1249 καὶ
973 1209 1165 1257 Οὐρανοῦ,
1185 1213 1447 1259 Σιμωνίδης
1467 1209 1509 1247 δὲ
1528 1207 1681 1255 Ἀφρο-

147 1263 275 1307 δίτης
310 1260 392 1297 καὶ·
407 1259 569 1306 Ἄρεος·
608 1260 797 1307 Σχέτλιε
836 1264 912 1298 κτλ.
975 1261 1030 1296 cf.
1069 1262 1222 1307 Argum.
1262 1260 1450 1296 Theocrit.
1491 1259 1542 1294 Id.
1582 1257 1681 1294 XIII.

146 1309 285 1346 Eudoc.
314 1313 393 1345 158.
433 1308 539 1352 Quod
566 1308 666 1345 Serv.
696 1309 798 1355 Virg.
824 1309 916 1346 Aen.
943 1310 958 1344 I
985 1313 1055 1345 664
1080 1309 1285 1354 (Mythogr.
1313 1308 1398 1344 Vah.
1423 1307 1457 1342 II
1483 1309 1542 1351 35)
1572 1305 1681 1341 dicii:

145 1358 237 1402 „aut
254 1356 458 1393 secundum
484 1356 726 1402 Simonidem,
751 1355 816 1402 qui
841 1356 935 1393 dicit
954 1355 1176 1402 Cupidinem
1202 1366 1247 1391 ex
1268 1355 1413 1392 Venere
1433 1356 1580 1391 tantum
1600 1364 1679 1389 esse

84 1436 86 1439 .
146 1404 396 1451 progenitum,
422 1415 649 1450 quamquam
674 1404 741 1440 alii
759 1404 890 1440 dicunt
906 1415 951 1440 ex
970 1404 1055 1451 ipsa.
1074 1406 1113 1440 et
1131 1404 1287 1439 Marte.“
1314 1405 1380 1439 aut
1399 1402 1539 1447 erravit·
1558 1413 1680 1448 gram-

146 1451 317 1498 maticus,
343 1453 410 1488 aut
433 1452 550 1488 alium
574 1452 762 1488 intellexit
786 1452 920 1488 locum.
948 1473 992 1478 —
1020 1452 1063 1488 V.
1092 1456 1123 1487 1.
1150 1455 1236 1494 παῖ,
1263 1449 1462 1497 δολόμητις
1485 1447 1682 1494 Ἀφροδίτα

146 1499 291 1546 scripsi,
311 1498 424 1546 vulgo
444 1503 519 1535 παῖ
533 1497 742 1546 δολόμηδες
760 1500 857 1545 (cod.
877 1499 906 1535 P
927 1498 1146 1546 ὃολόμητες)
1160 1495 1379 1544 Ἀφροδίτας
1397 1498 1532 1545 (Ursin.
1555 1496 1680 1542 Steph.

142 1543 366 1593 Ἀφροδίτα).
393 1567 441 1574 -
466 1547 510 1584 V.
536 1551 570 1583 2.
589 1544 702 1593 Ἄρει,
721 1545 805 1604 ’Ἄρῃ
831 1548 873 1584 L.
906 1568 948 1573 —
982 1545 1236 1593 κακομαχοένω
1262 1546 1405 1593 scripsi,
1440 1546 1552 1591 vulgo
1578 1545 1683 1580 δολο-

145 1591 300 1643 μηχάνφ
327 1594 554 1641 (Stephanus
579 1596 853 1643 δολομαχανῳ),
880 1595 1057 1631 Schaefer
1080 1583 1341 1653 δολομοῖχανος
1365 1593 1536 1630 coniecit.

241 1642 300 1678 Fr.
327 1646 385 1678 44.
435 1642 533 1678 Plut.
555 1643 601 1678 de
620 1643 731 1688 Pyth.
753 1643 858 1679 Orac.
879 1654 909 1681 c.
931 1647 992 1679 1⁷:
1018 1642 1187 1679 Μουσῶν
1212 1640 1284 1690 γὰρ
1309 1655 1357 1688 ην
1378 1639 1481 1687 ἱερὸν
1510 1637 1683 1676 ἐνταῦθα

143 1689 231 1736 περὶ
261 1687 331 1736 τὴν
361 1686 562 1736 ἀναπνοὴν
594 1691 662 1726 τοῦ
693 1688 877 1737 νάματος,
908 1687 1007 1726 ὅθεν
1039 1688 1240 1736 ἐχρῶντο
1272 1686 1385 1735 πρὸς
1415 1687 1493 1730 τὰς
1523 1684 1684 1736 λοιβὰς

145 1738 201 1785 τῷ
227 1733 362 1774 ὕδατι
387 1735 554 1786 τούτῳ,
579 1733 636 1780 ὥς
661 1750 773 1784 φησι
796 1739 1082 1785 Σιμωνίδης·
1100 1737 1247 1775 Ἔνθα
1272 1741 1348 1774 κτλ.
1374 1758 1419 1764 -
1446 1737 1489 1773 V.
1512 1741 1544 1772 1.
1569 1732 1683 1781 ἀρύε-

152 1798 212 1821 ται
235 1785 306 1822 An.
325 1785 485 1831 TVMez,
511 1786 625 1832 vulgo
652 1783 825 1832 εἰρόεταί
844 1799 896 1823 τε.
924 1786 1060 1822 Reiske
1080 1784 1248 1832 εἰρύεται
1269 1784 1430 1832 scripsit.
1458 1805 1500 1811 —
1527 1783 1682 1820 Μοισᾶν

149 1832 427 1878 Schneidewin,
461 1834 576 1880 vulgo
606 1834 782 1871 Μουσᾶν.
837 1834 923 1870 Non
960 1833 1165 1871 Castaliam
1201 1834 1312 1879 dicit,
1351 1843 1579 1878 quamquam
1611 1831 1683 1866 hoc

147 1880 252 1917 fonte
277 1881 327 1916 ad
351 1881 587 1917 lustrandum
615 1882 671 1917 uti
695 1881 868 1918 solebanb
892 1882 990 1927 (vide
1009 1881 1159 1918 Ulrichs
1179 1882 1312 1919 Reisen
1331 1881 1349 1916 I
1368 1882 1444 1927 48),
1469 1880 1535 1916 sed
1559 1879 1690 1919 Musae

145 1940 227 1978 rum
246 1928 402 1974 fontem,
420 1929 486 1974 qui
505 1929 550 1964 ut
560 1928 783 1965 Plutarchus
800 1929 956 1974 indicat,
975 1941 1125 1966 versum
1144 1930 1340 1967 meridiem
1359 1929 1454 1964 situs
1473 1927 1542 1964 sub
1561 1927 1682 1973 ipsam

144 1975 279 2022 templi
303 1975 547 2021 crepidinem:
573 1976 618 2012 cf.
641 1978 683 2014 Ο.
703 1977 840 2013 ΜιῊΙει·
864 1989 923 2023 ap.
944 1976 1142 2013 Dissenum
1160 1977 1266 2015 Pind.
1288 1978 1324 2013 II
1343 1980 1424 2013 629.
1459 1975 1527 2011 Hic
1553 1975 1681 2010 autem

145 2023 336 2061 Musarum
361 2023 443 2059 fons
469 2023 619 2061 videtur
643 2024 835 2061 derivassus
860 2035 941 2060 esse
969 2037 1015 2061 ex
1040 2037 1146 2062 sacro
1172 2025 1288 2071 fonte,
1313 2025 1379 2071 qui
1403 2023 1477 2060 fuit
1494 2023 1535 2059 in
1554 2022 1682 2067 adyto,

145 2071 210 2115 qui
235 2082 280 2107 ex
307 2070 500 2107 Cassotide
526 2072 709 2118 originem
735 2071 915 2117 ducebat,
940 2083 1027 2108 nam
1053 2073 1152 2123 quod
1177 2073 1275 2109 infra
1298 2073 1343 2108 fr.
1369 2076 1414 2108 45
1447 2082 1548 2116 aqua
1569 2069 1681 2105 huius

145 2118 336 2154 Musarum
362 2118 476 2155 fontis
502 2116 645 2161 εὐῶδες
669 2116 772 2164 ὕδωρ
798 2119 947 2164 dicitur,
973 2120 1104 2156 eadem
1131 2120 1251 2157 virtus
1276 2121 1348 2157 fuit
1366 2119 1480 2156 fontis
1498 2118 1538 2153 in
1557 2117 1681 2162 adyto,

146 2165 219 2202 vid.
245 2165 342 2202 Plut.
376 2165 422 2202 de
455 2166 525 2203 def.
559 2179 655 2204 orac.
683 2178 714 2204 c.
741 2171 804 2203 50:
836 2165 856 2203 ὁ
889 2166 962 2213 γὰρ
996 2166 1111 2214 οἶκος,
1143 2165 1186 2204 ἐν
1217 2162 1246 2216 ᾧ
1279 2164 1368 2208 τοὺς
1393 2164 1607 2213 χρωμένους
1631 2164 1682 2211 τῷ

145 2213 227 2258 θεῷ
259 2214 501 2259 καθίζουσιν,
540 2212 627 2250 οὕτε
659 2212 835 2256 πολλάκις
874 2212 961 2252 οὔτε
993 2214 1246 2263 τεταγμένως,
1278 2212 1361 2252 ἀλλ’
1395 2212 1445 2255 ὡς
1478 2212 1582 2257 ἔτυχε
1617 2208 1680 2246 διὰ

147 2259 292 2306 χρόνων
323 2257 488 2302 εὖωδίας
518 2258 804 2308 ἀναπίμπλαται
835 2262 900 2298 καὶ
925 2261 1158 2310 πνεύματος,
1191 2265 1274 2304 οἵας
1305 2259 1354 2299 ἂν
1385 2260 1430 2298 τὰ
1457 2257 1592 2306 ἥδιστα
1618 2259 1683 2294 καὶ

149 2307 447 2364 πολυτελέστατα
472 2309 546 2344 τῶν
566 2307 694 2355 μύρων
719 2306 937 2356 ἀποφοράς,
966 2308 1091 2356 ὥσπερ
1117 2309 1161 2348 ἐκ
1180 2312 1303 2357 πηγῆς
1320 2311 1388 2347 τοῦ
1409 2306 1552 2346 ἀδύτου
1571 2318 1682 2351 προσ-

150 2356 362 2402 βαλλοντος.
405 2355 493 2391 hmc
523 2355 708 2392 Pindarus
739 2357 836 2393 dixib
867 2357 924 2395 Ol.
963 2358 1031 2394 VII
1063 2363 1108 2395 32
1147 2356 1312 2400 εὐώδεος
1350 2356 1390 2401 ἐξ
1422 2353 1576 2393 ἀδύτου.
1626 2354 1682 2389 De

149 2403 279 2439 eodem
306 2403 409 2439 sonte
434 2403 591 2440 Pausan.
619 2404 651 2439 X
676 2408 722 2440 24
755 2409 793 2440 7:
819 2403 958 2451 ταύτης
982 2406 1047 2452 τῆς
1072 2408 1304 2447 Κασσοτίδος
1329 2403 1498 2442 δύεσθαί
1519 2415 1557 2438 τε
1585 2398 1683 2438 κατὰ

149 2451 217 2506 γῆς
242 2448 391 2495 λέγουσι
423 2447 465 2485 τὸ
491 2446 593 2505 ᾇδωρ
625 2451 690 2487 καὶ
717 2431 758 2488 ἐν
789 2453 840 2499 τῷ
873 2449 1002 2502 ἀδύτῳ
1028 2455 1096 2490 τοῦ
1121 2455 1220 2491 θεοῦ
1252 2451 1319 2494 τὰς
1343 2457 1527 2499 γυναῖκας
1553 2462 1681 2495 μαντι-

149 2511 222 2539 κας
243 2502 380 2534 ποιεῖν.
431 2496 579 2534 Ulnchs
604 2510 694 2553 verq
718 2498 749 2544 (Ι
767 2501 828 2545 82)
853 2500 952 2554 hunc
977 2500 1083 2555 adyti
1108 2502 1251 2538 fontem
1276 2502 1385 2537 illum
1410 2499 1532 2552 ipsum
1559 2498 1683 2532 Musa-

149 2556 499 2639 ffifflffiffiff
511 2546 1545 2643 ἕέἒῗέἒὲἓιὲἳἏῗιὸὲῗὲῖἓῖῗὲἶιῖξξ,ἑῖιέἑέἒέ,ζὲῒζῗιῗ
1551 2544 1685 2628 ᾱῖἶῖιὲὲ

153 2640 284 2677 Stufen
309 2640 368 2677 die
395 2640 475 2676 sich
500 2640 819 2677 Unterhaltenden
845 2641 975 2687 sitnon,
1000 2643 1076 2678 und
1101 2644 1215 2679 deren
1240 2644 1388 2689 Adyton
1410 2642 1498 2688 jene
1522 2638 1683 2686 prophe-

149 2687 270 2724 tische
309 2687 439 2731 Quelle
471 2687 694 2732 einschloss‚
732 2688 874 2724 welche
911 2689 1036 2734 einige
1067 2690 1219 2727 Wasser
1259 2691 1325 2727 der
1355 2689 1508 2731 Musen,
1544 2687 1682 2723 andere

150 2735 302 2789 Wasser
326 2735 392 2772 der
417 2735 508 2781 Styx
533 2737 708 2772 nannten.
735 2755 781 2762 —
818 2735 888 2772 Ein
912 2737 1205 2783 abgesondertes
1230 2738 1466 2784 Heiligthum
1490 2736 1556 2772 der
1581 2735 1686 2771 Gaea.

152 2782 229 2817 und
255 2794 337 2819 eine
363 2783 617 2829 Musenquelle
643 2783 791 2819 sfldlich
817 2794 902 2820 vom
927 2788 1098 2830 grbssern
1125 2785 1280 2832 Tempel
1305 2786 1524 2821 anzusetzen
1549 2782 1600 2818 ist
1617 2794 1683 2818 un-

151 2830 339 2875 statthaft,
365 2830 414 2866 da
439 2830 542 2867 diese
568 2831 755 2867 Personen
781 2830 845 2867 des
870 2831 1026 2878 Dialogs
1051 2843 1123 2869 von
1149 2833 1215 2869 der
1241 2833 1370 2878 Stelle,
1395 2843 1453 2868 wo
1479 2830 1533 2867 sie
1553 2830 1682 2875 sitzen,

152 2876 399 2924 Gelegenheit
417 2878 577 2914 nehmen
596 2878 688 2914 iiber
706 2877 774 2915 das
793 2890 839 2914 zu
858 2878 982 2923 reden,
1002 2891 1080 2916 was
1100 2881 1198 2917 eiust
1215 2892 1264 2917 an
1284 2880 1405 2917 dieser
1419 2879 1535 2916 stelle
1555 2880 1682 2924 war.“)

245 2925 305 2963 Fr.
331 2929 390 2962 45.
438 2925 537 2963 Plut.
568 2926 614 2962 de
646 2925 805 2973 Pythiae
837 2937 935 2964 orac.
969 2939 1001 2964 c.
1036 2931 1096 2964 1⁷:
1139 2929 1274 2978 Μικρῷ
1312 2927 1354 2965 δὲ
1393 2923 1682 2974 περιεργότερον
