1864 3126
227 143 312 185 548
506 154 508 157 ·
789 142 980 178 ΡΟΕΤΑΕ
1006 142 1183 180 MELICI.

322 248 537 306 Δώρατος
569 248 671 294 ὥστ’
707 248 778 307 ἐφ’
813 251 941 295 ἵππω.
1356 286 1358 289 .
1525 247 1529 251 ”
1654 263 1743 295 1210

321 320 476 377 Κάρτα
507 320 588 378 μὲν
619 320 894 379 βριμοὲμενοι.

319 391 466 435 Πόλιν
499 390 540 435 δ’
576 391 845 450 ἑπράθομεν,
876 395 1132 448 προφανείς.

318 461 523 506 Γλουκοὺ
554 465 625 507 δεί
650 480 716 514 τις
741 461 896 506 ἀΐδιον.

318 533 559 577 Πελέκεσσι
592 536 780 590 δονεῖτη.

953 665 1019 707 19.

317 973 326 981 .
376 970 386 979 .
406 970 415 979 .
450 933 754 993 (Εὐωνυμίης)

317 1008 436 1063 πῆδα
466 1006 550 1050 ,Ρὸν
581 1006 760 1050 θέλωσα
791 1009 923 1063 φίλης

313 1075 508 1134 ἀγκάλης
539 1077 714 1134 ἑλέσθη.

312 1231 370 1268 Fr.
400 1235 454 1267 14.
503 1229 670 1277 δώρατος
688 1229 830 1276 scripsi,
855 1231 969 1276 vulgo
989 1228 1184 1276 ὃούρατοςς
1213 1242 1280 1276 per
1297 1232 1458 1267 metrum
1476 1230 1606 1267 licebit
1623 1231 1739 1268 etiam

217 1275 376 1323 δόρατος
411 1279 582 1323 scribere,
613 1290 699 1313 nam
732 1277 893 1314 Corinna
919 1278 1119 1315 trochaico
1156 1278 1263 1324 ithyp
1265 1278 1404 1314 hallico
1443 1278 1524 1315 1100
1555 1279 1629 1325 trip
1631 1279 1740 1315 odiae

163 1368 171 1371 -
217 1326 459 1371 logaoedioae
484 1326 611 1361 utitur.
662 1325 747 1361 Non
771 1326 817 1360 de
844 1336 939 1370 equo
972 1325 1134 1361 Troiano
1164 1326 1257 1361 haec
1289 1325 1383 1361 dixit
1408 1325 1577 1370 Corinna,
1603 1326 1667 1362 sed
1691 1325 1737 1362 de

216 1374 324 1408 Ulixe
359 1372 558 1433 naufrago,
592 1372 638 1409 cf.
673 1372 741 1408 Od.
768 1372 801 1407 V
827 1376 915 1408 371:
949 1368 1049 1417 ἄμφ’
1085 1369 1142 1407 ἕνὶ
1174 1370 1327 1417 δούρατι
1361 1374 1487 1428 βαῖνε,
1519 1354 1655 1418 κέληθ’
1689 1370 1740 1414 ὦς

215 1422 330 1455 ἵππον
357 1417 537 1456 ἐλαύνων.
566 1440 610 1446 -
636 1420 694 1455 Fr.
724 1422 778 1456 15.
804 1417 924 1464 κάρτα
949 1419 1150 1464 Hermann,
1175 1420 1289 1477 vulgo
1321 1419 1437 1465 κατὰ,
1471 1401 1529 1456 ΟΡ
1557 1431 1648 1456 0011.
1674 1421 1738 1456 καὶ

213 1465 271 1502 τὰ.
309 1488 353 1493 —-
389 1465 612 1515 βριμάμενοι
644 1467 794 1512 scripsi,
826 1467 864 1502 111
896 1467 983 1502 edit.
1010 1470 1031 1501 2
1064 1448 1327 1512 βριμαόμενοι,
1351 1468 1479 1524 vulgo
1501 1465 1739 1526 βριμώμενοι,

216 1514 243 1549 C
270 1516 501 1563 βριμομενοι.
525 1537 566 1541 -
588 1514 646 1550 Fr.
668 1519 723 1550 16.
743 1512 851 1549 πόλιν
878 1511 929 1558 δ’,
955 1513 984 1548 Ε
1005 1525 1071 1559 pro
1099 1512 1421 1551 101.1001.πόλιν
1441 1511 1479 1550 δ’
1501 1510 1556 1550 εὖ.
1577 1534 1621 1541 --
1646 1528 1735 1560 προ-

214 1564 351 1606 φανείς
374 1563 414 1607 Ρ,
440 1563 554 1608 vulgo
579 1559 797 1608 προφανής,
824 1542 946 1597 Schol.
973 1558 1181 1606 προφάνης.
1216 1561 1337 1607 Vulgo
1358 1562 1613 1616 consentiente
1632 1563 1736 1598 scho-

213 1609 326 1645 liasta
357 1611 567 1655 προφανείς
603 1609 782 1645 adhaeret
817 1608 984 1654 proximo
1020 1608 1218 1654 versiculo,
1249 1608 1361 1654 idque
1391 1609 1431 1644 in
1456 1610 1513 1646 ed.
1539 1613 1560 1645 3
1587 1611 1732 1646 secutus

214 1667 313 1702 sum,
338 1657 442 1692 ratus
475 1657 674 1693 Corinnam
709 1656 849 1702 passim
875 1656 989 1691 etiam
1013 1655 1289 1710 paroemiacum
1314 1668 1447 1701 purum
1472 1657 1530 1692 his
1539 1656 1737 1712 1080οοᾱί-

215 1704 267 1739 018
300 1704 524 1740 carminibus
555 1704 764 1739 inseruisse.
814 1704 921 1738 Nunc
954 1703 1052 1739 sicut
1081 1703 1120 1738 in
1151 1703 1208 1739 ed.
1234 1707 1255 1738 2
1287 1703 1459 1739 subiunxi
1483 1702 1571 1739 huic
1595 1703 1738 1740 versui:

213 1763 332 1796 neque
358 1753 485 1787 tamen
508 1751 708 1787 verborum
731 1750 917 1787 restitutio
943 1751 1056 1794 certa,
1086 1750 1173 1786 fort.
1198 1747 1307 1786 πόλιν
1333 1748 1370 1785 δ’
1407 1749 1487 1796 ἔπρ
1496 1747 1573 1786 (καθ’
1606 1748 1627 1786 ὁ
1653 1749 1736 1805 μὲν

213 1800 440 1858 προφανείς,
471 1799 494 1835 i.
522 1809 553 1834 e.
585 1799 716 1844 partic.
751 1797 882 1834 aoristi
913 1798 1169 1843 προφανῆναι.
1218 1797 1354 1853 Neque
1386 1797 1496 1842 enim,
1527 1799 1569 1834 ut
1597 1797 1737 1835 tuearis

213 1827 446 1891 ἐπράθομεν,
471 1845 626 1892 pluralis
650 1856 823 1881 numerus
848 1845 1024 1881 adiectivi
1048 1842 1247 1902 προφανής
1266 1845 1520 1880 0801800οᾶ08·
1546 1845 1618 1881 1100
1637 1847 1736 1882 enim

211 1893 435 1928 vocabulum
455 1893 604 1929 omnino
625 1893 797 1928 alienum.
820 1913 862 1918 —
882 1893 941 1927 Fr.
965 1896 1018 1928 17.
1036 1889 1219 1950 γλουκού,
1246 1892 1360 1938 vulgo
1379 1889 1553 1938 γλαύκου,
1572 1892 1603 1927 Ε
1622 1893 1734 1928 Turn.

211 1941 362 1984 γλυκοῦ.
397 1961 439 1965 -—
467 1941 531 1975 ὃεί
552 1939 697 1985 scripsi,
723 1939 837 1985 vulgo
862 1939 917 1974 δέ.
952 1959 995 1964 -
1023 1937 1142 1974 αΐδων
1177 1940 1337 1984 Α111008,
1363 1941 1401 1974 01
1426 1939 1479 1975 810
1503 1940 1532 1975 P
1558 1951 1580 1975 0
1604 1951 1659 1986 pr.
1685 1952 1733 1975 m.

212 1990 295 2046 (sup
297 1998 339 2022 ra
367 1989 432 2033 ει),
465 1986 492 2022 C
517 1984 674 2031 ἀείδων,
706 1987 751 2021 Fl
777 1986 914 2031 αἰδων,
947 1987 978 2020 Α
1004 1983 1147 2031 αηδών,
1178 1985 1208 2020 Ε
1233 1986 1273 2021 in
1297 1997 1413 2043 marg.
1439 1983 1588 2031 ἀηδῶν,
1620 1987 1734 2033 vulgo

212 2031 328 2083 ᾄδων.
356 2055 399 2060 -
423 2016 598 2070 Schmidt
621 2035 695 2069 huo
719 2035 872 2070 revocat
896 2032 1074 2078 Hesychii
1097 2032 1260 2078 glossam
1289 2030 1459 2069 Γάδουα·
1490 2035 1600 2078 ἴδιον,
1625 2045 1734 2080 saga·

212 2070 305 2117 citer
329 2081 518 2127 corrigens
546 2078 673 2117 Γάδου
707 2078 844 2126 οἶΐὸων,
875 2083 918 2116 01
950 2080 1150 2126 explicatio
1175 2077 1291 2125 γλυκὺ
1312 2076 1416 2128 ᾄδων
1441 2081 1650 2127 intercepta
1666 2081 1732 2117 sit:

212 2129 402 2165 existimat
426 2130 543 2175 igitur
567 2129 656 2164 olim
682 2128 721 2163 in
746 2109 927 2164 Corinnae
953 2138 1063 2163 versu
1093 2127 1299 2172 scripturae
1316 2115 1546 2164 varietatem
1570 2125 1732 2174 γλουκοῦ

211 2178 250 2211 et
276 2173 405 2212 Γαὸοὺ
432 2176 608 2212 extitisse.
657 2175 751 2211 Μ1111
782 2176 821 2210 10
852 2174 1038 2220 Hesychio
1071 2173 1306 2210 scribendum
1340 2174 1488 2211 videtur
1512 2175 1631 2221 γᾶδου
1657 2175 1733 2219 (101

209 2221 365 2269 γαδού)·
391 2219 512 2259 γὸιον.
540 2244 582 2249 ——
609 2223 667 2259 Fr.
690 2226 743 2258 18.
769 2221 975 2266 πελέκεσσι,
1000 2221 1030 2255 E
1049 2219 1231 2266 πελέκεσι,
1258 2221 1379 2258 Schol.
1399 2220 1606 2269 πελέκεσιν,
1631 2223 1733 2268 quod

209 2272 330 2306 metro
356 2282 430 2306 non
455 2271 681 2306 adversatur.
732 2270 905 2306 Ceterum
930 2269 992 2305 1110
1016 2280 1144 2304 versus
1168 2272 1292 2304 utrum
1324 2269 1491 2314 tripodia
1514 2251 1732 2316 logaoedioa

210 2329 260 2354 an
290 2318 530 2365 anapaestioa
561 2318 628 2363 sit,
661 2317 801 2371 ambigi
832 2318 967 2362 potest.
1017 2316 1262 2352 Pherecrateo
1293 2327 1402 2352 versu
1433 2316 1629 2353 Corinnam
1658 2317 1731 2357 fre-

210 2366 366 2411 quenter
389 2376 496 2403 usam
521 2376 602 2402 esse
619 2346 741 2401 ’etiam
766 2364 904 2400 Trioha
928 2376 964 2410 p.
990 2367 1036 2399 30
1059 2364 1229 2399 testatur.
1257 2384 1302 2389 —
1333 2365 1483 2409 ὃονεῖτη
1509 2364 1670 2410 Boeokh,
1696 2376 1728 2400 v.

210 2414 386 2450 δονεῖται.

305 2508 362 2547 Fr.
392 2515 445 2546 19.
495 2509 554 2569 Ap
557 2510 668 2547 ollon.
695 2506 741 2546 de
766 2509 875 2546 Pron.
898 2507 1022 2546 396Β.
1049 2506 1192 2550 Αἰολεῖς
1216 2503 1309 2555 μετὰ
1335 2507 1402 2544 τοῦ
1425 2506 1455 2545 ,Ρ
1480 2503 1575 2544 κατὰ
1601 2507 1728 2543 πᾶσαν

211 2558 352 2593 πτῶσιν
376 2558 442 2594 καὶ
466 2556 591 2604 γένος·
619 2588 626 2595 .
649 2587 656 2594 .
679 2587 688 2595 .
714 2555 852 2615 ὁμοίως
870 2556 934 2592 καὶ
954 2558 1126 2592 Βοιωτοί·
1154 2569 1404 2602 ευωνιμιης
1428 2559 1629 2601 Κοριννα
1647 2567 1727 2600 πη-

211 2605 352 2662 ὃεγον
377 2607 560 2641 θελωσα
592 2607 724 2651 φίλης
753 2601 956 2650 ἀγκαλης
987 2602 1442 2649 ελησθη.Εο1011(10111
1465 2601 1630 2645 Boeckh,
1663 2602 1727 2637 sed

210 2649 422 2709 εὖωνυμίης
445 2653 507 2688 vix
531 2655 687 2698 rectum,
711 2652 860 2688 videtur
883 2652 1016 2687 titulus
1041 2651 1212 2690 carminis
1237 2650 1364 2695 latere,
1389 2650 1545 2685 fortasse
1570 2645 1587 2684 ἐ
1595 2661 1618 2683 ν
1642 2651 1689 2683 Μ
1693 2663 1727 2684 ι

211 2698 321 2735 νυάσι
344 2703 528 2746 Κοριννα.
561 2700 664 2746 πῆδα
689 2702 782 2745 κτλ.,
814 2701 856 2735 01
885 2698 1118 2744 intelligatur
1148 2708 1308 2743 carmen,
1342 2697 1445 2733 cuius
1469 2697 1727 2749 argumentum

210 2747 448 2782 adumbravit
466 2749 602 2784 Anton.
622 2747 745 2783 Liber.
767 2746 855 2792 (vid.
873 2745 918 2780 fr.
939 2748 1012 2802 32)
1035 2745 1075 2780 id
1100 2745 1199 2790 quod
1224 2726 1337 2780 011010
1361 2745 1532 2788 Hartung
1557 2742 1725 2778 coniecit.

210 2792 381 2845 Ceterum
411 2795 536 2830 nescio
568 2806 616 2830 an
639 2795 765 2852 potius
795 2806 852 2838 πη
836 2789 898 2828 δ’
934 2790 951 2828 ἐ
959 2774 1012 2829 f
998 2806 1047 2828 ον
1073 2792 1306 2828 scribendum
1331 2791 1389 2834 sit,
1419 2791 1459 2826 et
1480 2789 1602 2846 possis
1627 2790 1729 2835 apud

208 2839 330 2884 ipsum
356 2840 477 2886 Apoll.
506 2842 686 2899 suspicari
705 2839 841 2887 ὁμοίως
858 2841 923 2875 καὶ
942 2839 1098 2875 Βοιωτοὶ
1119 2836 1244 2885 gfdc,
1269 2836 1438 2874 Μινυᾶσι
1457 2834 1636 2885 Κόριννα,
1661 2837 1725 2874 sed

206 2885 299 2923 haee
325 2888 476 2926 incerta.
505 2911 547 2915 —
574 2886 750 2937 ἀγκάλης,
775 2888 948 2934 Hartung
972 2883 1187 2935 ἄγκοὶλησιν.
