1864 3126
229 160 311 202 156
540 196 542 200 .
790 159 985 196 ΡΟΕΤΑΕ
1009 160 1186 199 MELICI.

893 258 1069 312 20.[4]

320 342 423 382 Νῦν
454 337 535 396 χρὴ
568 341 808 396 μεθύσθην
841 343 919 383 καί
945 356 1045 383 τινα
1076 338 1187 395 πρὸς
1217 343 1321 397 βίαν

319 409 495 467 πώνην,
528 409 677 467 ἐπειδὴ
708 409 904 455 κάτθανε
935 410 1178 469 Μύρσιλος.

892 532 1068 585 21.[7]
1099 534 1116 549 ·

322 591 580 670 Μέλαγχρος
611 616 747 665 amc-og
778 611 899 666 ἄξιος
931 615 992 665 εἰς
1023 612 1167 657 πόλιν.

879 733 1086 785 22.[104

319 812 478 870 Λόφον
510 831 553 858 τε
586 818 718 858 σείων
752 813 965 871 Κάρικον.

831 934 1137 988 23.[11.12]

306 1015 491 1074 ’Ἄνδρες
521 1015 687 1073 πόληος
718 1015 886 1073 πύργος
917 996 1102 1073 ἆρεύϊοι.

223 1155 342 1193 πόλυν
368 1158 457 1202 AB,
480 1159 522 1193 ut
546 1157 709 1215 Elmsley
736 1157 844 1203 coni„
869 1158 1041 1203 Hartung
1066 1157 1239 1193 distinxit
1262 1155 1396 1201 πόλυν,
1430 1155 1567 1203 ἄντλην
1595 1154 1683 1194 ἐπεί
1703 1171 1745 1194 κε

227 1219 259 1241 ν.
286 1203 315 1240 ἐ.
348 1205 612 1251 interpretatus
644 1203 796 1249 ἄντλον,
829 1205 927 1250 quod
954 1205 1055 1241 omni
1081 1216 1125 1241 ex
1155 1207 1260 1250 parte
1290 1205 1438 1240 falsum.
1476 1225 1518 1230 —
1557 1205 1600 1241 V.
1627 1210 1660 1240 3.
1691 1218 1746 1250 κε,

225 1251 313 1287 lib1i
343 1252 424 1298 καὶ,
457 1255 568 1288 antea
599 1266 647 1288 κα
678 1252 826 1307 scripsi,
861 1251 1003 1288 Seidler
1034 1265 1106 1288 καν
1129 1253 1153 1287 i.
1180 1264 1210 1287 e.
1237 1249 1344 1288 κατὰ.
1384 1273 1427 1278 -
1466 1249 1564 1306 ἕμβᾷ
1595 1250 1747 1298 νή(ατα)

224 1299 372 1345 scripsi,
398 1300 420 1336 i.
443 1312 473 1335 e.
499 1301 642 1344 νει’,ατα
668 1299 741 1335 nisi
765 1300 859 1345 νῆτα
885 1299 933 1335 ad
958 1300 1108 1335 modum
1129 1299 1277 1335 Doridis
1302 1299 1423 1344 malis,
1449 1299 1537 1334 libri
1564 1297 1746 1347 ἐμβαίνει,

225 1347 367 1382 Seidler
406 1346 513 1397 ἔμβα.
571 1348 642 1382 Sed
680 1347 838 1382 fortasse
875 1348 984 1392 plura
1019 1347 1226 1392 intercepta
1264 1350 1366 1391 sunt,
1410 1347 1514 1382 velut
1551 1327 1746 1406 §pfialvyi

222 1391 370 1454 (κάτα,
409 1384 728 1452 τετραέλικτος
763 1391 814 1429 ἄλ
823 1397 912 1440 μ,α)
944 1394 1030 1430 vide
1055 1395 1103 1429 ad
1136 1394 1179 1429 fr.
1208 1398 1292 1438 155,
1325 1394 1403 1430 sive
1436 1391 1564 1440 (κάτα
1605 1407 1728 1440 καμμ,

226 1439 363 1488 ἐλάσῃ
389 1438 487 1477 κατ’
516 1439 672 1486 ακρας)
699 1442 880 1482 vocabulo
905 1422 1141 1477 ’(111611110.-
1168 1441 1249 1477 Huc
1274 1422 1433 1477 fortasse
1453 1442 1603 1487 respicit
1623 1441 1743 1478 Schol.

221 1489 328 1525 Pind.
355 1490 445 1524 Isth.
473 1489 577 1525 152:
616 1490 693 1524 Καὶ
720 1486 882 1530 Ἀλκαίος
915 1487 982 1534 τὴν
1018 1490 1221 1534 δυστυχίαν
1253 1489 1420 1535 χειμῶνα
1453 1488 1518 1524 καὶ
1548 1490 1746 1535 τρικυμίαν

221 1536 340 1582 λέγει,
366 1536 431 1572 ubi
457 1535 634 1582 Αἰσχύλος
659 1536 858 1582 corrigunt.

315 1608 372 1644 Fr.
400 1612 454 1644 20.
505 1608 640 1644 Athen.
667 1608 700 1643 X
726 1608 859 1643 430A:
897 1604 1006 1642 Κατὰ
1041 1604 1112 1653 γὰρ
1144 1607 1269 1642 πᾶσαν
1301 1620 1404 1666 ωραν
1435 1606 1499 1642 καὶ
1529 1609 1744 1664 περίστασιν

220 1656 340 1690 πίνων
374 1653 393 1690 ὁ
426 1655 600 1712 ποιητὴς
608 1648 718 1696 οὗτος
744 1652 930 1700 (Ἀλκαῖος)
957 1652 1179 1700 εὑρίσκεται.
1214 1675 1255 1680 -
1294 1651 1335 1690 ἔν
1361 1652 1403 1690 δε
1430 1659 1510 1695 ταῖς
1540 1651 1746 1699 εὐφρόναις

221 1702 406 1748 (Meineke
432 1699 687 1758 εὐφροσύναις
722 1702 902 1748 scripsit)·
935 1702 1033 1738 Νῦν
1062 1702 1138 1738 inl..
1166 1722 1208 1727 —
1236 1702 1280 1736 V.
1311 1707 1339 1737 1.
1366 1698 1568 1747 μεθύσθην
1592 1702 1678 1738 libri
1703 1706 1746 1740 ut

219 1749 376 1794 videtm,
402 1750 516 1795 vulgo
536 1747 753 1796 μεθύσκειν.
777 1770 819 1774 -
846 1749 889 1785 V.
912 1755 943 1785 2.
963 1746 1092 1805 πώνην
1113 1749 1267 1794 Ahrens,
1290 1750 1416 1784 πίνειν
1436 1749 1605 1794 Casaub.‚
1631 1750 1744 1807 vulgo

219 1801 362 1834 πονεῖν.
414 1797 631 1833 Cf.A1·cad.
665 1797 712 1832 de
743 1797 828 1833 Ace.
859 1801 936 1841 160,
963 1801 1001 1832 4:
1046 1810 1091 1832 τα
1125 1795 1179 1838 εἰς
1215 1809 1266 1831 νω
1305 1778 1605 1842 παραληγόμενα
1631 1795 1743 1842 φύσει

219 1845 348 1900 μακρῷ
375 1841 583 1901 φωνήεντι,
610 1841 723 1879 ὁπότε
751 1842 799 1890 μὴ
822 1845 879 1900 εἰη
900 1841 986 1879 κατ’
1008 1843 1156 1879 aeolida
1182 1841 1396 1888 διάλεκτον,
1421 1844 1648 1890 περισπᾶται
1675 1872 1682 1880 .
1704 1873 1711 1880 .
1733 1873 1740 1880 .

221 1889 261 1927 τὸ
289 1889 396 1927 πᾶνω
418 1889 558 1949 (πώνω)
574 1873 792 1948 βαρύνεται
814 1888 862 1932 ὡς
880 1892 979 1926 ἴδιον
1004 1888 1183 1926 αἰολικόν.
1223 1891 1394 1927 Ceterum
1419 1891 1476 1926 vir
1501 1891 1632 1927 doctus
1658 1902 1742 1927 cou-

219 1938 325 1974 iecit:
351 1939 415 1974 καὶ
441 1937 564 1984 χθόνα
590 1937 684 1984 πρὸς
710 1939 795 1986 βίαν
821 1939 967 1983 παίειν,
992 1938 1056 1973 ubi
1082 1938 1254 1984 Hartung
1279 1936 1430 1984 κρούειν
1456 1940 1662 1984 praeoptat.

314 2009 371 2044 Fr.
394 2013 449 2045 21.
487 2009 691 2055 Hephaest.
713 2013 774 2045 79.
800 2006 841 2044 τὸ
868 2006 1104 2054 καλούμενον
1126 2005 1317 2044 Ἀλκαϊκὸν
1343 2005 1664 2056 ἕνδεκασύλλαβον
1686 2036 1693 2044 .
1710 2038 1716 2045 .
1733 2037 1741 2046 .

220 2090 441 2137 Μέλαγχρος
466 2089 582 2132 αἰὸως
607 2091 676 2136 (ita.
700 2091 887 2136 F1T.urn‚
913 2092 978 2128 sed
996 2092 1029 2127 A
1054 2069 1187 2136 αἰδώς,
1213 2093 1325 2137 atque
1349 2091 1424 2127 iam
1449 2091 1601 2127 Vossius
1625 2092 1743 2132 αἰδώς

222 2139 400 2183 correxit,
433 2138 550 2179 αἰδώς
574 2135 679 2181 ἄξιος
704 2138 790 2174 hinc
815 2138 923 2175 affert
949 2139 1068 2175 Clam.
1095 2139 1258 2174 (ἔτι-3111111.
1284 2141 1352 2174 Α11.
1380 2138 1444 2174 Ox.
1471 2139 1548 2185 Ip.
1575 2142 1741 2186 208,17)

219 2183 278 2230 ἅξ.
315 2185 370 2226 εἰς
402 2187 448 2231 (A
476 2183 527 2230 ἐς)
557 2183 677 2222 πόλιν.
727 2186 846 2222 Valde
885 2185 1041 2222 offendit
1075 2186 1275 2222 insolentia.
1311 2187 1535 2230 structurae,
1574 2187 1742 2232 suspicor

220 2235 369 2279 poetam
396 2233 585 2279 scripsisse
611 2231 824 2279 Μέλαχρος,
857 2235 974 2275 αἴδως
999 2230 1104 2276 αξιος
1127 2227 1177 2278 ἧς
1201 2231 1322 2278 πόλι,
1353 2234 1396 2269 ut
1418 2214 1618 2279 tyranimm
1643 2247 1739 2270 mor-

219 2283 326 2316 tuum
356 2281 418 2316 vel
447 2281 603 2326 imperio
634 2281 822 2326 privatum
853 2280 1077 2324 laudaverit,
1113 2292 1196 2316 cum
1228 2281 1291 2326 qui
1316 2283 1572 2317 successerunt
1595 2281 1636 2316 in
1661 2281 1739 2318 eius

219 2329 362 2374 locum,
387 2328 547 2364 multum
572 2327 639 2363 illo
666 2328 868 2364 deteriores
893 2329 1015 2364 essent
1038 2328 1100 2364 vel
1124 2327 1348 2381 viderentur.
1392 2328 1518 2364 Nolim
1545 2326 1611 2369 εἷς
1635 2326 1740 2364 πόλι

219 2375 495 2420 commendare,
533 2386 620 2410 nam
652 2375 773 2411 forma
804 2374 858 2416 εἷς
882 2387 905 2412 a
929 2375 1053 2411 Lesbii
1085 2374 1263 2411 sermonis
1293 2375 1522 2420 proprietate
1554 2376 1738 2420 abhorret,

219 2434 286 2458 nec
323 2404 578 2458 dominaritem
614 2424 681 2458 aut
715 2423 841 2458 vivum
880 2423 1097 2459 laudaturus
1134 2424 1216 2458 erat
1245 2422 1403 2458 Alcaeus
1434 2421 1508 2458 nisi
1534 2404 1738 2472 cavillandi

220 2470 359 2516 gratia;
386 2470 478 2506 item
502 2469 742 2516 participium
768 2470 822 2511 εἰς
845 2471 1012 2516 ιθριιᾶίο,
1035 2481 1108 2515 quo
1135 2469 1289 2506 Alcman
1314 2482 1400 2505 usus
1425 2471 1494 2505 est.

314 2540 369 2575 Fr.
391 2545 447 2575 22.
487 2540 623 2576 Strabo
650 2540 735 2575 XIV
755 2545 840 2576 661:
870 2542 947 2577 Τοῦ
973 2539 1015 2576 δὲ
1041 2540 1127 2586 περὶ
1151 2538 1196 2575 τὰ
1223 2537 1465 2598 στρατιωτικὰ
1491 2538 1611 2598 ζήλου
1627 2555 1672 2576 τα
1698 2555 1735 2578 τε

221 2601 347 2646 οχανα
373 2588 571 2623 ποιοῦνται
601 2585 818 2646 τεκμήρια
813 2588 877 2624 καὶ
908 2586 953 2623 τὰ
986 2585 1148 2634 ἐπίσημα
1180 2587 1244 2623 καὶ
1274 2584 1362 2628 τοὺς
1391 2585 1541 2645 λόφους
1585 2601 1736 2623 απαντα

219 2649 288 2680 γαρ
307 2633 456 2680 λέγεται
474 2632 635 2681 Καρικά.
671 2634 872 2682 Ανακρέων
898 2634 967 2682 μέν
993 2648 1034 2681 γε
1061 2637 1205 2681 φησίν.
1244 2663 1272 2681 .,
1297 2631 1317 2670 ὁ
1337 2631 1375 2670 δ’
1393 2631 1600 2675 Ἀλκαιος·
1627 2633 1735 2681 Λόφ.

219 2685 291 2718 κτλ.
343 2683 482 2718 Eadem
508 2682 610 2718 Eust.
637 2682 681 2718 Il.
705 2686 786 2728 367,
811 2686 856 2718 25
883 2684 935 2727 (τε
962 2683 1060 2728 0111..)

312 2753 371 2790 Fr.
398 2757 454 2789 23.
499 2752 621 2789 Schol.
648 2753 819 2811 Aeschyl.
846 2754 946 2789 Pers.
972 2757 1057 2789 347.
1084 2749 1235 2810 ἀνδρῶν
1246 2750 1332 2810 γὰρ
1358 2749 1476 2788 ὄντων
1503 2751 1610 2797 ἕρκος
1635 2750 1736 2789 ἐστὶν

219 2796 396 2844 ἀσφαλές.
437 2797 612 2841 Ἀλκαῖος·
640 2797 780 2846 ἄνδρες
803 2798 874 2846 γὰρ
899 2797 1043 2841 πόλεως
1067 2798 1209 2846 πύργος
1233 2797 1381 2856 αρήίος,
1406 2799 1470 2835 sed
1495 2800 1575 2835 cod.
1602 2799 1733 2837 Medic.

218 2858 288 2882 sec.
310 2847 481 2884 Gaisford
506 2848 564 2884 Et.
585 2848 631 2883 M.
652 2847 935 2893 Praef.p.V111
960 2845 1098 2893 ἄνδρες
1121 2847 1259 2892 πόληος
1281 2844 1423 2892 πύργος
1447 2843 1607 2892 ἅρεύϊοι,
1634 2847 1735 2892 (Din-

221 2893 305 2929 dorf
327 2895 474 2930 tantum
493 2892 646 2941 ἄρεύιος
670 2907 715 2931 ex
733 2860 817 2931 codp
833 2895 929 2932 Med.
950 2895 1171 2940 adnotavit)
1196 2894 1294 2939 quod
1312 2894 1485 2940 praetuli,
1510 2906 1736 2940 quamquam
