1864 3126
762 162 1105 201 STESICHORUS.
1612 161 1698 205 227

827 286 1036 340 66.[59]

286 374 442 415 Aelian.
468 373 574 413 Hist.
599 373 732 414 Anim.
751 372 867 411 XVII
889 374 961 411 37:
990 368 1199 420 Ἀλοῶντες
1231 367 1462 427 (ἆμῶντες
1492 371 1701 412 verissime

169 440 334 491 Reiske,
374 454 419 480 ac
458 440 619 479 Tzetzes
657 451 814 489 quoque
849 432 1034 489 θεριστὰς
1071 432 1186 491 dicit)
1228 435 1439 490 ἅνθρωποι
1477 439 1547 477 τοῦ
1585 432 1701 489 ἡλίου

166 503 479 560 καταφλέγοντος
517 504 620 559 δίψῃ
656 500 877 555 πιεζόμενοι
907 499 975 543 τὸν
1006 498 1182 555 ἀριθμὸν
1214 500 1419 542 ἑκκαίδεκα
1451 500 1521 543 ἕνα
1552 500 1703 542 ἑαυτῶν

166 567 397 612 ἀπέστειλαν
429 569 472 611 ἐκ
502 572 632 624 πηγῆς
662 565 887 623 γειτνιώσης
918 568 1076 620 κομίσαι
1105 564 1226 619 ὕδωρ.
1265 564 1415 609 οὐκοῦν
1445 564 1467 610 ὃ
1498 564 1630 608 άπιῶν
1659 564 1702 608 τὸ

169 635 242 690 μὲν
273 634 472 690 δρέπανον
502 632 544 676 τὸ
575 631 766 688 ἆμητικὸν
798 630 863 674 διὰ
894 629 1021 686 χειρὸς
1047 629 1140 686 εἶχε,
1171 629 1214 674 τὸ
1241 631 1283 674 δὲ
1308 630 1521 685 ἆρυστικὸν
1544 630 1703 688 ἀγγεῖον

169 698 266 743 κατὰ
302 704 373 742 τοῦ
411 698 522 754 ὤμου
559 700 717 753 ἔφερεν·
756 696 887 740 ἐλθὼν
925 697 970 739 δὲ
1006 695 1296 751 καταλαμβάνει
1331 696 1446 740 ἆετὸν
1482 696 1562 741 ὑπό
1598 715 1704 749 τινος

169 765 303 820 ὄφεως
332 766 525 821 ἐγκρατῶς
554 781 593 806 τε
622 764 690 806 καὶ
721 761 896 818 εὐλαβῶς
926 762 1228 817 περιπλακέντος
1261 759 1582 819 ἀποπνιγόμενον
1611 762 1702 819 ἤδη.

158 830 299 887 Ἔτυχε
331 831 374 873 δὲ
405 829 482 884 ἄρα
511 826 707 879 καταπτὰς
745 828 816 883 μὲν
847 826 908 870 ἐπ’
944 826 1067 871 αὐτὸν
1097 826 1118 870 ὃ
1150 827 1280 881 ἀετός,
1319 825 1368 871 οὗ
1407 827 1487 883 μὴν
1523 831 1704 883 κρείττων

170 896 382 954 γενόμενος
413 894 506 939 οὐδὲ
538 900 605 950 τῆς
637 896 852 949 ἐπιβουλῆς
883 891 1071 950 ἐγκρατὴς
1101 894 1271 949 ἐγένετο,
1309 889 1405 936 οὐδὲ
1436 899 1547 937 τοῦτο
1580 893 1630 948 δὴ
1661 893 1704 937 τὸ

163 961 377 1018 Ὁμηρικὸν
406 967 486 1012 τοῖς
511 962 655 1004 ἑαυτοῦ
679 961 829 1010 τέκνοις
853 958 925 1014 τὴν
951 962 1065 1001 δαῖτα
1090 957 1288 1013 ἐκόμισεν,
1319 956 1417 1002 ἀλλὰ
1443 965 1527 1011 ταῖς
1552 961 1704 1003 ἐκείνου

167 1031 342 1083 σπείραις
371 1025 594 1082 περιπεσὼν
625 1027 787 1080 ἕρμασιν
823 1026 978 1079 ἔμελλεν
1017 1022 1065 1067 οὗ
1102 1023 1156 1079 μὰ
1188 1023 1255 1067 Δί’
1290 1023 1472 1078 ἀπολεῖν,
1510 1024 1594 1068 ἀλλ’
1628 1024 1704 1068 ἄπ-

167 1099 358 1137 ολεῑσθαι.
408 1091 544 1143 Εἰδὼς
575 1087 649 1135 οὖν
674 1089 695 1134 ὁ
721 1088 942 1147 γεωργὸςῆ
969 1088 1148 1143 ἀκούων,
1179 1088 1247 1133 τὸν
1279 1091 1350 1145 μὲν
1381 1088 1483 1134 εἶναι
1507 1090 1605 1142 Διὸς
1635 1091 1704 1148 ἅγ-

167 1165 282 1215 γελον
318 1159 383 1201 καὶ
420 1156 638 1213 ὑπηρέτην,
682 1155 796 1207 εἰδώς
839 1173 882 1212 γε
920 1154 1001 1211 μὴν
1043 1154 1168 1198 κακὸν
1203 1159 1352 1210 θηρίον
1387 1155 1456 1200 τὸν
1492 1156 1608 1211 ὄφιν,
1652 1162 1705 1216 τῷ

168 1223 352 1282 δρεπάνῳ
384 1228 437 1283 τῷ
467 1223 738 1280 προειρημένῳ
772 1220 972 1264 διακόπτει
1003 1219 1073 1263 τὸν
1103 1226 1232 1277 θῆρα,
1273 1223 1339 1264 καὶ
1370 1223 1501 1277 μέντοι
1531 1223 1597 1264 καὶ
1627 1228 1705 1265 τῶν

170 1288 361 1344 ἆφύκτων
398 1291 560 1332 ἐκείνων
597 1291 767 1344 εἱργμῶν
803 1286 868 1329 καὶ
907 1289 1063 1341 δεσμῶν
1098 1285 1167 1329 τὸν
1204 1286 1318 1330 ἀετὸν
1356 1286 1531 1331 ἀπολύει.
1586 1286 1706 1331 Ὁδοῦ

168 1356 300 1411 μέντοι
335 1354 535 1411 πάρεργον
570 1359 623 1412 τῷ
654 1351 772 1409 ἆνὸρὶ
810 1357 930 1395 ταῦτα
960 1354 1028 1395 καὶ
1060 1352 1109 1408 δὴ
1143 1354 1420 1408 διεπέπρακτο,
1458 1349 1707 1408 ἀρυσάμενος

170 1421 213 1463 δὲ
242 1419 286 1463 τὸ
319 1417 430 1475 ὕδωρ
461 1415 532 1474 ἧκε
570 1420 638 1462 καὶ
667 1417 767 1473 πρὸς
804 1417 877 1461 τὸν.
912 1417 1023 1462 οἶνον
1059 1418 1227 1473 κεράσας
1264 1417 1381 1474 ὤρεξε
1417 1424 1556 1472 πᾶσιν,
1595 1422 1636 1462 οἰ
1663 1419 1707 1462 δὲ

168 1486 246 1541 ἄρα
284 1486 440 1537 ἐξέπιον
477 1486 544 1527 καὶ
582 1483 722 1539 ἆμυστὶ
753 1485 821 1526 καὶ
850 1482 998 1534 πολλὰς
1029 1485 1094 1526 ἐπὶ
1123 1489 1176 1543 τῷ
1207 1484 1366 1542 ἀρίστῳ·
1407 1485 1535 1539 ἔμελλε
1567 1485 1610 1527 δὲ
1641 1486 1708 1527 καὶ

169 1551 288 1603 αὐτὸς
324 1550 386 1594 ἐπ’
421 1552 585 1600 ἐκείνοις
622 1552 803 1592 πίεσθαι·
845 1551 952 1604 ἔτυχε
989 1547 1064 1605 γὰρ
1101 1547 1298 1605 ὑπηρέτης
1334 1549 1419 1593 κατ’
1460 1549 1588 1593 ἐκεῖνό
1623 1567 1709 1601 πως

168 1622 239 1660 τοῦ
270 1621 431 1671 καιροῦ,
463 1614 552 1658 ἄλλ’
582 1613 631 1658 οὗ
658 1614 860 1669 συμπότης
892 1614 959 1656 ῶν.
999 1613 1109 1657 Ἐπεὶ
1136 1615 1179 1657 δὲ
1203 1621 1284 1666 τοῖς
1307 1618 1447 1670 χείλεσι
1466 1614 1544 1670 ,τὴν
1568 1614 1709 1658 κύλικα

117 1713 122 1715 -
169 1686 362 1738 προσῆγε,
393 1679 415 1724 ὅ
448 1681 593 1731 σωθεὶς
624 1679 735 1731 ἀετὸς
766 1680 937 1736 ζωάγρια
969 1681 1133 1723 ἐκτίνων
1164 1683 1205 1723 οἱ
1232 1681 1298 1723 καὶ
1328 1679 1426 1723 κατὰ
1457 1680 1580 1736 τύχην
1610 1679 1708 1737 ἄγα-

168 1746 253 1803 θὴν
285 1747 440 1790 ἐκείνου
472 1747 527 1788 ἔτι
558 1748 770 1801 διατρίβων
801 1747 891 1801 περὶ
920 1743 990 1788 τὸν
1021 1750 1169 1800 χῶρον,
1201 1747 1379 1801 ἐμπίπτει
1409 1751 1454 1803 τῇ
1482 1745 1612 1789 κύλικι
1642 1747 1708 1789 καὶ

170 1811 387 1868 ἕκταράττει
424 1810 550 1866 αὐτὴν
586 1812 652 1854 καὶ
689 1813 796 1867 ἐκχεῖ
820 1811 862 1855 τὸ
894 1811 1026 1855 ποτόν.
1084 1809 1128 1853 Ὁ
1159 1811 1202 1853 δὲ
1232 1810 1499 1868 ἠγανάκτησε,
1536 1813 1603 1854 καὶ
1633 1811 1708 1868 γὰρ

170 1880 278 1933 ἔτυχε
315 1881 469 1931 διψῶν,
507 1878 574 1919 καὶ
610 1878 727 1933 λέγει·
769 1875 849 1920 εἶτα
886 1878 1017 1932 μέντοι
1055 1875 1103 1919 σὺ
1141 1877 1212 1932 μὲν
1243 1878 1392 1928 ἐκεῖνος
1424 1875 1481 1920 ῶν
1519 1876 1604 1934 (καὶ
1632 1877 1708 1933 γὰρ

169 1945 235 1986 καὶ
267 1942 336 1986 τὸν
366 1943 480 1998 ὅρνιν
510 1942 713 1999 ἐγνώρισε)
745 1942 927 1994 τοιαύτας
957 1942 1161 1993 ἀποδίδως
1191 1948 1272 1993 τοῖς
1304 1947 1472 1998 σωτῆρσι
1502 1942 1570 1994 τὰς
1600 1942 1707 1999 χάρι-

171 2025 256 2060 τας;
288 2007 385 2051 ἀλλὰ
415 2013 500 2059 πῶς
525 2010 579 2050 ἔτι
603 2013 723 2051 ταῦτα
748 2007 849 2051 καλά
857 2025 867 2059 ;
898 2013 982 2059 πῶς
1008 2007 1044 2050 δ’
1073 2006 1125 2050 ἂν
1150 2009 1216 2050 καὶ
1241 2007 1357 2059 ἄλλος
1382 2007 1566 2063 σπουδὴν
1590 2027 1707 2051 κατα-

171 2075 321 2116 θέσθαι
345 2070 551 2128 θελήσειεν
576 2076 631 2125 εἴς
655 2092 742 2116 τινα
761 2077 874 2117 αἰδοῖ
886 2073 983 2124 Διὸς
1008 2076 1176 2130 χαρίτων
1201 2073 1352 2129 ἐφόρου
1371 2091 1411 2116 τε
1429 2075 1495 2116 καὶ
1515 2073 1706 2123 ἕπόπτου;

169 2140 236 2181 καὶ
271 2144 324 2198 τῷ
362 2139 433 2194 μὲν
462 2144 582 2182 ταῦτα
620 2141 748 2194 εἴρητο
785 2140 852 2181 καὶ
889 2137 1096 2195 ἐφρύγετο·
1138 2137 1211 2197 ὁρᾷ
1249 2139 1293 2182 δὲ
1330 2140 1580 2194 ἐπιστραφεὶς
1615 2138 1708 2190 τοὺς

171 2203 334 2255 πιόντας
366 2202 631 2259 ἀσπαίροντας
660 2221 699 2247 τε
729 2205 796 2247 καὶ
827 2203 1171 2259 ἀποθνήσκοντας.
1213 2200 1292 2247 ςΗν
1323 2205 1366 2247 δὲ
1396 2204 1494 2260 ἄρα,
1527 2202 1579 2255 ὥς
1610 2219 1707 2259 συμ-

172 2267 351 2324 βάλλειν,
382 2267 584 2324 ἐμημεκῶς
615 2272 670 2320 εἰς
699 2268 772 2325 τὴν
802 2268 937 2326 πηγὴν
968 2268 989 2313 ὁ
1015 2269 1109 2325 ὄφις
1133 2272 1200 2313 καὶ
1223 2269 1391 2326 κεράσας
1421 2268 1547 2323 αὐτὴν
1570 2274 1623 2327 τῷ
1648 2272 1706 2327 ἴῳ.

167 2332 210 2376 ‘O
241 2334 313 2388 μὲν
344 2332 455 2384 ἆετὸς
484 2339 537 2393 τῷ
569 2334 736 2378 σώσαντι
773 2334 948 2391 ἀμοιβὴν
983 2340 1052 2390 τῆς
1087 2338 1262 2390 ἰσοτίμου
1300 2338 1492 2390 σωτηρίας
1528 2334 1708 2378 ἀπέδωκε

171 2398 240 2442 τὸν
271 2398 429 2454 μισθόν.
481 2400 600 2455 Λέγει
632 2400 675 2442 δὲ
699 2400 860 2456 Κράτης
891 2399 913 2443 ὅ
938 2399 1203 2456 Περγαμηνὸς
1233 2399 1334 2456 ὑπὲρ
1364 2400 1514 2443 τούτων
1543 2402 1610 2443 καὶ
1639 2399 1709 2444 τὸν

172 2468 415 2519 Στησίχορον
452 2462 565 2522 ᾅδειν
595 2465 639 2506 ἕν
670 2482 745 2507 τινι
780 2463 967 2521 ποιήματι
1009 2465 1082 2509 οὐκ
1114 2465 1391 2520 ἐκφοιτήσαντί
1418 2483 1497 2508 που
1529 2469 1584 2516 εἰς
1614 2471 1707 2509 πολ·
1721 2481 1790 2513 992

172 2529 285 2583 λούς,
316 2526 463 2584 σεμνόν
493 2547 532 2572 τε
562 2530 628 2572 καὶ
660 2528 844 2585 ἀρχαῖον,
877 2530 930 2583 ῶς
960 2549 1003 2588 γε
1036 2534 1185 2586 κρίνειν
1216 2531 1301 2585 ἐμέ,
1332 2529 1401 2573 τὸν
1432 2529 1607 2585 μάρτυρα
1633 2533 1707 2573 εἰσ-

172 2594 293 2652 άγων.
339 2597 398 2639 Cf.
425 2599 546 2638 etiam
572 2598 700 2637 Tzetz.
727 2599 830 2638 Chil.
855 2599 914 2638 IV
936 2602 1035 2640 302.
1081 2600 1309 2647 Welckero,
1341 2601 1405 2638 cui
1431 2612 1494 2650 ea,
1526 2613 1627 2649 quae
1659 2600 1708 2638 de

175 2664 402 2704 stesichoro
428 2664 590 2703 fabulae
615 2666 777 2703 auctore
802 2665 980 2714 prodidit
1005 2663 1145 2703 Crates
1172 2665 1236 2704 vel
1256 2664 1468 2711 Aelianus,
1500 2664 1592 2704 ficta
1620 2678 1709 2705 esse

113 2742 116 2746 ’
173 2729 380 2781 videntur,
412 2729 597 2780 equidem
627 2742 707 2768 non
737 2730 948 2780 suffragor.

835 2832 1045 2887 67.[13]

227 2950 232 2955 .
297 2919 464 2970 Argum.
488 2920 649 2960 Hesiod.
670 2919 778 2960 Scut.
801 2920 933 2959 Hem:
965 2915 1148 2967 ὡσαύτως
1173 2916 1217 2958 δὲ
1242 2917 1308 2958 καὶ
1327 2916 1567 2973 Στησίχορός
1585 2932 1711 2974 φησιν

1356 2986 1426 3022 Ιῦ*
