1864 3126
239 126 326 168 384
532 131 534 135 “
800 123 990 161 ΡΟΕΤΑΕ
1015 125 1195 161 MELICI.

481 231 696 288 ἐντάφιον
728 231 777 275 δὲ
807 234 1016 275 τοιοῦτον
1048 230 1141 275 οὔτ’
1176 230 1316 289 εὐρώς

428 314 448 345 5
481 301 586 347 οὔθ’
622 301 644 346 ὁ
678 302 980 360 πανδαμάτωρ
1011 301 1266 360 ἀμαυρώσει
1298 302 1470 360 χρόνος.

235 420 444 478 Ἀντιστρ.
476 419 659 478 ἀνδρῶν
692 419 880 477 ἀγαθῶν
913 420 989 465 ὅδε
1021 419 1156 477 σηκὸς
1187 422 1362 465 οἰκέταν
1394 419 1603 475 εὐδοξίαν

475 489 687 543 Ἑλλάδος
718 493 875 535 εἵλετο·
907 500 1122 548 μαρτυρεῖ
1151 491 1200 535 δὲ
1230 492 1304 535 καὶ
1337 495 1566 543 Λεωνίδας

481 561 692 619 Σπάρτας
721 561 950 618 βασιλεύς,
983 560 1142 619 ἀρετᾶς
1172 563 1311 618 μέγαν
1342 562 1554 615 λελοιπώς

479 632 649 689 κόσμον
680 631 846 677 ἀέναον
876 633 1002 685 κλέος
1032 650 1088 678 τε.

798 816 1203 861 ΕΠΙΝΙΚΟΙ.

582 916 766 949 ΣΚΟΠΑι
791 915 869 949 ΤΩι
896 917 1154 950 ΚΡΕΟΝΤΟΣ
1181 915 1427 949 ΘΕΣΣΑΛΩι

914 1000 1094 1053 5.[12.]

482 1078 1027 1102 ,Ιυυ-υυ-υ-υξ-

481 1140 1599 1162 υυ-Ι-Δυ-Ιυυῃυ--Ιυ-υυ-υ..Ὰ-Ιυυ

479 1200 595 1220 υυέ
621 1203 786 1220 -----
811 1199 1453 1221 -υυ-υ-ᾘυ-υυ-υυ

482 1259 982 1280 UU-'kl——U—UU...

437 1308 457 1338 5
483 1321 790 1339 -------
814 1321 933 1339 νυ.-

481 1376 789 1416 υ-ΛΛυ-Ὰ.

483 1435 1076 1457 ,υ-υυ-Ὰ-υ-υ-Ξ

240 1540 312 1588 πρὸ
351 1539 452 1587 γόων
489 1542 595 1587 Ilgen
632 1542 670 1576 et
703 1541 937 1584 Eichstaedt‚
976 1541 1063 1576 libri
1095 1539 1302 1587 προγόνων.
1337 1562 1379 1566 ——
1413 1539 1536 1582 οἶκτος
1566 1541 1695 1576 Iacobs
1727 1542 1765 1576 et

241 1590 446 1634 Hermann,
478 1590 591 1634 vulgo
625 1586 723 1629 οἶτος
761 1584 883 1633 (οὗτος
913 1589 970 1632 Κ).
1012 1610 1054 1614 -
1093 1589 1136 1624 V.
1175 1593 1208 1624 4.
1253 1585 1336 1624 οὔτ’
1376 1585 1510 1634 εὐρώς,
1547 1588 1587 1623 in
1621 1588 1708 1624 edit.
1746 1593 1761 1622 1

242 1637 372 1682 scripsi
398 1634 517 1680 εὐρώς
542 1636 666 1671 deleta
690 1636 876 1681 particula
902 1633 999 1681 οὔτ’,
1025 1637 1198 1681 Hartung
1222 1647 1295 1672 non
1320 1638 1419 1672 recte
1445 1633 1578 1671 οὔποτ’
1607 1635 1766 1680 scripsit.

242 1706 285 1710 -
306 1685 350 1719 V.
378 1688 409 1720 6.
436 1683 587 1727 ἀνδρῶν
613 1679 774 1727 ἀγαθῶν
801 1678 866 1718 ὅδε
894 1683 1033 1729 scripsi,
1060 1683 1256 1729 legebatur
1280 1680 1430 1727 ἀνδρῶν
1456 1681 1635 1728 οἷγαθῶν·
1661 1679 1681 1717 ὁ
1708 1681 1764 1726 δέ,

239 1733 367 1767 Arsen.
395 1728 556 1776 ἀγαθῶν
591 1727 759 1774 ἀνδρῶν·
785 1727 804 1765 ὁ
834 1729 894 1774 δέ,
930 1742 1047 1776 prava
1070 1731 1267 1767 verborum
1294 1730 1544 1766 distinctione.
1594 1730 1667 1765 Sed
1691 1740 1766 1766 non

241 1781 341 1815 recte
367 1780 478 1814 antea
501 1778 639 1813 inserui
670 1777 895 1823 particulam
933 1775 1083 1822 ἀνδρῶν
1115 1775 1152 1812 δ’
1187 1775 1358 1823 ἀγαθῶν.
1416 1789 1502 1813 nam
1534 1778 1626 1814 haec
1651 1778 1766 1817 verba

241 1837 316 1861 non
341 1827 389 1862 ad
414 1837 476 1861 eos
503 1825 567 1870 qui
590 1827 688 1870 apud
709 1826 979 1871 Thermopylas
1006 1826 1258 1861 occubuerunt
1281 1825 1475 1861 referenda
1493 1826 1590 1868 sunt,
1610 1835 1766 1869 quorum

241 1873 369 1910 laudes
390 1874 544 1919 stropha
563 1873 728 1908 extrema
754 1872 948 1908 absolutae
975 1875 1071 1917 sunt,
1098 1873 1163 1908 sed
1188 1874 1360 1918 spectant
1376 1883 1552 1918 praesens
1572 1882 1767 1917 argumen-

241 1924 342 1961 tum,
373 1921 412 1955 id
438 1920 537 1965 quod
568 1916 644 1955 ὅδε
673 1915 786 1964 σηκὸς
810 1919 920 1964 plane
946 1920 1095 1955 evincit.
1145 1920 1262 1955 Poeta
1287 1920 1385 1955 enim
1411 1919 1588 1955 virtutem
1613 1918 1766 1954 Atheni-

243 1967 397 2012 ensium,
425 1967 489 2012 qui
509 1966 633 2002 navali
657 1966 800 2011 proelio
826 1967 1088 2012 occubuerunt,
1115 1966 1207 2002 dicit
1230 1967 1548 2012 aequiparandam
1573 1977 1653 2002 esse
1673 1966 1765 2001 Leo-

242 2015 352 2050 nidae
385 2016 423 2050 et
456 2015 723 2060 Spartanorum
756 2013 914 2059 egregiis
940 2014 1120 2049 laudibus.
1165 2013 1258 2050 Cum
1288 2013 1410 2049 verbis
1440 2017 1626 2059 μαρτυρεῖ
1649 2015 1765 2048 λελοι-

241 2059 320 2103 πώς
339 2073 539 2107 componas
557 2061 662 2097 Pind.
683 2060 922 2097 Isthm.V43.
934 2082 978 2087 —
998 2058 1122 2107 σηκὸς,
1137 2060 1394 2096 Schneidewin
1413 2059 1538 2101 σακὸς.
1555 2081 1598 2086 —
1613 2058 1765 2096 οἰκέταν

243 2109 510 2153 Schneidewin,
529 2109 643 2154 vulgo
658 2107 821 2153 οἰκετᾶν,
841 2108 1030 2144 Hermann
1044 2105 1211 2154 οἰκητοὶν,
1230 2107 1409 2144 Thiersch
1424 2107 1575 2153 οἰκέτιν,
1594 2107 1766 2153 Hartung

242 2158 370 2192 οἴκοθι
401 2154 470 2192 τὰν
497 2153 674 2198 εὐδοξίαν
699 2155 865 2200 requirit.
893 2176 935 2181 —
962 2156 1005 2192 V.
1034 2160 1065 2191 7.
1092 2157 1216 2191 εἵλετο
1241 2155 1446 2198 Hermann,
1478 2156 1592 2201 vulgo
1626 2156 1765 2190 εἵλατο.

244 2225 286 2230 -—
308 2203 350 2240 δὲ
377 2203 442 2239 καὶ
467 2205 607 2247 Arsen„
634 2201 676 2238 δὲ
697 2201 804 2238 Diod.
826 2224 869 2230 —
892 2203 934 2238 V.
963 2208 995 2240 8.
1021 2200 1201 2249 Σπάρτας
1225 2200 1408 2250 βασιλεὺς,
1433 2203 1627 2248 legebatur
1653 2199 1672 2237 ὁ
1693 2203 1766 2237 Σπ.

244 2253 288 2299 fi„
321 2251 443 2287 delevi
475 2251 684 2286 articulum.
717 2270 761 2276 --
786 2248 981 2294 λελοιπώς,
1014 2252 1141 2286 Arsen.
1167 2247 1296 2286 λιπών.
1323 2270 1367 2276 —-
1398 2250 1444 2287 V.
1469 2253 1503 2286 9.
1541 2246 1700 2293 ἀέναον,
1737 2249 1766 2285 L

243 2296 420 2334 οἳένναον.
447 2320 489 2324 -—
518 2296 625 2338 κλέος
648 2310 687 2333 τε
714 2297 863 2342 scripsi,
894 2298 1091 2343 legebatur
1115 2310 1154 2333 τε
1181 2295 1303 2343 κλέος,
1337 2308 1425 2332 nam
1456 2297 1555 2342 quod
1586 2297 1625 2332 in
1655 2296 1710 2332 ed.
1745 2300 1764 2331 1

243 2360 281 2382 τε
309 2349 433 2387 κλεῖος
457 2345 615 2390 correxi,
642 2345 782 2380 dudum
801 2344 932 2380 abieci.
967 2346 1065 2381 Rara
1085 2345 1255 2390 exempla
1281 2344 1489 2390 particulae
1507 2357 1547 2380 τε
1566 2344 1638 2379 hoc
1656 2343 1766 2379 modo

242 2394 440 2438 traiectae,
466 2404 585 2437 neque
610 2393 735 2428 tamen
761 2392 912 2436 desunt,
938 2393 1011 2428 vid.
1036 2393 1142 2428 Pind.
1168 2391 1274 2428 Nem.
1296 2392 1365 2427 V11
1390 2395 1435 2428 95
1451 2387 1567 2437 Ἥρας
1591 2388 1702 2426 πόσιν
1725 2403 1765 2425 τε

243 2441 414 2486 Aeschyl.
434 2441 556 2476 Prom.
573 2443 639 2475 141
660 2439 727 2475 τοῦ
748 2438 833 2484 περὶ
851 2437 978 2475 πᾶσάν
997 2436 1042 2475 θ’
1064 2438 1319 2485 εἱλισσομένου
1340 2437 1466 2484 χθόνα
1486 2466 1494 2474 .
1516 2467 1524 2474 .
1546 2466 1554 2474 .
1571 2435 1766 2483 Ὠκεανοῦ,

245 2500 331 2524 nam
356 2488 510 2523 Eumen.
538 2491 607 2523 279
634 2484 672 2527 ἐς
697 2484 738 2522 τὸ
765 2487 842 2522 πᾶν
868 2500 906 2522 τε
935 2485 1128 2533 σύμμαχον
1154 2487 1275 2522 minus
1304 2486 1469 2522 offendit.

339 2534 553 2581 Epinicia
578 2533 777 2570 Simonidis
805 2545 827 2570 a
850 2534 1039 2570 veteribus
1063 2533 1320 2580 grammaticis
1345 2533 1382 2568 in
1408 2533 1529 2569 varias
1554 2532 1690 2568 classes
1710 2543 1765 2566 se-

245 2583 405 2619 cundum
430 2582 675 2618 certaminum
699 2592 837 2627 genera
862 2581 1041 2627 discripta
1067 2583 1183 2626 erant,
1209 2581 1263 2616 sic
1281 2580 1324 2616 fr.
1347 2585 1391 2615 14
1410 2583 1468 2616 est
1487 2577 1530 2615 ἐκ
1547 2579 1623 2614 τῶν
1643 2581 1765 2624 Σιμω-

243 2631 351 2666 νίδου
377 2630 664 2675 τεθρίππων,
690 2630 733 2664 fr.
762 2632 804 2664 12
830 2629 1045 2674 Σιμωνίδης
1071 2626 1113 2664 ἐν
1137 2633 1215 2669 τοῖς
1238 2625 1534 2672 πεντάθλοις,
1558 2637 1668 2671 porro
1694 2627 1765 2661 huc

244 2677 408 2722 pertinet
440 2677 541 2722 quod
565 2688 610 2712 ex
635 2675 847 2711 Herodiano
873 2675 1071 2721 adscripsit
1095 2675 1254 2711 Bandini
1279 2674 1396 2710 Catal.
1422 2674 1518 2709 Bibl.
1545 2674 1652 2709 Laur.
1682 2677 1766 2708 146:

246 2723 265 2760 ὁ
293 2725 507 2771 Σιμωνίδης
534 2721 750 2768 ἐπέγραψεν
777 2720 979 2758 ἐπίνικοι
1005 2723 1214 2769 (legebatur
1240 2719 1416 2766 ἐπίκικοι)
1441 2719 1650 2766 δρομέσι,
1676 2718 1766 2756 δέον

245 2777 322 2812 τοῖς
347 2772 536 2817 δρομεῦσι.
581 2770 677 2806 Sane
703 2782 725 2806 a
751 2770 1050 2816 diligentioribus
1075 2769 1327 2815 grammaticis
1345 2769 1394 2804 ad
1414 2767 1681 2804 Callimachum
1701 2779 1766 2813 po-

246 2819 338 2863 tius,
371 2821 414 2854 ut
439 2818 698 2854 Schneidewin
722 2817 1004 2863 animadvertit,
1029 2818 1122 2853 haec
1154 2816 1357 2852 carminum
1381 2815 1574 2860 inscriptio
1598 2814 1767 2859 refertur,

247 2866 319 2901 vid.
347 2866 590 2901 Choerobosc.
619 2865 732 2900 Bekk.
759 2865 827 2900 An.
854 2864 905 2900 ΙΙΙ
932 2868 1040 2900 1185:
1073 2862 1236 2910 Δρομέσι
1265 2860 1368 2909 παρὰ
1397 2859 1636 2910 Καλλιμάχῳ·
1671 2859 1767 2898 ἐκεῖ·
