1864 3126
895 711 971 755 IV.
1626 726 1695 759 818

657 818 1171 881 ,ALOMAN*).

581 962 680 1006 ΕΙΣ
719 962 813 1007 AIA
851 962 1128 1007 ΛΥΚΑΙΟΝ.
1170 964 1293 1001 1-8,

861 1099 896 1140 1.
930 1099 1006 1152 [1.]

265 1203 812 1225 ,ιυυ-υυ-υυ-υυ

265 1256 574 1283 Δυυ-ὐυε

264 1318 766 1343 ῦΔυ-υ-ῦΔυ-ῖι

265 1449 462 1486 Alcman.
507 1449 768 1494 Grammatici,
794 1450 858 1495 qui
882 1450 1071 1486 Alcmanis
1098 1450 1263 1486 carmina
1286 1451 1324 1486 in
1350 1447 1517 1487 ordinem
1541 1451 1694 1497 redege-

170 1499 275 1542 runt,
298 1499 474 1543 poemata
491 1497 532 1532 in
551 1497 705 1533 deorum
723 1498 900 1533 honorem
922 1498 1128 1544 composita
1145 1498 1433 1543 praemiserunt,
1459 1510 1552 1544 quos
1571 1499 1695 1544 quoad

171 1545 279 1581 licuit
304 1546 452 1580 secutus
478 1556 577 1579 sum:
603 1556 690 1580 nam
716 1546 820 1581 varia
846 1546 1051 1581 carminum
1076 1557 1228 1591 genera,
1255 1557 1351 1591 quae
1376 1546 1549 1581 videntur
1573 1557 1695 1592 gram-

170 1592 298 1628 matici
331 1592 531 1637 separatim
558 1592 734 1637 edidisse,
766 1604 833 1628 nos
858 1604 969 1638 aegre
1002 1593 1245 1628 discernimus
1270 1596 1422 1639 propter
1452 1593 1695 1638 reliquiarum

170 1639 409 1686 paucitatem.
459 1639 578 1674 Erant
601 1640 731 1685 hymni
754 1640 778 1675 i.
805 1651 836 1676 e.
861 1641 1037 1685 poemata
1062 1651 1156 1685 quae
1182 1641 1230 1676 ad
1255 1639 1536 1676 similitudinem
1561 1640 1695 1677 carmi·

169 1699 276 1732 num,
302 1686 436 1732 quibus
460 1686 682 1731 hymnorum
707 1687 897 1732 proprium
924 1690 981 1722 est
1005 1698 1156 1731 nomen,
1183 1699 1298 1733 prope
1319 1688 1563 1732 accedebant,
1589 1691 1695 1724 erant

169 1745 348 1780 paeanes,
385 1732 680 1779 hyporchemata
713 1736 751 1769 et
781 1735 948 1779 inprimis
974 1734 1189 1780 parthenia:
1225 1735 1295 1770 hoc
1325 1746 1441 1780 genus
1477 1735 1692 1779 carminum,

170 1782 269 1826 quod
295 1781 451 1816 Alcman
482 1782 630 1826 praeter
661 1783 785 1816 cetera
815 1782 1082 1826 frequentavit,
1117 1782 1272 1818 fortasse
1304 1782 1555 1828 compluribus
1586 1782 1692 1818 libris

169 1829 476 1874 comprehensum
501 1827 583 1863 fuit.
623 1828 705 1864 Orsi
724 1830 850 1864 autem
870 1831 955 1864 sunt
973 1829 1207 1875 grammatici
1232 1830 1275 1864 ut
1299 1841 1366 1874 par
1386 1830 1468 1864 erat
1486 1840 1509 1864 a
1529 1829 1692 1865 carmine

169 1875 207 1911 in
227 1876 359 1912 Iovem.
395 1875 512 1910 Huius
531 1875 662 1920 hymni
682 1878 941 1921 argumentum
960 1876 1125 1912 illustrat
1143 1876 1281 1912 Himer.
1304 1877 1364 1913 Or.
1385 1876 1417 1909 V
1431 1881 1467 1912 3:
1492 1873 1692 1922 Ἀλκμαίων

170 1920 208 1957 δ’
231 1920 250 1957 ὁ
272 1920 339 1968 τὴν
361 1920 509 1967 Δώριον
534 1921 652 1968 λύραν
674 1924 824 1964 Λυδίοις
842 1921 1003 1968 κεράσας
1029 1921 1208 1973 ᾄσμασιν,
1236 1921 1416 1969 ἐτύγχανε
1444 1922 1514 1969 μὲν
1537 1922 1693 1969 διά“τῆς

169 1967 346 2015 Σπάρτης
365 1969 419 2010 εἰς
439 1967 531 2010 Διὸς
550 1972 717 2006 Λυκαίου
743 1972 904 2017 κομίζων
930 1968 1097 2020 ᾅσματα,
1123 1968 1167 2006 οὐ
1188 1969 1261 2029 μὴν
1281 1972 1453 2016 παρῆλθε
1474 1968 1541 2016 τὴν
1561 1973 1688 2017 Σπαρ-

168 2031 253 2062 την,
278 2017 368 2061 πρὶν
392 2017 457 2052 καὶ
482 2015 600 2062 αὐτὴν
626 2015 694 2062 τὴν
718 2016 828 2054 πόλιν
847 2018 912 2053 καὶ
932 2016 1160 2063 Διοσκόρους
1179 2016 1436 2054 ασπάσασθαι.
1474 2018 1572 2054 Nam
1596 2019 1690 2054 haec

167 2065 282 2100 verba
305 2065 405 2100 haud
425 2064 535 2100 dubie
555 2065 764 2110 significant
788 2067 938 2111 poetam
957 2066 1096 2111 hymno
1115 2066 1154 2101 in
1172 2066 1296 2102 Iovem
1315 2064 1513 2101 inseruisse
1534 2066 1690 2111 Spartae

169 2113 207 2147 et
224 2111 488 2147 Dioscurorum
508 2112 645 2148 laudes.
686 2114 735 2148 At
760 2114 965 2158 composuit
989 2115 1101 2159 poeta
1126 2113 1239 2148 etiam
1262 2113 1452 2159 peculiare
1477 2124 1626 2148 carmen
1650 2113 1691 2149 in
1750 2116 1753 2117 ’

167 2159 385 2203 Dioscuros,
424 2161 536 2204 atque
572 2159 659 2195 huic
698 2160 851 2195 carmini
886 2159 946 2196 vel
980 2162 1133 2206 propter
1163 2160 1375 2206 argumenti
1406 2159 1690 2196 similitudinem

157 2206 402 2252 ⁴grammatici
441 2207 641 2242 secundum
677 2208 889 2243 tribuerunt
922 2208 1045 2244 locum
1077 2208 1165 2253 (vid.
1190 2208 1234 2242 fr.
1262 2210 1307 2251 9).
1357 2208 1406 2242 Et
1436 2207 1507 2253 ipsi
1539 2208 1689 2252 quidem

167 2254 311 2290 numeri
336 2265 509 2290 versuum
535 2254 673 2290 indicio
700 2255 803 2298 sunt,
828 2257 953 2290 utrum
977 2254 1227 2301 fragmentum
1253 2255 1404 2300 aliquod
1430 2255 1476 2290 de
1501 2254 1689 2291 Dioscuris

167 2302 215 2337 ad
240 2302 419 2347 hymnum
447 2302 463 2336 I
489 2312 535 2336 an
562 2302 609 2337 ad
634 2302 811 2348 hymnum
837 2302 871 2337 II
897 2303 1100 2348 pertineat,
1125 2314 1213 2338 nam
1237 2303 1396 2348 hymnus
1422 2302 1438 2336 I
1464 2304 1619 2346 constat,
1643 2305 1687 2338 ut

166 2350 328 2384 testatur
352 2348 534 2384 Maximus
554 2349 755 2391 Planudes‚
782 2349 946 2395 strophis
971 2351 1161 2386 ternorum
1185 2362 1369 2395 versuum,
1396 2350 1460 2385 sed
1485 2345 1688 2395 ἀνομοίων,

168 2407 262 2441 quae
287 2408 404 2442 usque
429 2396 678 2440 iterabantur,
711 2397 775 2433 sed
806 2398 966 2443 hymnus
997 2397 1032 2432 11
1060 2397 1198 2451 dispari
1228 2408 1462 2433 numerorum
1487 2407 1623 2442 genere
1649 2398 1688 2432 et

167 2444 329 2489 strophis
363 2444 406 2478 ut
438 2443 585 2479 videtur
615 2443 876 2489 amplioribus;
907 2456 1032 2480 verum
1065 2445 1129 2480 ubi
1160 2447 1294 2491 poetae
1324 2442 1508 2480 sententia
1538 2445 1687 2480 tantum

167 2491 341 2535 refertur,
371 2490 513 2536 ambigi
543 2491 650 2535 licet,
685 2503 757 2535 quo
794 2492 954 2537 quidque
986 2492 1036 2527 sit
1059 2492 1302 2528 referendum.
1351 2490 1534 2527 Disseruit
1558 2491 1603 2526 de
1629 2491 1686 2526 his

168 2538 425 2574 Schneidewin
445 2539 491 2574 ad
512 2537 636 2573 Orion.
656 2550 690 2583 p.
715 2544 731 2573 1
748 2551 862 2585 seqq„
888 2539 953 2574 sed
973 2550 1098 2575 veram
1118 2539 1173 2575 rei
1191 2539 1373 2574 rationem
1391 2549 1467 2573 non
1486 2538 1686 2583 perspexit.

166 2586 304 2631 Hymni
334 2586 373 2621 in
404 2587 530 2621 Iovem
562 2585 731 2631 singulae
764 2587 938 2632 strophae
968 2587 1083 2622 ternis
1113 2587 1287 2622 constant
1319 2585 1503 2630 versibus,
1541 2585 1685 2621 duobus

166 2633 376 2679 dactylicis,
409 2633 520 2668 tertio
551 2633 728 2669 iambico:
767 2645 895 2669 verum
926 2634 988 2668 h‘ic
1018 2645 1145 2669 versus
1176 2634 1367 2679 negotium
1399 2632 1569 2676 facessit‚·
1599 2644 1685 2668 nam

166 2682 299 2724 quarto
330 2681 413 2716 loco
445 2680 501 2715 bis
532 2680 717 2726 reperitur
747 2681 931 2726 spondeus
957 2681 1013 2726 (fr.
1040 2685 1062 2715 4
1088 2686 1126 2716 et
1150 2684 1204 2727 6),
1239 2680 1303 2726 qui
1332 2679 1584 2715 trimetrorum
1610 2680 1686 2725 legi
1736 2720 1738 2722 ,

164 2739 312 2772 prorsus
338 2728 565 2764 adversatur.
608 2729 739 2773 Itaque
765 2728 853 2763 olim
879 2729 1092 2764 existimavi
1116 2728 1346 2764 trochaicum
1372 2738 1450 2763 esse
1474 2727 1685 2763 trimetrum

260 2870 293 2915 ²¹⁶)
320 2870 472 2905 Numeri
498 2849 637 2905 adiecti
661 2872 747 2906 sunt
771 2869 944 2907 editionis
969 2870 1263 2907 Welckerianae.
