1864 3126
238 165 294 207 98
563 193 564 196 ,
798 165 994 201 ΡοΕΤΑΕ
1018 166 1196 203 MELICI.

883 275 1120 328 26.[135]

309 361 477 409 Κεΐνον,
510 352 540 398 ὦ
572 356 816 412 χρυσόθρονε
847 357 1002 411 Μοῢσ’,
1034 360 1187 408 ἔνισπες

307 421 450 476 ὕμνον,
481 423 524 463 ἐκ
554 427 621 472 τᾶς
651 421 948 476 καλλιγύναικος
979 424 1122 474 ἐσθλᾶς

311 485 430 540 Τήιος
461 485 590 540 χώρας
619 485 667 529 ὃν
698 486 805 529 ἄειδε
834 492 1006 542 τερπνῶς

368 551 540 605 πρέσβυς
571 550 731 604 ἀγαυός.

891 730 1101 783 27.[93]

306 810 627 866 Σκιὸναμένας“
649 811 697 854 ἐν
729 810 943 866 στήθεσιν
975 809 1111 867 ὄργας

306 880 571 937 μαψυλάκαν
602 884 811 937 γλῶσσαν
842 881 1140 939 πεφύλαχθαι.

890 1075 958 1117 28.
992 1075 1098 1127 [61.]
1690 1085 1758 1118 887

305 1157 367 1198 Αἰ
398 1152 439 1197 δ’
473 1148 576 1211 ἧχες
607 1158 748 1200 ἔσλων
781 1160 935 1213 ἵμερον
967 1153 994 1212 ἢ
1026 1155 1198 1212 κάλων,

234 1301 354 1357 ᾆσμα
390 1309 533 1343 παντί
565 1322 650 1344 που
689 1309 836 1354 δῆλον.
886 1308 1221 1354 Possis-suspicari
1252 1308 1347 1344 illud
1380 1309 1524 1344 tantum
1559 1309 1756 1345 confictum

234 1366 331 1400 esse,
367 1356 466 1400 quod
501 1356 550 1391 ad
584 1356 856 1392 Anacreontem
893 1356 1071 1402 scriptum
1106 1355 1156 1392 sit
1189 1367 1359 1399 carmen,
1394 1356 1459 1391 sed
1492 1356 1618 1402 potius
1650 1367 1759 1392 omne

234 1414 384 1438 carmen
410 1403 651 1438 subditicium
677 1414 756 1439 esse
783 1404 1008 1448 censendum
1034 1405 1099 1440 est.
1123 1424 1164 1429 —
1185 1403 1228 1440 V.
1252 1408 1282 1440 1.
1303 1407 1429 1438 κεῖνον
1456 1403 1620 1448 Ursinus,
1645 1404 1758 1449 vulgo

233 1451 381 1485 κείνων.
409 1471 452 1475 -
480 1449 628 1491 ἔνισπες
654 1452 802 1495 Barnes,
829 1453 1004 1491 εἴνασπες
1029 1450 1135 1494 PVL,
1163 1452 1311 1491 εἷ’νσπες
1337 1452 1380 1485 A.
1408 1471 1452 1475 —
1477 1451 1521 1486 V.
1540 1455 1582 1486 2.
1611 1448 1652 1487 ἐκ
1678 1451 1757 1497 τᾶς,

232 1497 404 1532 Meineke
442 1495 495 1533 ὡκ
529 1499 594 1538 τᾶς
632 1498 802 1534 correxit.
846 1519 888 1524 —
931 1498 974 1534 V.
1007 1502 1039 1534 3.
1083 1496 1196 1543 Τήιος
1232 1499 1387 1541 Barnea,
1424 1498 1537 1544 vulgo
1574 1495 1594 1534 ὁ
1635 1497 1759 1544 Τήιος,

232 1544 380 1580 Hecker
420 1545 571 1590 Τηΐας.
610 1566 654 1572 -
692 1541 737 1581 ὃν
769 1545 908 1591 Ursin.‚
946 1545 1059 1591 vulgo
1097 1542 1166 1586 ὅς’.
1206 1566 1250 1571 -
1287 1545 1331 1581 V.
1358 1549 1392 1580 4.
1426 1541 1571 1590 ἀγαυός
1606 1545 1758 1591 Barnes,

233 1592 320 1627 libri
346 1588 496 1637 άγλαός.

327 1687 385 1722 Fr.
412 1691 470 1723 27.
520 1687 705 1723 Plutarch.
734 1687 780 1723 de
807 1687 886 1723 coh.
913 1687 968 1723 ira
993 1699 1022 1723 c.
1052 1692 1090 1723 7:
1112 1686 1177 1722 Ἐν
1204 1683 1296 1734 ὀργῇ
1324 1687 1366 1722 δὲ
1393 1684 1616 1732 σεμνότερον
1642 1683 1758 1723 οὐδὲν

232 1732 399 1779 ἡσυχίας,
425 1731 474 1774 ὡς
499 1732 522 1779 ἡ
548 1732 698 1780 Σαπφώ
725 1739 915 1779 παραινεῖ,
941 1733 1191 1780 σκιδναμένης
1221 1732 1262 1770 ἐν
1289 1731 1468 1780 στήθεσιν
1494 1731 1609 1779 ὀργῆς
1632 1747 1756 1779 πεφυ-

232 1779 372 1826 λάχθαι
397 1782 565 1826 ’γλῶσσαν
592 1780 861 1828 μαψυλάκταν,
886 1781 1075 1817 Hermann
1100 1779 1330 1827 μαψυλάκαν
1355 1780 1587 1826 emendavit,
1615 1781 1779 1818 Seidler'

231 1828 398 1863 restituit
416 1827 593 1872 Adonios,
619 1830 748 1864 contra
766 1829 954 1864 Hermann
979 1829 1142 1864 numeris
1174 1829 1284 1864 aliter
1313 1828 1501 1874 discriptis
1528 1825 1570 1864 ἐν
1594 1829 1695 1864 delet
1720 1831 1758 1864 et

232 1872 412 1910 στάθεσιν
438 1876 603 1920 requirit.
631 1897 674 1901 —
700 1875 745 1911 V.
771 1880 803 1912 2.
830 1877 973 1911 Ahrens
1005 1873 1200 1921 πεφύλαξο
1233 1875 1444 1920 substituit,
1476 1887 1519 1910 ac
1544 1886 1631 1911 sane
1654 1876 1755 1913 infin.

231 1920 479 1967 πεφυλάχθαι
499 1923 701 1968 Plutarchi,
728 1934 803 1958 non
823 1923 989 1968 poetriae
1010 1924 1157 1959 videtur
1176 1934 1389 1968 esse,.quae
1414 1919 1639 1968 πεφύλαχθε
1666 1923 1755 1959 scri-

230 1969 364 2015 pserit,
399 1970 458 2005 vel
489 1970 520 2004 si
551 1970 748 2016 singularis
775 1981 949 2005 numerus
982 1971 1255 2015 requirebatur,
1289 1970 1413 2006 activa
1443 1970 1564 2016 specie
1596 1981 1663 2006 usa
1693 1983 1756 2006 πε-

232 2014 414 2061 φύλαχθι,
439 2017 596 2053 formam
622 2018 720 2053 hanc
745 2018 915 2063 quamvis
934 2018 1152 2053 inusitatam
1170 2019 1297 2053 tuetur
1315 2019 1482 2063 ὃείὸιχθι
1501 2029 1559 2062 ap.
1580 2017 1756 2054 Nicandr.

231 2064 336 2101 Alex.
364 2068 433 2099 443
460 2066 499 2099 et
523 2064 700 2100 Babrium
727 2069 783 2110 ⁷5,
809 2070 842 2101 2.

326 2159 383 2194 Fr.
411 2163 467 2195 28.
519 2159 670 2196 Aristot.
697 2160 806 2195 Rhet.
827 2160 842 2195 I
863 2163 903 2195 9:
932 2156 990 2195 Τὰ
1015 2156 1088 2204 γὰρ
1114 2156 1246 2205 αἰσχροὶ
1273 2155 1514 2216 αἰσχύνονται
1540 2159 1604 2194 καὶ
1627 2158 1756 2205 λέγον-

230 2219 291 2247 τες
314 2205 380 2241 καὶ
405 2206 601 2246 ποιοῦντες
626 2206 690 2241 καὶ
715 2206 927 2252 μέλλοντες,
961 2202 1087 2251 ὅσπερ
1113 2205 1177 2242 καὶ
1210 2208 1359 2252 Σαπφω
1392 2207 1598 2252 πεποίηκεν
1629 2204 1756 2242 εἰπόν-

230 2267 292 2294 τος
316 2253 383 2288 τοῦ
406 2250 570 2289 Ἀλόιαίου
603 2255 660 2298 (fr.
687 2255 758 2298 55).
785 2281 792 2288 .
816 2282 822 2288 .
844 2283 851 2290 .
879 2253 926 2289 Αἰ
948 2250 988 2289 δ’
1021 2257 1098 2290 κτλ.
1129 2254 1235 2289 Adde
1265 2254 1431 2289 scholion
1464 2254 1512 2289 ad
1543 2254 1578 2290 h.
1605 2253 1629 2290 l.
1655 2253 1756 2299 apud

230 2300 351 2337 Cram.
378 2299 447 2336 An.
473 2301 556 2336 Par.
582 2300 598 2334 Ι
623 2305 703 2344 266,
730 2305 794 2336 25:
820 2303 907 2336 Εἴτε
935 2300 955 2336 ὁ
979 2297 1142 2341 Ἀλκαῖος
1166 2298 1186 2335 ὃ
1213 2298 1369 2358 ποιητὴς
1400 2297 1474 2346 ἤρα
1505 2297 1619 2346 κόρης
1642 2298 1755 2358 umis,

229 2343 252 2391 ἢ
278 2345 389 2388 ἄλλος
422 2361 476 2388 τις
499 2345 590 2393 ἤρα,
625 2346 788 2394 παράγει
819 2343 889 2383 οὖν
919 2345 1019 2393 ὅμως
1044 2346 1065 2392 ἡ
1098 2347 1248 2393 Σαπφὼ
1279 2349 1474 2393 διαλογον·
1504 2347 1569 2383 καὶ
1603 2346 1704 2393 λέγει
1733 2361 1754 2383 ο

231 2394 327 2438 ε’ρῶν
353 2393 444 2441 πρὸς
468 2393 536 2440 τὴν
563 2392 771 2441 ἐρωμένην·
805 2394 929 2438 ,,θὲλω
961 2409 996 2430 τι
1027 2395 1150 2431 εἰπεῖν
1179 2392 1272 2440 πρὸς
1307 2394 1366 2441 σε’,
1399 2391 1482 2430 ἀλλ’
1516 2392 1755 2440 ἐντρέπομαι,

230 2442 422 2488 αἰδοῦμαι,
449 2439 708 2488 αἰσχύνομαι.“
742 2441 813 2478 εἶτ’
847 2437 962 2483 αὖθις
991 2439 1192 2488 ἀμοιβαδὶς
1221 2441 1244 2488 ἡ
1277 2440 1368 2488 κόρη
1400 2440 1502 2487 λέγει
1531 2439 1626 2487 πρὸς
1657 2439 1754 2478 ἐκεῖ·

229 2501 314 2525 νον·
339 2487 447 2534 ,,ἆλλ’
475 2487 544 2525 ε’ἀν
568 2483 613 2536 ᾖς
637 2486 798 2535 ἀγαθός,
824 2486 934 2526 nata*
963 2488 1111 2535 ἔμελλες
1141 2488 1235 2535 πρός
1264 2503 1308 2535 με
1341 2489 1480 2534 εἰπεῖν,
1516 2482 1564 2533 ἦν
1589 2485 1779 2536 ἆγαθόν,,

231 2534 300 2572 οὐκ
326 2534 376 2572 ἂν
401 2534 498 2584 ᾖδοῦ
524 2537 590 2573 καὶ
613 2533 777 2584 ᾐσχύνου
804 2533 937 2578 οὕτως·
963 2535 1057 2572 ἀλλὰ
1083 2535 1176 2582 μετὰ
1202 2538 1410 2582 παρρησίας
1435 2534 1560 2580 ἔλεγες
1583 2533 1645 2581 ἄν,
1671 2535 1753 2584 βλέ-

228 2597 310 2619 πων
335 2584 428 2628 πρός
463 2597 506 2630 με
534 2581 876 2630 άνερυθριάστως.“
901 2605 945 2611 -
972 2585 1015 2621 V.
1045 2588 1075 2621 1.
1105 2579 1201 2642 ³229,
1232 2586 1286 2619 Ac
1315 2577 1404 2629 ἧκες
1429 2579 1483 2624 ἐς.
1515 2582 1596 2618 cod.
1622 2583 1753 2618 Dresd.

230 2629 345 2677 εἶχες,.
365 2631 423 2667 Vb
448 2630 538 2676 ἶπες,
563 2631 750 2667 Victorius
782 2629 861 2672 ἶπες
886 2629 924 2672 ές
949 2633 1075 2677 (supra.
1096 2597 1171 2667 7έαν
1197 2629 1240 2666 δὲ
1265 2625 1381 2676 ἧκες).
1410 2650 1451 2656 -
1480 2627 1595 2665 §alm
1622 2629 1750 2676 Steph.

230 2680 269 2713 et
292 2678 463 2723 Ursinus,
495 2679 690 2724 legebatur
721 2676 879 2714 ἐσθλῶν.
907 2679 952 2716 cf.
978 2678 1074 2714 infra
1098 2679 1142 2714 fr.
1171 2682 1226 2714 51.
1260 2698 1303 2704 -—
1336 2679 1465 2723 ἵμερον
1490 2677 1596 2712 codd.
1621 2678 1664 2712 ut
1697 2676 1752 2713 vi-

230 2725 337 2760 detur
369 2737 510 2770 omnes,
542 2726 656 2772 vulgo
689 2737 733 2762 ex
767 2725 948 2772 Scaligeri
981 2727 1024 2761 ut
1058 2726 1205 2761 videtur
1234 2725 1446 2770 coniectura
1477 2722 1520 2758 αι’
1550 2720 1587 2759 δ’
1622 2723 1681 2760 ῖκὲ
1713 2720 1750 2760 σ’

231 2770 377 2811 ἐσθλῶν
403 2774 529 2819 ἵμερος
559 2774 597 2808 et
628 2771 800 2809 similiter
832 2773 965 2808 Nauck
997 2772 1040 2808 αἰ
1069 2771 1107 2807 δ’
1139 2766 1207 2819 ἦχέ
1240 2770 1278 2808 σ’
1306 2801 1314 2808 .
1335 2799 1371 2807 ..
1398 2773 1535 2817 ἵμερος,
1559 2771 1750 2817 probante

230 2819 429 2864 Spengelio
456 2821 534 2865 (qui
558 2822 753 2866 praeterea.
777 2819 820 2855 αἰ
841 2817 879 2856 δ’
907 2819 986 2861 ἴκες
1011 2817 1039 2856 ἐ.
1067 2821 1197 2866 ἵμερον
1222 2817 1440 2865 proposuit).
1474 2817 1573 2853 Satis
1605 2819 1752 2854 constat

230 2865 369 2901 Graece
394 2868 592 2913 utrumque
618 2867 693 2903 dici
718 2869 777 2914 ἵμε
804 2881 845 2908 ος
870 2865 948 2913 ἔχει
972 2880 1030 2913 με,
1054 2868 1097 2902 ut
1121 2869 1178 2903 est
1197 2866 1295 2912 apud
1314 2865 1427 2911 Soph.
1448 2864 1538 2900 Oed.
1559 2865 1636 2902 Col.
1658 2869 1750 2902 1723

229 2914 268 2947 et
292 2914 421 2958 ἵμερον
449 2913 531 2959 ἔχω,
553 2914 623 2950 vid.
647 2915 758 2960 Soph.
779 2881 832 2949 fil.
857 2918 937 2959 542,
962 2915 1001 2950 ct
1025 2914 1072 2949 ad
1097 2914 1254 2950 eundem
1280 2913 1430 2948 modum
1457 2910 1532 2948 alia
1557 2911 1595 2947 id
1621 2922 1750 2958 genus.
