1864 3126
0 0 180 63 ms

554 117 744 156 CAR-mn
749 121 779 155 A
806 117 1096 157 POPULARIA.
1499 119 1587 163 683

49 231 189 272 malim
221 227 380 284 Βριμῶ
410 231 597 280 scribere,
631 245 710 283 quo
741 233 900 271 nomine
932 232 1111 273 Hecaten
1136 232 1352 284 Lycophro
1384 232 1587 284 indigitat,

47 296 126 339 nisi
166 297 270 338 forte
310 297 388 337 fuit
418 310 444 338 a
473 298 664 349 principio
703 298 896 348 scriptum
933 294 1025 349 μόλε
1063 297 1229 350 δεῦρο,
1265 301 1408 349 postea
1442 311 1586 351 magus

48 361 194 415 aliquia
226 362 436 403 substituit
464 375 609 401 nomen
638 358 823 415 Μομβροό
848 358 944 414 (vid.
973 358 1164 417 Hesych.)
1192 364 1275 404 sive
1301 357 1476 415 Μορμώ,
1508 377 1587 415 quo

48 426 185 468 Trivia
214 441 251 469 v.
285 430 308 469 7
342 428 560 468 invocatur.
599 449 646 454 —
684 427 729 466 V.
759 430 796 467 2.
829 428 1011 468 Meineke
1045 432 1316 480 νυκτεροφοῖτι
1347 429 1586 477 emendavit,

46 492 261 544 legebatur
303 492 597 544 νυκτεροφοίτη.
634 514 682 519 -
718 492 764 532 V.
799 495 835 533 5.
878 489 929 533 ἄν
968 492 1109 542 νέκυας
1148 494 1329 545 Dssthey,
1375 495 1588 546 legebatur

46 555 91 598 ἐν
121 555 293 599 νέκυσιν.

164 623 350 664 Aliorum
383 624 605 664 carminum
636 637 801 676 prorsus
835 638 912 664 non
945 626 1103 666 constat
1143 639 1244 677 quae
1284 627 1407 666 fuerit
1447 627 1586 667 forma.

47 689 112 730 Ita
142 690 350 741 epicnmne
383 703 433 729 an
459 703 554 730 vere
580 690 750 741 lyricum
777 703 936 730 carmen
962 691 1086 731 fuerit
1110 693 1275 742 hymnus
1300 694 1343 731 in
1367 692 1587 743 Herculem,

47 767 164 807 quem
208 758 407 795 memorat
448 756 617 795 Ptolem.
655 756 785 806 Heph.
824 770 861 807 p.
904 759 990 797 186
1020 757 1147 797 West.
1186 747 1439 808 ignoramus:
1482 757 1589 806 τίνος

46 818 150 861 ἐστὶν
180 816 202 861 ὃ
234 817 358 873 ὕμνος
389 816 410 861 ὁ
453 816 648 877 ᾇδόμενος
686 820 729 860 ἐν
770 822 963 874 Θηβαίοις
1000 821 1054 870 εἰς
1085 817 1300 874 Ἡρακλέα,
1338 821 1381 862 ἐν
1420 814 1451 878 ᾧ
1488 820 1589 876 λέγει

49 881 142 938 (eor.
174 882 376 940 λέγεται)
409 882 507 934 Διὸς
543 884 609 925 καὶ
634 882 763 939 Ἥρας
800 883 903 936 υἱός·
943 886 1045 927 ἔνθα
1080 885 1282 939 περὶτῶν
1321 883 1418 927 κατὰ
1455 883 1588 936 πόλεις

45 945 137 998 τοὺς
176 946 328 1002 ὕμνους
367 946 640 1003 ποιησάντων,
687 950 754 992 καὶ
798 948 850 1002 ὡς
895 951 1189 1005 Φιλοστέφανος
1229 948 1251 993 ὁ
1294 949 1526 1002 Μαντινεὺς
1566 948 1588 993 ὁ

46 1011 213 1068 ποιητὴς
244 1015 286 1056 ἐκ
316 1019 472 1071 γενετῆς
503 1017 641 1073 ἱματίῳ
675 1013 750 1058 οὐκ
774 1015 977 1071 ἐχρήσατο,
1002 1018 1065 1058 καὶ
1094 1015 1147 1067 ὡς
1172 1015 1332 1071 Μάτρις
1358 1014 1379 1060 ὃ
1409 1020 1588 1072 Θηβαῖος

47 1077 306 1136 ὖμνογρᾶφος
337 1083 530 1136 μυρσίνας
559 1078 654 1135 παρ’
688 1079 783 1123 ὅλον
813 1081 883 1125 τὸν
914 1085 1005 1137 βίον
1036 1083 1205 1126 ἐσιτεῖτο.
1250 1086 1355 1125 unde
1386 1087 1586 1134 coniicias,

45 1148 321 1189 Ptolemaeum
353 1150 458 1188 hunc
489 1150 681 1200 hymnum
713 1150 764 1189 ad
795 1150 911 1190 illum
942 1151 1074 1202 ipsum
1106 1152 1263 1190 Matrin
1293 1152 1506 1203 retulisse,
1538 1151 1587 1190 de

45 1226 133 1265 quo·
160 1215 209 1255 cf.
241 1215 386 1255 Athen.
418 1215 459 1254 II
501 1217 555 1254 44
573 1214 621 1265 C,
660 1215 730 1254 ubi
773 1216 954 1256 Meineke
998 1217 1213 1269 Θηβαῖος
1255 1229 1328 1266 pro
1369 1212 1588 1269 Ἀθηναῖος

0 1266 10 1275 .
46 1281 235 1332 correxit3
269 1281 338 1321 sed
371 1277 564 1334 ἐγκώμιον
597 1276 858 1334 ἹΙρακλέους,
896 1282 1002 1333 quod
1035 1282 1128 1322 Ath.
1161 1282 1195 1338 ὶζ
1229 1284 1314 1321 412
1333 1282 1365 1321 Β
1397 1283 1588 1322 Matridis

47 1348 207 1387 nomine
239 1348 368 1396 affert,
401 1347 583 1398 quodque
616 1347 737 1387 etiam
763 1347 926 1388 Diodor.
953 1347 1027 1387 Sic.
1054 1347 1072 1386 I
1100 1349 1155 1387 24
1183 1348 1358 1399 respicit,
1391 1361 1469 1387 non
1495 1349 1587 1388 huic

46 1415 190 1463 poetae
222 1413 478 1452 tribuendum
512 1412 687 1464 videtur,
726 1413 1005 1463 sed-rhetori,
1046 1427 1163 1465 quem
1202 1413 1300 1454 dicit
1338 1414 1504 1465 Longin.
1538 1414 1587 1454 de

47 1477 158 1517 Subl.
189 1491 221 1518 c.
255 1480 292 1526 3,
326 1479 403 1518 nisi
435 1479 604 1517 eundem
637 1478 837 1518 hominem
870 1482 910 1519 et
941 1480 1165 1519 rhetoricae
1199 1482 1240 1519 et
1278 1481 1389 1530 poesi
1423 1493 1588 1530 operam

46 1543 204 1584 dedisse
236 1556 409 1584 censeas,
442 1565 491 1570 —
527 1544 619 1583 Non
651 1546 779 1583 ausim
806 1546 1030 1595 decernere,
1057 1546 1098 1584 id
1123 1545 1228 1596 quod
1255 1545 1417 1584 exhibet
1443 1546 1586 1584 Pollux

44 1609 80 1648 X
116 1610 217 1648 162:
264 1609 431 1660 σίφνιν
476 1605 513 1648 δ’
555 1607 599 1648 ἐν
638 1612 723 1657 τοῖς
759 1605 944 1659 Ἀττικοῖς
983 1606 1125 1662 ὕμνοις
1165 1605 1214 1650 οὗ
1253 1605 1327 1662 τὴν
1369 1612 1446 1663 γῆν
1487 1609 1586 1651 ἔνιοι

44 1669 249 1725 ἀκούουσι,
281 1670 379 1714 ἀλλὰ
409 1669 482 1726 τὴν
513 1669 672 1723 σιπύαν,
703 1673 743 1723 ἐξ
774 1667 823 1727 ἧς
852 1670 878 1727 ἡ
911 1671 1101 1728 Δημήτηρ
1133 1670 1370 1729 προῦκόμιζε
1400 1671 1470 1724 τὰς
1500 1691 1585 1734 τρο-

44 1735 143 1791 φάς,
185 1743 323 1780 utrum
363 1753 410 1779 ex
453 1741 563 1790 epico
603 1752 656 1778 an
696 1740 820 1790 lyrico
864 1742 1039 1781 carmine
1080 1742 1252 1792 petitum
1293 1742 1357 1781 sit.
1390 1763 1445 1769 —-
1490 1742 1703 1782 Alia1319

44 1809 179 1846 autem
211 1807 344 1845 aliena
377 1808 487 1856 sunt,
525 1806 638 1845 velut
676 1819 723 1844 ex
762 1807 869 1845 titulo
906 1809 1115 1856 sepulcrali
1152 1807 1321 1858 virginis
1361 1806 1583 1858 Spartanae

48 1870 221 1921 petitum
253 1871 447 1921 existimo,
480 1871 586 1922 quod
618 1871 742 1910 habet
772 1871 914 1911 Pollux
945 1872 1003 1911 IV
1038 1875 1140 1912 102:
1171 1870 1253 1911 Καὶ
1285 1872 1442 1924 βίβασις
1476 1870 1519 1912 δέ
1547 1887 1585 1911 τι

47 1927 101 1987 ἦν
131 1931 237 1986 εἶδος
268 1937 510 1987 Λακωνικῆς
541 1931 750 1988 ὀρχήσεως,
781 1929 830 1988 ἧς
861 1936 927 1977 καὶ
958 1933 1003 1978 τὰ
1035 1930 1143 1978 ἆθλα
1167 1933 1403 1990 προῦτίθετο
1429 1933 1478 1977 οὗ
1504 1941 1585 1986 τοῖς

47 1999 159 2040 παισὶ
190 1997 334 2053 μόνον,
373 1997 469 2041 ἀλλὰ
499 1999 567 2041 καὶ
597 2004 679 2049 ταῖς
716 1999 870 2052 κόραις·
908 2002 987 2043 ἔδει
1024 2001 1068 2043 δὲ
1105 2000 1294 2044 ἅλλεσθαι
1330 2001 1398 2042 καὶ
1434 1999 1584 2054 ψαύειν

43 2069 124 2114 τοῖς
154 2064 246 2106 ποσὶ
277 2062 376 2119 πρὸς
405 2062 474 2114 τὰς
504 2063 654 2119 πυγάς,
692 2066 758 2106 καὶ
795 2063 999 2120 ἠριθμεῖτο
1038 2066 1084 2109 τὰ
1116 2065 1348 2122 πηδήματα,
1389 2065 1488 2109 ὅθεν
1518 2067 1584 2114 καὶ

45 2129 110 2171 ἐπὶ
140 2134 231 2183 μιᾶς
261 2124 314 2184 ἦν
345 2131 586 2186 ἐπίγραμμα·
1002 2142 1007 2146 ’

260 2212 376 2255 Χίλιᾶ
408 2230 512 2255 ποκα
544 2211 712 2267 βιβάντι,
745 2219 903 2256 πλεῖστα
935 2212 985 2269 δὴ
1017 2214 1095 2257 τῶν
1124 2220 1182 2272 πῇ
1213 2214 1329 2259 ποκά.

50 2298 283 2348 Lugendum
315 2299 490 2339 videtur:

262 2377 366 2421 Χίλι’
401 2378 426 2421 ὅ
457 2375 551 2422 ποκ’
586 2371 678 2422 ἆλτο
710 2378 853 2434 βιβάτι,
884 2386 1042 2423 πλεῖστα
1074 2380 1124 2437 δὴ
1155 2387 1234 2424 τῶν
1263 2381 1323 2436 πή
1353 2399 1467 2425 ποκα.

47 2465 154 2508 Χίλι’
188 2465 214 2508 fz'
245 2470 406 2509 Bekker
437 2471 619 2522 correxit,
650 2459 743 2511 ἆλτο
774 2468 905 2523 βιβᾶτι
933 2487 1006 2522 ego
1033 2475 1206 2524 restitui,
1240 2475 1420 2514 Meineke
1451 2475 1583 2527 βίβατι

46 2537 88 2574 et
126 2531 183 2574 πά
220 2547 326 2575 ποκα
364 2537 539 2587 scripsit,
582 2536 737 2576 Ahrens
785 2534 844 2587 (ΙΙ
878 2536 983 2592 483)
1021 2535 1108 2591 χίλι’
1156 2537 1227 2579 ἅδε
1271 2537 1375 2580 nond
1413 2541 1581 2593 βίβαντι,

45 2602 203 2640 πλεῖστα
235 2596 284 2652 δὴ
327 2604 404 2641 τῶν
441 2598 496 2654 πή
536 2617 651 2642 ποκα.
687 2623 737 2629 -—
772 2603 881 2653 Alia,
922 2606 1108 2655 quoniam
1150 2619 1228 2645 non
1270 2608 1366 2645 sunt
1405 2607 1581 2647 numeris

46 2740 117 2784 cet,
142 2739 239 2775 unde
266 2739 337 2775 sibi
363 2740 493 2776 horum
514 2740 719 2777 carminum
740 2740 847 2787 copia
865 2741 915 2778 sit
934 2742 1061 2788 facta),
1086 2743 1133 2779 cf.
1154 2743 1318 2790 Dilth'ey,
1345 2745 1406 2791 qui
1428 2744 1467 2780 in
1486 2745 1579 2782 Mus.

47 2785 164 2823 Rhen.
197 2786 335 2823 XXVII
368 2791 436 2823 375
463 2799 538 2834 seq.
572 2791 659 2834 post
691 2788 918 2824 Meinekium
950 2792 989 2827 et
1020 2791 1233 2827 Nauckium
1265 2791 1310 2828 de
1342 2791 1399 2829 his
1431 2792 1579 2839 hymnis

47 2833 225 2870 disseruit
251 2836 289 2871 et
314 2835 507 2871 commodo
534 2835 707 2872 adhibuit
731 2836 897 2882 magicas
918 2837 1066 2875 chartas
1088 2838 1356 2884 Berolinenses,
1381 2851 1474 2886 quas
1493 2840 1578 2878 Par-

48 2881 139 2926 they
163 2881 202 2917 in
228 2882 333 2919 Actis
358 2882 471 2919 Acad.
503 2883 617 2919 Bel-ol.
648 2887 739 2920 1865
765 2895 800 2930 p.
830 2888 899 2921 109
913 2897 987 2931 seq.
1016 2885 1143 2922 edidit.
