1864 3126
340 717 404 756 Ne
443 716 532 767 quis
572 715 759 762 miretur,
808 713 914 765 quod
965 712 1172 763 Olympum
1210 725 1235 752 a.
1273 713 1506 753 melicorum
1546 714 1756 763 poetarum
1768 716 1838 749 809

110 827 115 830 ,
221 796 389 824 numero
421 781 643 834 segregavi,
674 791 803 832 pauca
833 777 1147 830 praemunienda
1173 780 1277 818 sunt.
1328 776 1499 829 Olympo
1525 778 1660 817 nullus
1692 779 1755 818 hic

128 865 150 886 ¹.
220 848 344 902 locus,
373 861 503 899 neque
534 846 640 886 enim
671 845 858 895 carmina,
889 845 960 885 sed
989 846 1150 884 tantum
1181 844 1320 885 modos
1351 843 1546 884 tibiarum
1570 844 1756 884 cantibus

221 915 337 966 aptos
368 911 603 964 composuit,
634 923 876 963 quamquam
906 911 1151 961 pervagatus
1183 911 1247 949 est
1269 913 1408 959 error,
1441 923 1561 960 quem
1591 922 1616 949 a
1646 909 1755 950 vete-

221 977 332 1019 ribus
363 980 571 1029 acceptum
601 978 723 1016 etiam
753 976 883 1016 nostri
913 974 1093 1015 hominos
1124 975 1280 1026 fovent,
1311 975 1425 1015 velut
1455 974 1683 1014 Volkmann
1716 974 1758 1014 in

221 1028 516 1091 commentario,
547 1054 626 1093 quo
645 1041 853 1081 Plutarchi
882 1041 1031 1080 librum
1056 1041 1106 1081 de
1131 1041 1285 1081 Musica
1309 1041 1544 1092 illustravit,
1565 1043 1607 1080 et
1626 1041 1756 1080 West-

222 1106 320 1158 phal
350 1107 399 1147 de
435 1109 551 1147 metr.
591 1107 680 1146 arte
710 1106 752 1146 II
786 1108 808 1146 1
842 1120 881 1158 p.
915 1102 1070 1161 126*),
1102 1106 1171 1158 qui
1202 1105 1421 1158 Olympum
1452 1107 1494 1146 et
1524 1108 1686 1157 poetam
1717 1108 1758 1145 et

221 1172 416 1212 musicum
447 1172 572 1212 fuisse
602 1172 824 1230 perhibent.
883 1171 943 1222 ‘At
973 1168 1124 1225 νόμους
1154 1168 1403 1229 αὐλῳδικοὺς
1432 1174 1587 1224 primus
1626 1171 1758 1212 condi·
1817 1185 1819 1187 ·

104 1276 115 1287 τ
222 1237 283 1277 dit
321 1236 466 1278 Clonus
510 1237 705 1289 Tegeata,
746 1238 815 1289 qui
855 1237 1087 1288 Terpandro
1127 1237 1258 1278 minor
1297 1240 1431 1278 aetate
1471 1239 1551 1278 fuit
1590 1241 1632 1278 et
1663 1237 1757 1276 Ter-

221 1302 365 1354 pandri
395 1304 575 1354 exemplo
606 1303 802 1344 excitatus
834 1303 999 1354 eiusque
1030 1299 1180 1356 νόμους
1210 1300 1506 1357 κιθαρῳδικοὺς
1531 1305 1756 1344 aemulatus

91 1362 117 1396 *ν
187 1365 299 1410 .’11οο
327 1369 510 1410 novavit:
550 1368 630 1408 vid.
669 1367 766 1408 Plut
806 1369 855 1408 de
891 1382 993 1410 mus.
1032 1382 1064 1410 c.
1104 1372 1128 1410 3
1169 1372 1210 1410 et
1249 1373 1274 1411 5
1314 1383 1360 1410 ac
1396 1372 1610 1421 praeterea
1646 1383 1678 1410 c.
1710 1370 1756 1408 4:

223 1433 267 1475 οἱ
294 1430 338 1474 δὲ
367 1435 436 1486 τῆς
465 1433 713 1490 κιθαρῳδίας
743 1430 859 1486 νόμοι
889 1430 1079 1487 πρότερον
1109 1437 1241 1491 πολλῷ
1265 1431 1395 1491 χρόνῳ
1421 1437 1500 1476 τῶν
1524 1431 1758 1490 αὐλῳδικῶν

225 1493 524 1551 κατεστάθησαν
555 1497 619 1539 ἐπὶ
653 1495 920 1552 Τερπάνδρου.
985 1499 1182 1552 Olympus
1215 1502 1352 1541 autem
1383 1504 1517 1542 aetate
1542 1491 1758 1542 antecessit

224 1564 514 1616 Terpandmm,
545 1564 635 1604 hinc
661 1565 766 1617 Plut.
793 1578 823 1606 c.
852 1567 926 1606 29:
946 1562 1152 1618 Ὄλυμπον
1183 1564 1349 1618 ἐκεῖνον,
1382 1559 1413 1623 ᾧ
1445 1563 1495 1619 δὴ
1527 1562 1600 1619 τὴν
1631 1562 1759 1619 ἀρχὴν

221 1630 291 1680 τῆς
313 1623 548 1680 Ἑλληνικῆς
577 1643 616 1668 τε
647 1627 715 1668 καὶ
745 1631 910 1681 νομικῆς
941 1626 1092 1683 μούσης
1129 1627 1402 1672 ἀποδιδόασιν.
1464 1632 1599 1683 Igitur
1630 1628 1758 1684 νόμοι,

223 1706 324 1746 quos
355 1692 552 1744 Olympus
585 1694 779 1739 condidit,
811 1690 1014 1747 αὖλητικοὶ
1044 1696 1225 1749 fuerunt,
1257 1710 1338 1737 non
1369 1693 1600 1753 αὖλῳδικοίε
1638 1698 1757 1748 idque

221 1759 342 1812 plane
371 1758 612 1799 testificatur
643 1759 750 1800 Plut.
781 1772 813 1799 c.
848 1761 891 1799 7:
923 1758 1006 1800 ἐπεὶ
1038 1757 1082 1799 δὲ
1111 1757 1204 1810 τοὺς
1235 1758 1482 1816 αὖλῳδικούς
1512 1758 1661 1814 νόμους
1692 1760 1758 1801 καὶ

222 1820 518 1880 κιθαρῳδικοὺς
561 1820 662 1877 ὁμοῦ
704 1821 797 1873 τοὺς
839 1820 1026 1878 ἀρχαίους
1073 1825 1413 1880 ἐμπεφανίκαμεν,
1457 1822 1758 1880 μεταβησόμεθα

223 1887 288 1930 ἐπὶ
318 1885 468 1942 μόνους
501 1887 596 1944 (scr.
627 1886 826 1946 νόμους)
855 1886 949 1939 τοὺς
980 1887 1233 1944 αὖλητικούς·
1271 1892 1418 1948 λέγεται
1456 1889 1532 1947 γὰρ
1562 1889 1631 1933 τὸν
1660 1907 1758 1946 προ-

91 1946 129 1969 '²‘
169 1977 174 1981 ·
223 1953 430 2008 ειρημένον
449 1952 654 2008 Ὄλυμπον
690 1952 866 2009 αὐλητὴν
902 1953 998 1997 ὄντα
1027 1959 1107 1997 τῶν
1138 1956 1180 1997 ἐκ
1219 1960 1396 2012 Φρυγίας
1433 1961 1596 2011 ποιῆσαι
1633 1955 1759 2010 νόμον

99 2027 111 2039 ‘
223 2016 434 2073 αὐλητικὸν
465 2020 520 2069 εἰς
545 2017 775 2062 Ἀπόλλωνα
804 2018 874 2062 τὸν
905 2018 1151 2075 καλούμενον
1175 2023 1476 2076 Πολυκέφαλον.
1538 2023 1760 2064 Adversari

96 2133 105 2140 ‚
171 2085 176 2089 ⁴
223 2098 319 2128 sane
361 2086 521 2128 videtur
561 2088 664 2128 alius
708 2088 820 2128 locus
863 2100 900 2128 c.-
935 2089 978 2128 5:
1023 2087 1258 2142 ἐζηλωκέναι
1303 2088 1346 2130 δὲ
1385 2086 1455 2131 τὸν
1501 2087 1760 2142 Τέρπανδρον

218 2147 392 2205 Ὁμήρου
434 2150 506 2205 μὲν
536 2148 582 2192 τὰ
613 2151 708 2205 ἔπη,
743 2148 917 2206 Ὀρφέως
955 2151 998 2193 δὲ
1034 2150 1081 2194 τὰ
1119 2153 1232 2207 μέλη·
1270 2151 1291 2195 ὁ
1334 2151 1371 2195 δ’
1407 2151 1576 2208 Ὀρφεὺς
1614 2152 1760 2196 οὐδένα

225 2216 406 2269 φαίνεται
435 2216 718 2270 μεμιμημένος·
751 2214 882 2267 οὐδεὶς
911 2215 987 2273 γάρ
1017 2234 1080 2260 πω
1112 2219 1294 2275 γεγένητο
1326 2221 1360 2261 εἰ
1390 2217 1442 2273 μὴ
1470 2221 1512 2262 οἰ
1531 2223 1610 2261 τῶν
1635 2217 1759 2276 αὐλῳ-

124 2334 126 2337 .
226 2282 349 2323 δικῶν
378 2283 547 2335 ποιηταί.
610 2284 674 2324 hic
704 2284 812 2324 enim
843 2285 1085 2326 Plutarchus
1118 2282 1256 2338 νόμοις
1287 2281 1525 2341 αὖλῳδικοῖς
1555 2287 1621 2327 vel
1653 2287 1759 2338 prin-

142 2351 144 2357 '
225 2347 354 2404 cipem
397 2349 530 2389 locum
572 2349 733 2390 videtur
774 2350 998 2390 vindicare:
1042 2353 1085 2391 at
1124 2351 1363 2392 manifestus
1401 2351 1659 2392 librariorum
1696 2353 1759 2391 est

226 2426 350 2464 error,
379 2427 473 2454 nam
504 2414 758 2454 scribendum
788 2415 831 2456 οἱ
855 2418 935 2456 τῶν
965 2412 1237 2469 αὐλητικῶν
1266 2417 1436 2468 ποιηταί.
1485 2418 1613 2457 Maior
1644 2417 1757 2456 dubi·

225 2480 326 2520 tatio
360 2481 422 2519 est
454 2480 502 2519 de
535 2481 614 2520 alio
639 2481 726 2520 loco
752 2493 784 2522 c,
810 2483 849 2530 4,
880 2482 952 2522 ubi
978 2482 1026 2521 de
1053 2482 1277 2533 Terpandri
1302 2484 1344 2522 et
1368 2483 1600 2522 Archilochi
1625 2485 1759 2522 aetate

225 2543 405 2585 disserit:
431 2541 694 2598 πρεσβύτερον
713 2546 813 2600 γοῦν
837 2542 959 2587 αὐτὸν
978 2543 1276 2601 (Τέρπανδρον)
1291 2543 1518 2600 Ἀρχιλόχου
1543 2544 1759 2599 ἀποφαίνει

134 2610 156 2641 27
223 2611 405 2659 Γλαῦκος
441 2603 463 2651 ὁ
504 2609 544 2659 ἐξ
571 2606 734 2660 Ἰταλίας
771 2609 815 2652 ἔν
853 2609 1122 2667 συγγράμματι
1157 2615 1210 2669 τῷ
1247 2611 1336 2665 περὶ
1373 2609 1548 2665 ἀρχαίων
1585 2615 1759 2666 ποιητῶν

225 2689 264 2716 τε
293 2674 361 2716 καὶ
398 2678 615 2729 μουσικῶν
661 2675 760 2729 φησὶ
802 2673 878 2731 γὰρ
921 2674 1043 2718 αὐτὸν
1083 2674 1266 2730 δεύτερον
1308 2677 1494 2731 γενέσθαι
1537 2675 1630 2731 μετὰ
1667 2674 1759 2726 τοὺς

150 2742 154 2745 ’
225 2736 405 2794 πρώτους
444 2738 685 2794 ποιήσαντας
725 2738 936 2798 αὐλῳδίαν.
998 2744 1074 2783 His
1111 2744 1245 2784 verbis
1284 2745 1328 2783 si·
1356 2743 1553 2795 Olympus
1593 2745 1758 2796 eiusque

134 2858 160 2919 ‘4'
243 2907 246 2910 »
324 2877 360 2924 *)
384 2879 428 2915 In
451 2879 617 2917 editione
642 2881 764 2917 altera.
786 2881 803 2917 I
822 2884 892 2918 27⁷
907 2892 1010 2928 seqq.
1031 2882 1233 2929 Westphal
1252 2882 1354 2919 cavit
1371 2881 1446 2918 sibi
1464 2882 1512 2918 ab
1532 2883 1604 2919 hoc
1623 2894 1757 2920 errore.

118 2939 124 2946 =
778 2955 787 2963 .
1425 2941 1473 2979 1*
