<?xml version="1.0" encoding="UTF-8"?>
<!DOCTYPE html PUBLIC "-//W3C//DTD XHTML 1.0 Transitional//EN"
    "http://www.w3.org/TR/xhtml1/DTD/xhtml1-transitional.dtd">
<html xmlns="http://www.w3.org/1999/xhtml" xml:lang="en" lang="en">
 <head>
  <title>
</title>
<meta http-equiv="Content-Type" content="text/html;charset=utf-8" />
  <meta name='ocr-system' content='tesseract 3.04.00' />
  <meta name='ocr-capabilities' content='ocr_page ocr_carea ocr_par ocr_line ocrx_word'/>
</head>
<body>
  <div class='ocr_page' id='page_1' title='image "./poetaelyricigrae03berguoft_0414.png"; bbox 0 0 1864 3126; ppageno 0'>
   <div class='ocr_carea' id='block_1_1' title="bbox 237 134 1201 185">
    <p class='ocr_par' dir='ltr' id='par_1_1' title="bbox 237 134 1201 185">
     <span class='ocr_line' id='line_1_1' title="bbox 237 134 1201 185; baseline -0.001 -1"><span class='ocrx_word' id='word_1_1' title='bbox 237 144 324 185; x_wconf 84' lang='lat'><strong>404</strong></span> <span class='ocrx_word' id='word_1_2' title='bbox 557 134 559 138; x_wconf 83' lang='lat'>&#39;</span> <span class='ocrx_word' id='word_1_3' title='bbox 806 146 998 182; x_wconf 81' lang='lat' dir='ltr'><strong>POETAE</strong></span> <span class='ocrx_word' id='word_1_4' title='bbox 1023 146 1201 183; x_wconf 69' lang='grc' dir='ltr'><em>ΜΕιιοῐ.</em></span> 
     </span>
    </p>
   </div>
   <div class='ocr_carea' id='block_1_2' title="bbox 285 249 1679 668">
    <p class='ocr_par' dir='ltr' id='par_1_2' title="bbox 321 249 1125 313">
     <span class='ocr_line' id='line_1_2' title="bbox 321 249 1125 313; baseline 0.005 -19"><span class='ocrx_word' id='word_1_5' title='bbox 321 249 417 294; x_wconf 85' lang='grc' dir='ltr'><strong>Ὅτε</strong></span> <span class='ocrx_word' id='word_1_6' title='bbox 450 251 637 309; x_wconf 80' lang='grc' dir='ltr'><em>λάρνακι</em></span> <span class='ocrx_word' id='word_1_7' title='bbox 668 251 773 296; x_wconf 83' lang='grc' dir='ltr'><em>κεῖτ’</em></span> <span class='ocrx_word' id='word_1_8' title='bbox 811 254 858 296; x_wconf 85' lang='grc' dir='ltr'><strong>ἐν</strong></span> <span class='ocrx_word' id='word_1_9' title='bbox 891 254 1125 313; x_wconf 77' lang='grc' dir='ltr'><em>δαιδαλέᾳ,</em></span> 
     </span>
    </p>

    <p class='ocr_par' dir='ltr' id='par_1_3' title="bbox 333 321 1563 383">
     <span class='ocr_line' id='line_1_3' title="bbox 333 321 1563 383; baseline 0.003 -17"><span class='ocrx_word' id='word_1_10' title='bbox 333 321 495 379; x_wconf 75' lang='grc' dir='ltr'><em>ἄνεμός</em></span> <span class='ocrx_word' id='word_1_11' title='bbox 525 322 564 366; x_wconf 83' lang='grc' dir='ltr'><strong>τ’</strong></span> <span class='ocrx_word' id='word_1_12' title='bbox 601 322 752 381; x_wconf 80' lang='grc' dir='ltr'><strong><em>ἐφόρει</em></strong></span> <span class='ocrx_word' id='word_1_13' title='bbox 784 341 861 381; x_wconf 93' lang='grc' dir='ltr'><strong>μιν</strong></span> <span class='ocrx_word' id='word_1_14' title='bbox 892 325 1040 369; x_wconf 83' lang='grc' dir='ltr'><strong><em>πνέων</em></strong></span> <span class='ocrx_word' id='word_1_15' title='bbox 1071 325 1307 381; x_wconf 82' lang='grc' dir='ltr'><em>κινηθεῖσά</em></span> <span class='ocrx_word' id='word_1_16' title='bbox 1337 343 1383 369; x_wconf 87' lang='grc' dir='ltr'><strong>τε</strong></span> <span class='ocrx_word' id='word_1_17' title='bbox 1414 329 1563 383; x_wconf 81' lang='grc' dir='ltr'><em>λίμνα,</em></span> 
     </span>
    </p>

    <p class='ocr_par' dir='ltr' id='par_1_4' title="bbox 334 392 1509 454">
     <span class='ocr_line' id='line_1_4' title="bbox 334 392 1509 454; baseline 0.003 -18"><span class='ocrx_word' id='word_1_18' title='bbox 334 396 463 450; x_wconf 83' lang='grc' dir='ltr'><em>δεῖμα</em></span> <span class='ocrx_word' id='word_1_19' title='bbox 495 403 733 452; x_wconf 78' lang='grc' dir='ltr'><em>προσεῖρπε</em></span> <span class='ocrx_word' id='word_1_20' title='bbox 764 392 854 439; x_wconf 88' lang='grc' dir='ltr'><em>τότ’</em></span> <span class='ocrx_word' id='word_1_21' title='bbox 890 393 972 439; x_wconf 82' lang='grc' dir='ltr'><strong>οὐκ</strong></span> <span class='ocrx_word' id='word_1_22' title='bbox 1004 394 1256 440; x_wconf 80' lang='grc' dir='ltr'><em>ἀδιάντοισι</em></span> <span class='ocrx_word' id='word_1_23' title='bbox 1287 405 1509 454; x_wconf 81' lang='grc' dir='ltr'><em>παρειαῖς,</em></span> 
     </span>
    </p>

    <p class='ocr_par' dir='ltr' id='par_1_5' title="bbox 286 462 1679 592">
     <span class='ocr_line' id='line_1_5' title="bbox 333 462 1679 525; baseline 0.004 -18"><span class='ocrx_word' id='word_1_24' title='bbox 333 462 452 521; x_wconf 82' lang='grc' dir='ltr'><em>ἀμφί</em></span> <span class='ocrx_word' id='word_1_25' title='bbox 479 481 524 508; x_wconf 90' lang='grc' dir='ltr'><strong>τε</strong></span> <span class='ocrx_word' id='word_1_26' title='bbox 556 465 723 523; x_wconf 84' lang='grc' dir='ltr'><em>Περσέι·</em></span> <span class='ocrx_word' id='word_1_27' title='bbox 752 465 889 521; x_wconf 88' lang='grc' dir='ltr'><em>βάλλε</em></span> <span class='ocrx_word' id='word_1_28' title='bbox 921 470 1058 522; x_wconf 84' lang='grc' dir='ltr'><em>φίλαν</em></span> <span class='ocrx_word' id='word_1_29' title='bbox 1089 464 1198 524; x_wconf 84' lang='grc' dir='ltr'><em>χέρ’,</em></span> <span class='ocrx_word' id='word_1_30' title='bbox 1231 465 1352 511; x_wconf 83' lang='grc' dir='ltr'><em>εἶπέν</em></span> <span class='ocrx_word' id='word_1_31' title='bbox 1383 465 1443 511; x_wconf 87' lang='grc' dir='ltr'><strong>τ’·</strong></span> <span class='ocrx_word' id='word_1_32' title='bbox 1476 486 1510 512; x_wconf 88' lang='grc' dir='ltr'><em>ω</em></span> <span class='ocrx_word' id='word_1_33' title='bbox 1542 469 1679 525; x_wconf 85' lang='grc' dir='ltr'><em>τέκος,</em></span> 
     </span>
     <span class='ocr_line' id='line_1_6' title="bbox 285 531 1115 592; baseline 0.004 -14.004"><span class='ocrx_word' id='word_1_34' title='bbox 285 547 305 578; x_wconf 92' lang='lat'><strong>.5</strong></span> <span class='ocrx_word' id='word_1_35' title='bbox 333 531 431 579; x_wconf 83' lang='grc' dir='ltr'><em>οἷον</em></span> <span class='ocrx_word' id='word_1_36' title='bbox 464 539 547 592; x_wconf 85' lang='grc' dir='ltr'><strong>ἔχω</strong></span> <span class='ocrx_word' id='word_1_37' title='bbox 579 535 741 580; x_wconf 80' lang='grc' dir='ltr'><strong><em>πόνον·</em></strong></span> <span class='ocrx_word' id='word_1_38' title='bbox 774 535 830 580; x_wconf 84' lang='grc' dir='ltr'><strong>σὺ</strong></span> <span class='ocrx_word' id='word_1_39' title='bbox 864 535 906 580; x_wconf 85' lang='grc' dir='ltr'><em>δ’</em></span> <span class='ocrx_word' id='word_1_40' title='bbox 942 535 1115 590; x_wconf 80' lang='grc' dir='ltr'><em>ἀωτεῖς·</em></span> 
     </span>
    </p>

    <p class='ocr_par' dir='ltr' id='par_1_6' title="bbox 332 606 1279 668">
     <span class='ocr_line' id='line_1_7' title="bbox 332 606 1279 668; baseline 0.003 -18"><span class='ocrx_word' id='word_1_41' title='bbox 332 610 578 668; x_wconf 76' lang='grc' dir='ltr'><em>γαλαθηνῷ</em></span> <span class='ocrx_word' id='word_1_42' title='bbox 611 606 744 652; x_wconf 82' lang='grc' dir='ltr'><em>λάθει·</em></span> <span class='ocrx_word' id='word_1_43' title='bbox 773 609 987 661; x_wconf 77' lang='grc' dir='ltr'><strong>κνώσσεις</strong></span> <span class='ocrx_word' id='word_1_44' title='bbox 1019 610 1067 653; x_wconf 83' lang='grc' dir='ltr'><strong>ἐν</strong></span> <span class='ocrx_word' id='word_1_45' title='bbox 1099 606 1279 667; x_wconf 80' lang='grc' dir='ltr'><em>ἀτερπεῖ</em></span> 
     </span>
    </p>
   </div>
   <div class='ocr_carea' id='block_1_3' title="bbox 207 761 1788 2369">
    <p class='ocr_par' dir='ltr' id='par_1_7' title="bbox 207 761 1788 2369">
     <span class='ocr_line' id='line_1_8' title="bbox 235 761 1762 808; baseline 0.004 -13"><span class='ocrx_word' id='word_1_46' title='bbox 235 761 356 795; x_wconf 88' lang='lat' dir='ltr'><strong>trema</strong></span> <span class='ocrx_word' id='word_1_47' title='bbox 393 761 545 806; x_wconf 83' lang='lat' dir='ltr'><strong>stropha</strong></span> <span class='ocrx_word' id='word_1_48' title='bbox 582 761 816 797; x_wconf 86' lang='lat' dir='ltr'><strong>enuntiatum</strong></span> <span class='ocrx_word' id='word_1_49' title='bbox 853 762 1068 807; x_wconf 86' lang='lat' dir='ltr'><strong>inchoatur,</strong></span> <span class='ocrx_word' id='word_1_50' title='bbox 1099 774 1172 798; x_wconf 91' lang='lat' dir='ltr'><strong>non</strong></span> <span class='ocrx_word' id='word_1_51' title='bbox 1210 763 1433 808; x_wconf 73' lang='lat' dir='ltr'><strong>absolvitur,</strong></span> <span class='ocrx_word' id='word_1_52' title='bbox 1464 763 1504 798; x_wconf 85' lang='lat' dir='ltr'><strong>id</strong></span> <span class='ocrx_word' id='word_1_53' title='bbox 1537 763 1636 800; x_wconf 87' lang='lat' dir='ltr'><strong>enim</strong></span> <span class='ocrx_word' id='word_1_54' title='bbox 1661 764 1762 801; x_wconf 78' lang='lat' dir='ltr'><strong>haud</strong></span> 
     </span>
     <span class='ocr_line' id='line_1_9' title="bbox 237 792 1765 856; baseline 0.003 -14"><span class='ocrx_word' id='word_1_55' title='bbox 237 819 320 843; x_wconf 85' lang='lat' dir='ltr'><strong>raro</strong></span> <span class='ocrx_word' id='word_1_56' title='bbox 347 808 399 843; x_wconf 88' lang='lat' dir='ltr'><strong>fit.</strong></span> <span class='ocrx_word' id='word_1_57' title='bbox 443 807 487 842; x_wconf 91' lang='lat' dir='ltr'><strong>In</strong></span> <span class='ocrx_word' id='word_1_58' title='bbox 513 809 669 854; x_wconf 89' lang='lat' dir='ltr'><strong>singulis</strong></span> <span class='ocrx_word' id='word_1_59' title='bbox 695 809 862 844; x_wconf 88' lang='lat' dir='ltr'><strong>versibus</strong></span> <span class='ocrx_word' id='word_1_60' title='bbox 889 810 1132 846; x_wconf 86' lang='lat' dir='ltr'><strong>discribendis</strong></span> <span class='ocrx_word' id='word_1_61' title='bbox 1152 811 1334 856; x_wconf 87' lang='lat' dir='ltr'><strong>quantum</strong></span> <span class='ocrx_word' id='word_1_62' title='bbox 1359 792 1468 847; x_wconf 74' lang='lat' dir='ltr'><strong>licdit</strong></span> <span class='ocrx_word' id='word_1_63' title='bbox 1488 812 1626 856; x_wconf 86' lang='lat' dir='ltr'><strong>curavi,</strong></span> <span class='ocrx_word' id='word_1_64' title='bbox 1650 813 1695 847; x_wconf 86' lang='lat' dir='ltr'><strong>ut</strong></span> <span class='ocrx_word' id='word_1_65' title='bbox 1718 823 1765 847; x_wconf 91' lang='lat' dir='ltr'><strong>ne</strong></span> 
     </span>
     <span class='ocr_line' id='line_1_10' title="bbox 234 855 1763 914; baseline 0.003 -24"><span class='ocrx_word' id='word_1_66' title='bbox 234 855 447 900; x_wconf 81' lang='lat' dir='ltr'><strong>rhythmica</strong></span> <span class='ocrx_word' id='word_1_67' title='bbox 470 856 590 891; x_wconf 86' lang='lat' dir='ltr'><strong>incisa</strong></span> <span class='ocrx_word' id='word_1_68' title='bbox 609 867 693 891; x_wconf 85' lang='lat' dir='ltr'><strong>cum</strong></span> <span class='ocrx_word' id='word_1_69' title='bbox 712 857 896 902; x_wconf 84' lang='lat' dir='ltr'><strong>pedestris</strong></span> <span class='ocrx_word' id='word_1_70' title='bbox 919 858 1100 914; x_wconf 75' lang='lat' dir='ltr'><strong>sermonis</strong></span> <span class='ocrx_word' id='word_1_71' title='bbox 1118 857 1295 893; x_wconf 84' lang='lat' dir='ltr'><strong>membris</strong></span> <span class='ocrx_word' id='word_1_72' title='bbox 1314 860 1570 914; x_wconf 71' lang='lat' dir='ltr'><strong>congruerent,</strong></span> <span class='ocrx_word' id='word_1_73' title='bbox 1596 859 1763 904; x_wconf 80' lang='lat' dir='ltr'><strong>quando-</strong></span> 
     </span>
     <span class='ocr_line' id='line_1_11' title="bbox 235 903 1764 951; baseline 0.003 -14"><span class='ocrx_word' id='word_1_74' title='bbox 235 903 385 947; x_wconf 89' lang='lat' dir='ltr'><strong>quidem</strong></span> <span class='ocrx_word' id='word_1_75' title='bbox 411 903 609 948; x_wconf 84' lang='lat' dir='ltr'><strong>Dionysius</strong></span> <span class='ocrx_word' id='word_1_76' title='bbox 635 904 790 948; x_wconf 89' lang='lat' dir='ltr'><strong>monuit,</strong></span> <span class='ocrx_word' id='word_1_77' title='bbox 816 905 847 939; x_wconf 84' lang='lat' dir='ltr'><strong>si</strong></span> <span class='ocrx_word' id='word_1_78' title='bbox 866 904 948 949; x_wconf 86' lang='lat' dir='ltr'><strong>quis</strong></span> <span class='ocrx_word' id='word_1_79' title='bbox 967 918 1064 940; x_wconf 77' lang='grc' dir='ltr'><em>κατα</em></span> <span class='ocrx_word' id='word_1_80' title='bbox 1089 905 1191 940; x_wconf 81' lang='grc' dir='ltr'><em>κῶλα</em></span> <span class='ocrx_word' id='word_1_81' title='bbox 1215 905 1282 940; x_wconf 83' lang='grc' dir='ltr'><strong>τοῦ</strong></span> <span class='ocrx_word' id='word_1_82' title='bbox 1307 905 1423 948; x_wconf 82' lang='grc' dir='ltr'><em>πεζοῦ</em></span> <span class='ocrx_word' id='word_1_83' title='bbox 1441 903 1553 951; x_wconf 87' lang='grc' dir='ltr'><em>λόγου</em></span> <span class='ocrx_word' id='word_1_84' title='bbox 1573 906 1764 951; x_wconf 69' lang='lat' dir='ltr'><strong>disci-ibat,</strong></span> 
     </span>
     <span class='ocr_line' id='line_1_12' title="bbox 234 951 1763 997; baseline 0.003 -12"><span class='ocrx_word' id='word_1_85' title='bbox 234 961 407 986; x_wconf 86' lang='lat' dir='ltr'><strong>numeros</strong></span> <span class='ocrx_word' id='word_1_86' title='bbox 440 951 614 986; x_wconf 81' lang='lat' dir='ltr'><strong>carminis</strong></span> <span class='ocrx_word' id='word_1_87' title='bbox 651 963 724 987; x_wconf 89' lang='lat' dir='ltr'><strong>non</strong></span> <span class='ocrx_word' id='word_1_88' title='bbox 761 951 871 987; x_wconf 87' lang='lat' dir='ltr'><strong>facile</strong></span> <span class='ocrx_word' id='word_1_89' title='bbox 902 952 1160 988; x_wconf 86' lang='lat' dir='ltr'><strong>animadverti.</strong></span> <span class='ocrx_word' id='word_1_90' title='bbox 1216 952 1374 997; x_wconf 85' lang='lat' dir='ltr'><strong>Scripsit</strong></span> <span class='ocrx_word' id='word_1_91' title='bbox 1409 953 1455 988; x_wconf 89' lang='lat' dir='ltr'><strong>de</strong></span> <span class='ocrx_word' id='word_1_92' title='bbox 1492 954 1564 988; x_wconf 93' lang='lat' dir='ltr'><strong>hoc</strong></span> <span class='ocrx_word' id='word_1_93' title='bbox 1602 954 1763 989; x_wconf 80' lang='lat' dir='ltr'><strong>carmine</strong></span> 
     </span>
     <span class='ocr_line' id='line_1_13' title="bbox 233 998 1763 1045; baseline 0.003 -13"><span class='ocrx_word' id='word_1_94' title='bbox 233 998 380 1033; x_wconf 88' lang='lat' dir='ltr'><strong>Ahrens</strong></span> <span class='ocrx_word' id='word_1_95' title='bbox 404 998 632 1043; x_wconf 82' lang='lat' dir='ltr'><strong>peculiarem</strong></span> <span class='ocrx_word' id='word_1_96' title='bbox 658 998 829 1034; x_wconf 86' lang='lat' dir='ltr'><strong>libellum</strong></span> <span class='ocrx_word' id='word_1_97' title='bbox 856 999 1114 1044; x_wconf 84' lang='lat' dir='ltr'><strong>(Hannoverae</strong></span> <span class='ocrx_word' id='word_1_98' title='bbox 1136 1003 1253 1043; x_wconf 82' lang='grc'>1853),</span> <span class='ocrx_word' id='word_1_99' title='bbox 1275 1000 1320 1036; x_wconf 82' lang='lat' dir='ltr'><strong>cf.</strong></span> <span class='ocrx_word' id='word_1_100' title='bbox 1340 1001 1536 1045; x_wconf 85' lang='lat' dir='ltr'><strong>praeterea</strong></span> <span class='ocrx_word' id='word_1_101' title='bbox 1561 1000 1598 1036; x_wconf 91' lang='lat' dir='ltr'><strong>C.</strong></span> <span class='ocrx_word' id='word_1_102' title='bbox 1625 1000 1763 1037; x_wconf 86' lang='lat' dir='ltr'><strong>Volck-</strong></span> 
     </span>
     <span class='ocr_line' id='line_1_14' title="bbox 235 1045 1761 1106; baseline 0.003 -26"><span class='ocrx_word' id='word_1_103' title='bbox 235 1056 316 1080; x_wconf 88' lang='lat' dir='ltr'><strong>mar</strong></span> <span class='ocrx_word' id='word_1_104' title='bbox 340 1045 379 1080; x_wconf 89' lang='lat' dir='ltr'><strong>in</strong></span> <span class='ocrx_word' id='word_1_105' title='bbox 404 1045 603 1091; x_wconf 87' lang='lat' dir='ltr'><strong>Philologo</strong></span> <span class='ocrx_word' id='word_1_106' title='bbox 630 1045 699 1081; x_wconf 86' lang='lat' dir='ltr'><strong>VII</strong></span> <span class='ocrx_word' id='word_1_107' title='bbox 726 1050 793 1081; x_wconf 83' lang='lat'><strong>743</strong></span> <span class='ocrx_word' id='word_1_108' title='bbox 808 1059 882 1092; x_wconf 85' lang='lat' dir='ltr'><strong>seq.</strong></span> <span class='ocrx_word' id='word_1_109' title='bbox 922 1047 1119 1083; x_wconf 87' lang='lat' dir='ltr'><strong>Nietzsche</strong></span> <span class='ocrx_word' id='word_1_110' title='bbox 1144 1048 1183 1082; x_wconf 89' lang='lat' dir='ltr'><strong>in</strong></span> <span class='ocrx_word' id='word_1_111' title='bbox 1209 1047 1303 1084; x_wconf 88' lang='lat' dir='ltr'><strong>Mus.</strong></span> <span class='ocrx_word' id='word_1_112' title='bbox 1324 1047 1441 1083; x_wconf 85' lang='lat' dir='ltr'><strong>Rhen.</strong></span> <span class='ocrx_word' id='word_1_113' title='bbox 1462 1047 1583 1083; x_wconf 91' lang='lat' dir='ltr'>XXHI</span> <span class='ocrx_word' id='word_1_114' title='bbox 1602 1051 1669 1084; x_wconf 85' lang='lat'><strong>481</strong></span> <span class='ocrx_word' id='word_1_115' title='bbox 1678 1059 1761 1106; x_wconf 88' lang='lat' dir='ltr'><strong>seq.</strong></span> 
     </span>
     <span class='ocr_line' id='line_1_15' title="bbox 234 1090 1760 1139; baseline 0.001 -11"><span class='ocrx_word' id='word_1_116' title='bbox 234 1094 273 1128; x_wconf 90' lang='lat' dir='ltr'><strong>et</strong></span> <span class='ocrx_word' id='word_1_117' title='bbox 298 1092 403 1128; x_wconf 88' lang='lat' dir='ltr'><strong>Blass</strong></span> <span class='ocrx_word' id='word_1_118' title='bbox 429 1092 469 1127; x_wconf 89' lang='lat' dir='ltr'><strong>in</strong></span> <span class='ocrx_word' id='word_1_119' title='bbox 494 1092 629 1129; x_wconf 86' lang='lat' dir='ltr'><strong>Philol.</strong></span> <span class='ocrx_word' id='word_1_120' title='bbox 656 1093 795 1128; x_wconf 91' lang='lat' dir='ltr'>XXXII</span> <span class='ocrx_word' id='word_1_121' title='bbox 823 1098 890 1129; x_wconf 81' lang='lat'><strong>140</strong></span> <span class='ocrx_word' id='word_1_122' title='bbox 910 1105 985 1138; x_wconf 89' lang='lat' dir='ltr'><strong>seq.</strong></span> <span class='ocrx_word' id='word_1_123' title='bbox 1013 1115 1057 1120; x_wconf 89' lang='lat'><strong>-—</strong></span> <span class='ocrx_word' id='word_1_124' title='bbox 1084 1095 1128 1130; x_wconf 91' lang='lat' dir='ltr'><strong>V.</strong></span> <span class='ocrx_word' id='word_1_125' title='bbox 1158 1099 1187 1130; x_wconf 90' lang='lat'><strong>1.</strong></span> <span class='ocrx_word' id='word_1_126' title='bbox 1215 1090 1292 1139; x_wconf 81' lang='grc' dir='ltr'><em>ὅτε,</em></span> <span class='ocrx_word' id='word_1_127' title='bbox 1318 1094 1402 1130; x_wconf 91' lang='lat' dir='ltr'><strong>Ald.</strong></span> <span class='ocrx_word' id='word_1_128' title='bbox 1430 1092 1497 1130; x_wconf 84' lang='grc' dir='ltr'><em>ὅτι.</em></span> <span class='ocrx_word' id='word_1_129' title='bbox 1524 1115 1569 1121; x_wconf 92' lang='lat'>—</span> <span class='ocrx_word' id='word_1_130' title='bbox 1594 1091 1689 1131; x_wconf 79' lang='grc' dir='ltr'><em>κεῖτ’</em></span> <span class='ocrx_word' id='word_1_131' title='bbox 1717 1092 1760 1132; x_wconf 70' lang='grc' dir='ltr'><strong>ἐν</strong></span> 
     </span>
     <span class='ocr_line' id='line_1_16' title="bbox 234 1137 1760 1190; baseline 0.003 -15"><span class='ocrx_word' id='word_1_132' title='bbox 234 1140 377 1185; x_wconf 81' lang='lat' dir='ltr'><strong>scripsi,</strong></span> <span class='ocrx_word' id='word_1_133' title='bbox 403 1140 599 1186; x_wconf 88' lang='lat' dir='ltr'><strong>legebatur</strong></span> <span class='ocrx_word' id='word_1_134' title='bbox 625 1137 678 1185; x_wconf 79' lang='grc' dir='ltr'><strong>ἐν,</strong></span> <span class='ocrx_word' id='word_1_135' title='bbox 706 1140 962 1176; x_wconf 83' lang='lat' dir='ltr'><strong>Schneidewin</strong></span> <span class='ocrx_word' id='word_1_136' title='bbox 983 1139 1020 1177; x_wconf 90' lang='grc' dir='ltr'><em>δ’</em></span> <span class='ocrx_word' id='word_1_137' title='bbox 1043 1139 1095 1178; x_wconf 81' lang='grc' dir='ltr'><strong>ἐν.</strong></span> <span class='ocrx_word' id='word_1_138' title='bbox 1118 1163 1161 1167; x_wconf 85' lang='grc'><strong>-</strong></span> <span class='ocrx_word' id='word_1_139' title='bbox 1182 1140 1378 1190; x_wconf 79' lang='grc' dir='ltr'><em>δαιδαλέᾳ,</em></span> <span class='ocrx_word' id='word_1_140' title='bbox 1404 1143 1609 1178; x_wconf 87' lang='grc' dir='ltr'><em>δαιδαλαία</em></span> <span class='ocrx_word' id='word_1_141' title='bbox 1627 1143 1718 1189; x_wconf 82' lang='lat' dir='ltr'><strong>Reg.</strong></span> <span class='ocrx_word' id='word_1_142' title='bbox 1741 1147 1760 1178; x_wconf 90' lang='lat'>1</span> 
     </span>
     <span class='ocr_line' id='line_1_17' title="bbox 232 1155 1760 1244; baseline 0.001 -22"><span class='ocrx_word' id='word_1_143' title='bbox 232 1187 328 1232; x_wconf 90' lang='lat' dir='ltr'><strong>(sive</strong></span> <span class='ocrx_word' id='word_1_144' title='bbox 361 1187 551 1222; x_wconf 82' lang='lat' dir='ltr'><strong>Parisinus</strong></span> <span class='ocrx_word' id='word_1_145' title='bbox 585 1192 688 1244; x_wconf 80' lang='grc'>1741,</span> <span class='ocrx_word' id='word_1_146' title='bbox 720 1200 830 1232; x_wconf 88' lang='lat' dir='ltr'><strong>quem</strong></span> <span class='ocrx_word' id='word_1_147' title='bbox 863 1189 1022 1224; x_wconf 88' lang='lat' dir='ltr'><strong>contulit</strong></span> <span class='ocrx_word' id='word_1_148' title='bbox 1052 1190 1173 1225; x_wconf 89' lang='lat' dir='ltr'><strong>denuo</strong></span> <span class='ocrx_word' id='word_1_149' title='bbox 1206 1178 1477 1234; x_wconf 86' lang='lat' dir='ltr'><strong>Schneidewin)</strong></span> <span class='ocrx_word' id='word_1_150' title='bbox 1509 1179 1611 1226; x_wconf 88' lang='lat' dir='ltr'><strong>Colb.</strong></span> <span class='ocrx_word' id='word_1_151' title='bbox 1639 1155 1760 1226; x_wconf 70' lang='lat' dir='ltr'><strong>Gugelf.</strong></span> 
     </span>
     <span class='ocr_line' id='line_1_18' title="bbox 232 1231 1760 1293; baseline 0.003 -24"><span class='ocrx_word' id='word_1_152' title='bbox 232 1235 316 1271; x_wconf 92' lang='lat' dir='ltr'><strong>Ald.</strong></span> <span class='ocrx_word' id='word_1_153' title='bbox 343 1256 388 1260; x_wconf 97' lang='lat'><strong>—</strong></span> <span class='ocrx_word' id='word_1_154' title='bbox 415 1234 457 1270; x_wconf 88' lang='lat' dir='ltr'><strong>V.</strong></span> <span class='ocrx_word' id='word_1_155' title='bbox 485 1239 518 1270; x_wconf 82' lang='lat'><strong>2.</strong></span> <span class='ocrx_word' id='word_1_156' title='bbox 544 1231 686 1280; x_wconf 89' lang='grc' dir='ltr'><em>ανεμός</em></span> <span class='ocrx_word' id='word_1_157' title='bbox 711 1233 745 1269; x_wconf 86' lang='grc' dir='ltr'><strong>τ’</strong></span> <span class='ocrx_word' id='word_1_158' title='bbox 774 1233 908 1280; x_wconf 78' lang='grc' dir='ltr'><em>ἐφόρει</em></span> <span class='ocrx_word' id='word_1_159' title='bbox 933 1250 996 1281; x_wconf 86' lang='grc' dir='ltr'><strong>μιν</strong></span> <span class='ocrx_word' id='word_1_160' title='bbox 1027 1235 1152 1272; x_wconf 82' lang='grc' dir='ltr'><em>πνέων</em></span> <span class='ocrx_word' id='word_1_161' title='bbox 1178 1236 1308 1272; x_wconf 86' lang='lat' dir='ltr'><strong>addito</strong></span> <span class='ocrx_word' id='word_1_162' title='bbox 1332 1237 1446 1272; x_wconf 85' lang='lat' dir='ltr'><strong>verbo</strong></span> <span class='ocrx_word' id='word_1_163' title='bbox 1479 1234 1574 1283; x_wconf 77' lang='grc' dir='ltr'><em>ἑφόρ</em></span> <span class='ocrx_word' id='word_1_164' title='bbox 1575 1250 1629 1293; x_wconf 88' lang='grc' dir='ltr'><strong>ει,</strong></span> <span class='ocrx_word' id='word_1_165' title='bbox 1659 1236 1760 1283; x_wconf 82' lang='lat' dir='ltr'><strong>lege-</strong></span> 
     </span>
     <span class='ocr_line' id='line_1_19' title="bbox 231 1279 1758 1330; baseline 0.002 -14"><span class='ocrx_word' id='word_1_166' title='bbox 231 1283 343 1317; x_wconf 86' lang='lat' dir='ltr'><strong>batur</strong></span> <span class='ocrx_word' id='word_1_167' title='bbox 367 1279 508 1327; x_wconf 88' lang='grc' dir='ltr'><em>ανεμός</em></span> <span class='ocrx_word' id='word_1_168' title='bbox 526 1295 564 1317; x_wconf 87' lang='grc' dir='ltr'><strong>τε</strong></span> <span class='ocrx_word' id='word_1_169' title='bbox 587 1295 650 1328; x_wconf 85' lang='grc' dir='ltr'><strong>μιν</strong></span> <span class='ocrx_word' id='word_1_170' title='bbox 670 1282 807 1329; x_wconf 84' lang='grc' dir='ltr'><em>πνέων,</em></span> <span class='ocrx_word' id='word_1_171' title='bbox 834 1284 897 1318; x_wconf 87' lang='lat' dir='ltr'><strong>ubi</strong></span> <span class='ocrx_word' id='word_1_172' title='bbox 916 1297 980 1329; x_wconf 91' lang='grc' dir='ltr'><strong>μιν</strong></span> <span class='ocrx_word' id='word_1_173' title='bbox 1001 1282 1261 1319; x_wconf 87' lang='lat' dir='ltr'><strong>Schneidewin</strong></span> <span class='ocrx_word' id='word_1_174' title='bbox 1279 1284 1455 1328; x_wconf 86' lang='lat' dir='ltr'><strong>restituit,</strong></span> <span class='ocrx_word' id='word_1_175' title='bbox 1481 1297 1519 1319; x_wconf 91' lang='grc' dir='ltr'><strong>τε</strong></span> <span class='ocrx_word' id='word_1_176' title='bbox 1540 1298 1589 1329; x_wconf 87' lang='grc' dir='ltr'><strong>μη</strong></span> <span class='ocrx_word' id='word_1_177' title='bbox 1592 1297 1614 1318; x_wconf 87' lang='grc' dir='ltr'><strong><em>ν</em></strong></span> <span class='ocrx_word' id='word_1_178' title='bbox 1633 1285 1723 1330; x_wconf 83' lang='lat' dir='ltr'><strong>Reg.</strong></span> <span class='ocrx_word' id='word_1_179' title='bbox 1740 1289 1758 1319; x_wconf 94' lang='lat'>1</span> 
     </span>
     <span class='ocr_line' id='line_1_20' title="bbox 233 1327 1761 1377; baseline 0.001 -12"><span class='ocrx_word' id='word_1_180' title='bbox 233 1330 336 1365; x_wconf 85' lang='lat' dir='ltr'><strong>Oolb.</strong></span> <span class='ocrx_word' id='word_1_181' title='bbox 363 1329 456 1364; x_wconf 85' lang='lat' dir='ltr'><strong>Gud.</strong></span> <span class='ocrx_word' id='word_1_182' title='bbox 483 1329 566 1365; x_wconf 91' lang='lat' dir='ltr'><strong>Ald.</strong></span> <span class='ocrx_word' id='word_1_183' title='bbox 594 1330 632 1364; x_wconf 90' lang='lat' dir='ltr'><strong>in</strong></span> <span class='ocrx_word' id='word_1_184' title='bbox 657 1327 847 1376; x_wconf 63' lang='lat' dir='ltr'><strong>marg-„15³</strong></span> <span class='ocrx_word' id='word_1_185' title='bbox 877 1328 946 1377; x_wconf 79' lang='grc' dir='ltr'><strong>ἐμῇ</strong></span> <span class='ocrx_word' id='word_1_186' title='bbox 972 1331 1068 1373; x_wconf 61' lang='lat' dir='ltr'><strong>Alfi„</strong></span> <span class='ocrx_word' id='word_1_187' title='bbox 1094 1332 1207 1377; x_wconf 88' lang='lat' dir='ltr'><strong>vulgo</strong></span> <span class='ocrx_word' id='word_1_188' title='bbox 1233 1343 1277 1366; x_wconf 86' lang='lat' dir='ltr'><strong>ex</strong></span> <span class='ocrx_word' id='word_1_189' title='bbox 1302 1331 1502 1366; x_wconf 77' lang='lat' dir='ltr'><strong>manifesta</strong></span> <span class='ocrx_word' id='word_1_190' title='bbox 1532 1332 1761 1367; x_wconf 76' lang='lat' dir='ltr'><strong>correctione</strong></span> 
     </span>
     <span class='ocr_line' id='line_1_21' title="bbox 233 1359 1761 1431; baseline 0.001 -19"><span class='ocrx_word' id='word_1_191' title='bbox 233 1375 350 1431; x_wconf 83' lang='grc' dir='ltr'><em>βρέμῃ</em></span> <span class='ocrx_word' id='word_1_192' title='bbox 377 1378 415 1412; x_wconf 86' lang='lat' dir='ltr'><strong>et</strong></span> <span class='ocrx_word' id='word_1_193' title='bbox 441 1377 492 1412; x_wconf 88' lang='lat' dir='ltr'><strong>sic</strong></span> <span class='ocrx_word' id='word_1_194' title='bbox 518 1389 555 1422; x_wconf 91' lang='lat' dir='ltr'><strong>p,</strong></span> <span class='ocrx_word' id='word_1_195' title='bbox 581 1390 620 1412; x_wconf 88' lang='grc' dir='ltr'><strong>τε</strong></span> <span class='ocrx_word' id='word_1_196' title='bbox 646 1379 729 1422; x_wconf 83' lang='grc' dir='ltr'><strong><em>λίην</em></strong></span> <span class='ocrx_word' id='word_1_197' title='bbox 749 1377 902 1424; x_wconf 85' lang='lat' dir='ltr'><strong>Ahrens.</strong></span> <span class='ocrx_word' id='word_1_198' title='bbox 947 1359 1173 1414; x_wconf 72' lang='lat' dir='ltr'><strong>Existimant</strong></span> <span class='ocrx_word' id='word_1_199' title='bbox 1191 1378 1356 1414; x_wconf 89' lang='lat' dir='ltr'><strong>versibus</strong></span> <span class='ocrx_word' id='word_1_200' title='bbox 1377 1382 1442 1412; x_wconf 85' lang='lat'><strong>1-</strong></span> <span class='ocrx_word' id='word_1_201' title='bbox 1447 1382 1468 1413; x_wconf 88' lang='lat'><strong>3</strong></span> <span class='ocrx_word' id='word_1_202' title='bbox 1488 1379 1655 1424; x_wconf 85' lang='lat' dir='ltr'><strong>protasin</strong></span> <span class='ocrx_word' id='word_1_203' title='bbox 1674 1390 1761 1415; x_wconf 89' lang='lat' dir='ltr'><strong>con-</strong></span> 
     </span>
     <span class='ocr_line' id='line_1_22' title="bbox 230 1424 1757 1482; baseline 0.001 -23"><span class='ocrx_word' id='word_1_204' title='bbox 230 1424 352 1468; x_wconf 89' lang='lat' dir='ltr'><strong>tineri,</strong></span> <span class='ocrx_word' id='word_1_205' title='bbox 379 1426 419 1459; x_wconf 91' lang='lat' dir='ltr'><strong>at</strong></span> <span class='ocrx_word' id='word_1_206' title='bbox 443 1434 481 1459; x_wconf 83' lang='lat' dir='ltr'><strong>v:</strong></span> <span class='ocrx_word' id='word_1_207' title='bbox 505 1429 526 1459; x_wconf 89' lang='lat'>4</span> <span class='ocrx_word' id='word_1_208' title='bbox 545 1425 738 1482; x_wconf 84' lang='lat' dir='ltr'><strong>apodosis</strong></span> <span class='ocrx_word' id='word_1_209' title='bbox 748 1436 822 1460; x_wconf 91' lang='lat' dir='ltr'><strong>non</strong></span> <span class='ocrx_word' id='word_1_210' title='bbox 846 1427 925 1460; x_wconf 89' lang='lat' dir='ltr'><strong>tam</strong></span> <span class='ocrx_word' id='word_1_211' title='bbox 951 1426 1084 1471; x_wconf 86' lang='lat' dir='ltr'><strong>coepit,</strong></span> <span class='ocrx_word' id='word_1_212' title='bbox 1110 1437 1223 1470; x_wconf 88' lang='lat' dir='ltr'><strong>quam</strong></span> <span class='ocrx_word' id='word_1_213' title='bbox 1250 1426 1498 1470; x_wconf 74' lang='lat' dir='ltr'><strong>continuatur,</strong></span> <span class='ocrx_word' id='word_1_214' title='bbox 1534 1437 1656 1480; x_wconf 81' lang='lat' dir='ltr'><strong>neque</strong></span> <span class='ocrx_word' id='word_1_215' title='bbox 1681 1438 1715 1461; x_wconf 84' lang='lat' dir='ltr'><strong>v.</strong></span> <span class='ocrx_word' id='word_1_216' title='bbox 1735 1431 1757 1462; x_wconf 87' lang='grc'><strong>3</strong></span> 
     </span>
     <span class='ocr_line' id='line_1_23' title="bbox 230 1468 1759 1519; baseline 0.001 -13"><span class='ocrx_word' id='word_1_217' title='bbox 230 1472 346 1507; x_wconf 86' lang='lat' dir='ltr'><strong>verba</strong></span> <span class='ocrx_word' id='word_1_218' title='bbox 371 1473 519 1517; x_wconf 85' lang='grc' dir='ltr'><em>δείματι</em></span> <span class='ocrx_word' id='word_1_219' title='bbox 540 1469 673 1517; x_wconf 85' lang='grc' dir='ltr'><em>ἤριπεν</em></span> <span class='ocrx_word' id='word_1_220' title='bbox 693 1468 775 1508; x_wconf 78' lang='grc' dir='ltr'><em>οὔτ’</em></span> <span class='ocrx_word' id='word_1_221' title='bbox 798 1469 1010 1508; x_wconf 77' lang='grc' dir='ltr'><em>ἀδιάντοισι</em></span> <span class='ocrx_word' id='word_1_222' title='bbox 1029 1478 1204 1519; x_wconf 85' lang='grc' dir='ltr'><em>παρειαῖς</em></span> <span class='ocrx_word' id='word_1_223' title='bbox 1224 1473 1272 1508; x_wconf 90' lang='lat' dir='ltr'><strong>ad</strong></span> <span class='ocrx_word' id='word_1_224' title='bbox 1286 1474 1438 1508; x_wconf 87' lang='lat' dir='ltr'><strong>ventum</strong></span> <span class='ocrx_word' id='word_1_225' title='bbox 1452 1475 1490 1509; x_wconf 90' lang='lat' dir='ltr'><strong>et</strong></span> <span class='ocrx_word' id='word_1_226' title='bbox 1508 1473 1622 1508; x_wconf 84' lang='lat' dir='ltr'><strong>maris</strong></span> <span class='ocrx_word' id='word_1_227' title='bbox 1641 1473 1759 1509; x_wconf 82' lang='lat' dir='ltr'><strong>undas</strong></span> 
     </span>
     <span class='ocr_line' id='line_1_24' title="bbox 231 1518 1788 1574; baseline 0.001 -20"><span class='ocrx_word' id='word_1_228' title='bbox 231 1519 321 1554; x_wconf 86' lang='lat' dir='ltr'><strong>licet</strong></span> <span class='ocrx_word' id='word_1_229' title='bbox 346 1518 499 1554; x_wconf 83' lang='lat' dir='ltr'><strong>referre:</strong></span> <span class='ocrx_word' id='word_1_230' title='bbox 526 1532 559 1555; x_wconf 88' lang='lat' dir='ltr'><strong>v.</strong></span> <span class='ocrx_word' id='word_1_231' title='bbox 582 1524 603 1554; x_wconf 92' lang='lat'><strong>3</strong></span> <span class='ocrx_word' id='word_1_232' title='bbox 629 1531 713 1555; x_wconf 89' lang='lat' dir='ltr'><strong>cum</strong></span> <span class='ocrx_word' id='word_1_233' title='bbox 739 1519 914 1573; x_wconf 77' lang='lat' dir='ltr'><strong>apodosis</strong></span> <span class='ocrx_word' id='word_1_234' title='bbox 940 1520 1088 1555; x_wconf 85' lang='lat' dir='ltr'><strong>initium</strong></span> <span class='ocrx_word' id='word_1_235' title='bbox 1109 1521 1169 1565; x_wconf 86' lang='lat' dir='ltr'><strong>sit,</strong></span> <span class='ocrx_word' id='word_1_236' title='bbox 1195 1522 1354 1574; x_wconf 82' lang='lat' dir='ltr'><strong>apparet</strong></span> <span class='ocrx_word' id='word_1_237' title='bbox 1377 1520 1439 1555; x_wconf 91' lang='lat' dir='ltr'><strong>hic</strong></span> <span class='ocrx_word' id='word_1_238' title='bbox 1463 1521 1617 1556; x_wconf 86' lang='lat' dir='ltr'><strong>verbum</strong></span> <span class='ocrx_word' id='word_1_239' title='bbox 1636 1531 1759 1556; x_wconf 86' lang='lat' dir='ltr'><strong>neces·</strong></span> <span class='ocrx_word' id='word_1_240' title='bbox 1782 1535 1788 1538; x_wconf 93' lang='lat'>·</span> 
     </span>
     <span class='ocr_line' id='line_1_25' title="bbox 232 1565 1759 1624; baseline 0.001 -23"><span class='ocrx_word' id='word_1_241' title='bbox 232 1567 367 1602; x_wconf 86' lang='lat' dir='ltr'><strong>sarium</strong></span> <span class='ocrx_word' id='word_1_242' title='bbox 394 1565 644 1622; x_wconf 86' lang='lat' dir='ltr'><strong>interceptum</strong></span> <span class='ocrx_word' id='word_1_243' title='bbox 670 1578 760 1611; x_wconf 88' lang='lat' dir='ltr'><strong>esse,</strong></span> <span class='ocrx_word' id='word_1_244' title='bbox 786 1566 915 1624; x_wconf 88' lang='lat' dir='ltr'><strong>itaque</strong></span> <span class='ocrx_word' id='word_1_245' title='bbox 943 1565 1107 1613; x_wconf 82' lang='grc' dir='ltr'><em>ἐφόρει</em></span> <span class='ocrx_word' id='word_1_246' title='bbox 1131 1567 1281 1612; x_wconf 86' lang='lat' dir='ltr'><strong>inserui,</strong></span> <span class='ocrx_word' id='word_1_247' title='bbox 1314 1568 1413 1612; x_wconf 80' lang='lat' dir='ltr'><strong>quod</strong></span> <span class='ocrx_word' id='word_1_248' title='bbox 1445 1567 1559 1603; x_wconf 83' lang='lat' dir='ltr'><strong>etiam</strong></span> <span class='ocrx_word' id='word_1_249' title='bbox 1590 1567 1759 1612; x_wconf 81' lang='lat' dir='ltr'><strong>Dionysii</strong></span> 
     </span>
     <span class='ocr_line' id='line_1_26' title="bbox 231 1611 1757 1673; baseline 0.002 -25"><span class='ocrx_word' id='word_1_250' title='bbox 231 1611 254 1658; x_wconf 87' lang='grc' dir='ltr'>ἡ</span> <span class='ocrx_word' id='word_1_251' title='bbox 282 1611 345 1649; x_wconf 89' lang='grc' dir='ltr'><strong>δια</strong></span> <span class='ocrx_word' id='word_1_252' title='bbox 372 1611 558 1659; x_wconf 77' lang='grc' dir='ltr'><em>πελάγους</em></span> <span class='ocrx_word' id='word_1_253' title='bbox 583 1613 774 1673; x_wconf 83' lang='grc' dir='ltr'><em>φερομένη</em></span> <span class='ocrx_word' id='word_1_254' title='bbox 797 1612 931 1660; x_wconf 87' lang='grc' dir='ltr'><em>Δανάη</em></span> <span class='ocrx_word' id='word_1_255' title='bbox 953 1614 1224 1651; x_wconf 88' lang='lat' dir='ltr'><strong>commendant.</strong></span> <span class='ocrx_word' id='word_1_256' title='bbox 1253 1636 1288 1640; x_wconf 90' lang='lat'><strong>—</strong></span> <span class='ocrx_word' id='word_1_257' title='bbox 1317 1612 1519 1660; x_wconf 80' lang='grc' dir='ltr'><em>κινηθεῖσά</em></span> <span class='ocrx_word' id='word_1_258' title='bbox 1538 1628 1576 1650; x_wconf 90' lang='grc' dir='ltr'><strong>τε</strong></span> <span class='ocrx_word' id='word_1_259' title='bbox 1599 1615 1757 1673; x_wconf 82' lang='lat' dir='ltr'><strong>Brunck,</strong></span> 
     </span>
     <span class='ocr_line' id='line_1_27' title="bbox 232 1658 1759 1718; baseline 0.001 -22"><span class='ocrx_word' id='word_1_260' title='bbox 232 1662 343 1718; x_wconf 86' lang='lat' dir='ltr'><strong>vulgo</strong></span> <span class='ocrx_word' id='word_1_261' title='bbox 370 1664 568 1706; x_wconf 80' lang='grc' dir='ltr'><em>κινηθεῖσα</em></span> <span class='ocrx_word' id='word_1_262' title='bbox 595 1660 648 1697; x_wconf 77' lang='grc' dir='ltr'><strong>δὲ.</strong></span> <span class='ocrx_word' id='word_1_263' title='bbox 676 1683 719 1687; x_wconf 94' lang='grc'><strong>-</strong></span> <span class='ocrx_word' id='word_1_264' title='bbox 747 1661 789 1697; x_wconf 91' lang='lat' dir='ltr'><strong>V.</strong></span> <span class='ocrx_word' id='word_1_265' title='bbox 817 1666 849 1697; x_wconf 91' lang='lat'><strong>3.</strong></span> <span class='ocrx_word' id='word_1_266' title='bbox 876 1663 988 1708; x_wconf 88' lang='grc' dir='ltr'><em>δεῖμα</em></span> <span class='ocrx_word' id='word_1_267' title='bbox 1013 1667 1213 1708; x_wconf 86' lang='grc' dir='ltr'><em>προσεῖρπε</em></span> <span class='ocrx_word' id='word_1_268' title='bbox 1246 1662 1322 1707; x_wconf 89' lang='lat' dir='ltr'><strong>(vel</strong></span> <span class='ocrx_word' id='word_1_269' title='bbox 1346 1664 1549 1707; x_wconf 60' lang='lat' dir='ltr'><strong>nocetque)</strong></span> <span class='ocrx_word' id='word_1_270' title='bbox 1580 1658 1660 1698; x_wconf 86' lang='grc' dir='ltr'><em>τότ’</em></span> <span class='ocrx_word' id='word_1_271' title='bbox 1688 1659 1759 1698; x_wconf 82' lang='grc' dir='ltr'><strong>οὗκ</strong></span> 
     </span>
     <span class='ocr_line' id='line_1_28' title="bbox 231 1705 1758 1768; baseline 0.001 -25"><span class='ocrx_word' id='word_1_272' title='bbox 231 1705 444 1768; x_wconf 65' lang='grc' dir='ltr'><em>ἀδιάντοισι</em></span> <span class='ocrx_word' id='word_1_273' title='bbox 479 1714 654 1752; x_wconf 80' lang='grc' dir='ltr'><em>παρειαῖς</em></span> <span class='ocrx_word' id='word_1_274' title='bbox 685 1709 833 1754; x_wconf 80' lang='lat' dir='ltr'><strong>scripsi,</strong></span> <span class='ocrx_word' id='word_1_275' title='bbox 864 1710 1060 1755; x_wconf 86' lang='lat' dir='ltr'><strong>legebatur</strong></span> <span class='ocrx_word' id='word_1_276' title='bbox 1097 1711 1247 1766; x_wconf 86' lang='grc' dir='ltr'><em>δείματι</em></span> <span class='ocrx_word' id='word_1_277' title='bbox 1286 1708 1436 1755; x_wconf 76' lang='grc' dir='ltr'><em>ἔρειπεν</em></span> <span class='ocrx_word' id='word_1_278' title='bbox 1482 1708 1584 1766; x_wconf 83' lang='lat' dir='ltr'><strong>(libri</strong></span> <span class='ocrx_word' id='word_1_279' title='bbox 1619 1708 1758 1755; x_wconf 82' lang='grc' dir='ltr'><em>ἔριπεν,</em></span> 
     </span>
     <span class='ocr_line' id='line_1_29' title="bbox 231 1752 1758 1814; baseline 0.001 -24"><span class='ocrx_word' id='word_1_280' title='bbox 231 1755 350 1791; x_wconf 83' lang='lat' dir='ltr'><strong>Guelf.</strong></span> <span class='ocrx_word' id='word_1_281' title='bbox 380 1755 401 1791; x_wconf 76' lang='grc' dir='ltr'><em>ἔ</em></span> <span class='ocrx_word' id='word_1_282' title='bbox 400 1758 513 1802; x_wconf 83' lang='grc' dir='ltr'><em>ριπε),</em></span> <span class='ocrx_word' id='word_1_283' title='bbox 534 1753 615 1791; x_wconf 76' lang='grc' dir='ltr'><em>οὔτ’</em></span> <span class='ocrx_word' id='word_1_284' title='bbox 637 1753 837 1814; x_wconf 79' lang='grc' dir='ltr'><em>άδιαντῆσι</em></span> <span class='ocrx_word' id='word_1_285' title='bbox 857 1757 925 1802; x_wconf 83' lang='lat' dir='ltr'><strong>(ita</strong></span> <span class='ocrx_word' id='word_1_286' title='bbox 945 1757 1078 1802; x_wconf 59' lang='lat' dir='ltr'><strong>Guelf„</strong></span> <span class='ocrx_word' id='word_1_287' title='bbox 1105 1753 1220 1792; x_wconf 77' lang='grc' dir='ltr'><em>(ἰδίαν</em></span> <span class='ocrx_word' id='word_1_288' title='bbox 1239 1761 1334 1792; x_wconf 72' lang='grc' dir='ltr'><em>τοῖσι</em></span> <span class='ocrx_word' id='word_1_289' title='bbox 1352 1757 1443 1802; x_wconf 88' lang='lat' dir='ltr'><strong>Reg.</strong></span> <span class='ocrx_word' id='word_1_290' title='bbox 1466 1762 1497 1801; x_wconf 92' lang='lat'><strong>1,</strong></span> <span class='ocrx_word' id='word_1_291' title='bbox 1523 1752 1638 1791; x_wconf 85' lang='grc' dir='ltr'><em>αδίαν</em></span> <span class='ocrx_word' id='word_1_292' title='bbox 1657 1761 1758 1792; x_wconf 82' lang='grc' dir='ltr'><em>ταῖσι</em></span> 
     </span>
     <span class='ocr_line' id='line_1_30' title="bbox 230 1784 1760 1864; baseline 0.001 -26"><span class='ocrx_word' id='word_1_293' title='bbox 230 1804 327 1847; x_wconf 69' lang='lat' dir='ltr'><strong>Ald„</strong></span> <span class='ocrx_word' id='word_1_294' title='bbox 359 1804 398 1838; x_wconf 86' lang='lat' dir='ltr'><strong>in</strong></span> <span class='ocrx_word' id='word_1_295' title='bbox 429 1816 477 1839; x_wconf 91' lang='lat' dir='ltr'><strong>m.</strong></span> <span class='ocrx_word' id='word_1_296' title='bbox 503 1808 615 1848; x_wconf 88' lang='grc' dir='ltr'><em>τοῖσι,</em></span> <span class='ocrx_word' id='word_1_297' title='bbox 647 1817 671 1849; x_wconf 90' lang='lat' dir='ltr'>p</span> <span class='ocrx_word' id='word_1_298' title='bbox 703 1801 818 1839; x_wconf 76' lang='grc' dir='ltr'><em>ἄδιὰν</em></span> <span class='ocrx_word' id='word_1_299' title='bbox 857 1805 970 1860; x_wconf 89' lang='grc' dir='ltr'><em>ταίσι)</em></span> <span class='ocrx_word' id='word_1_300' title='bbox 1007 1809 1191 1850; x_wconf 81' lang='grc' dir='ltr'><em>παρειαῖς.</em></span> <span class='ocrx_word' id='word_1_301' title='bbox 1241 1803 1389 1839; x_wconf 88' lang='lat' dir='ltr'><strong>Brunck</strong></span> <span class='ocrx_word' id='word_1_302' title='bbox 1422 1784 1581 1839; x_wconf 71' lang='grc' dir='ltr'>οοι1θκ113</span> <span class='ocrx_word' id='word_1_303' title='bbox 1611 1805 1760 1864; x_wconf 81' lang='grc' dir='ltr'><em>δείματι</em></span> 
     </span>
     <span class='ocr_line' id='line_1_31' title="bbox 229 1847 1756 1910; baseline 0.001 -25"><span class='ocrx_word' id='word_1_304' title='bbox 229 1848 364 1896; x_wconf 83' lang='grc' dir='ltr'><em>ἤριπεν</em></span> <span class='ocrx_word' id='word_1_305' title='bbox 392 1847 476 1886; x_wconf 79' lang='grc' dir='ltr'><em>οὐδ’</em></span> <span class='ocrx_word' id='word_1_306' title='bbox 506 1851 700 1895; x_wconf 84' lang='lat' dir='ltr'><strong>(Thiersch</strong></span> <span class='ocrx_word' id='word_1_307' title='bbox 720 1847 804 1907; x_wconf 76' lang='grc' dir='ltr'><strong>οὐκ)</strong></span> <span class='ocrx_word' id='word_1_308' title='bbox 824 1848 1035 1886; x_wconf 79' lang='grc' dir='ltr'><em>ἀδιάντοισι</em></span> <span class='ocrx_word' id='word_1_309' title='bbox 1036 1856 1239 1910; x_wconf 84' lang='grc' dir='ltr'><em>παρειαῖς.</em></span> <span class='ocrx_word' id='word_1_310' title='bbox 1240 1850 1411 1887; x_wconf 90' lang='lat' dir='ltr'><strong>Ahrens</strong></span> <span class='ocrx_word' id='word_1_311' title='bbox 1431 1853 1543 1906; x_wconf 81' lang='grc' dir='ltr'><em>δεῖμα</em></span> <span class='ocrx_word' id='word_1_312' title='bbox 1563 1856 1756 1897; x_wconf 78' lang='grc' dir='ltr'><em>παρῖσχεν,</em></span> 
     </span>
     <span class='ocr_line' id='line_1_32' title="bbox 229 1894 1755 1948; baseline 0.001 -15"><span class='ocrx_word' id='word_1_313' title='bbox 229 1899 329 1943; x_wconf 88' lang='lat' dir='ltr'><strong>quod</strong></span> <span class='ocrx_word' id='word_1_314' title='bbox 354 1898 444 1933; x_wconf 79' lang='lat' dir='ltr'><strong>fen-i</strong></span> <span class='ocrx_word' id='word_1_315' title='bbox 469 1898 609 1943; x_wconf 88' lang='lat' dir='ltr'><strong>nequit,</strong></span> <span class='ocrx_word' id='word_1_316' title='bbox 635 1898 707 1933; x_wconf 91' lang='lat' dir='ltr'><strong>nisi</strong></span> <span class='ocrx_word' id='word_1_317' title='bbox 731 1894 794 1934; x_wconf 78' lang='grc' dir='ltr'><strong>ὅτε</strong></span> <span class='ocrx_word' id='word_1_318' title='bbox 820 1897 984 1943; x_wconf 78' lang='grc' dir='ltr'><em>λάρνακί</em></span> <span class='ocrx_word' id='word_1_319' title='bbox 1005 1897 1049 1934; x_wconf 80' lang='grc' dir='ltr'><strong>οἵ</strong></span> <span class='ocrx_word' id='word_1_320' title='bbox 1071 1899 1255 1948; x_wconf 77' lang='grc' dir='ltr'><em>δαιδαλέᾳ</em></span> <span class='ocrx_word' id='word_1_321' title='bbox 1281 1899 1484 1944; x_wconf 84' lang='lat' dir='ltr'><strong>scripseris,</strong></span> <span class='ocrx_word' id='word_1_322' title='bbox 1510 1909 1628 1943; x_wconf 89' lang='lat' dir='ltr'><strong>neque</strong></span> <span class='ocrx_word' id='word_1_323' title='bbox 1655 1899 1755 1934; x_wconf 88' lang='lat' dir='ltr'><strong>enim</strong></span> 
     </span>
     <span class='ocr_line' id='line_1_33' title="bbox 227 1946 1756 1991; baseline 0.001 -11"><span class='ocrx_word' id='word_1_324' title='bbox 227 1946 265 1981; x_wconf 88' lang='lat' dir='ltr'><strong>in</strong></span> <span class='ocrx_word' id='word_1_325' title='bbox 293 1957 379 1980; x_wconf 87' lang='lat' dir='ltr'><strong>arca</strong></span> <span class='ocrx_word' id='word_1_326' title='bbox 404 1946 535 1980; x_wconf 87' lang='lat' dir='ltr'><strong>ventus</strong></span> <span class='ocrx_word' id='word_1_327' title='bbox 561 1947 599 1980; x_wconf 89' lang='lat' dir='ltr'><strong>et</strong></span> <span class='ocrx_word' id='word_1_328' title='bbox 624 1946 745 1981; x_wconf 85' lang='lat' dir='ltr'><strong>undae</strong></span> <span class='ocrx_word' id='word_1_329' title='bbox 771 1946 957 1984; x_wconf 86' lang='lat' dir='ltr'><strong>saeviunt</strong></span> <span class='ocrx_word' id='word_1_330' title='bbox 983 1946 1047 1981; x_wconf 89' lang='lat' dir='ltr'><strong>sed</strong></span> <span class='ocrx_word' id='word_1_331' title='bbox 1067 1946 1219 1981; x_wconf 87' lang='lat' dir='ltr'><strong>Danaen</strong></span> <span class='ocrx_word' id='word_1_332' title='bbox 1239 1957 1346 1981; x_wconf 85' lang='lat' dir='ltr'><strong>arcae</strong></span> <span class='ocrx_word' id='word_1_333' title='bbox 1365 1946 1548 1981; x_wconf 83' lang='lat' dir='ltr'><strong>inclusam</strong></span> <span class='ocrx_word' id='word_1_334' title='bbox 1568 1947 1756 1991; x_wconf 84' lang='lat' dir='ltr'><strong>perterre-</strong></span> 
     </span>
     <span class='ocr_line' id='line_1_34' title="bbox 228 1990 1754 2051; baseline 0.001 -24"><span class='ocrx_word' id='word_1_335' title='bbox 228 1992 381 2028; x_wconf 87' lang='lat' dir='ltr'><strong>faciunt.</strong></span> <span class='ocrx_word' id='word_1_336' title='bbox 425 1993 508 2038; x_wconf 83' lang='lat' dir='ltr'><strong>Ipse</strong></span> <span class='ocrx_word' id='word_1_337' title='bbox 533 1991 735 2037; x_wconf 88' lang='lat' dir='ltr'><strong>aliquando</strong></span> <span class='ocrx_word' id='word_1_338' title='bbox 761 1994 909 2038; x_wconf 81' lang='grc' dir='ltr'><em>δείματι</em></span> <span class='ocrx_word' id='word_1_339' title='bbox 934 1990 1062 2038; x_wconf 83' lang='grc' dir='ltr'><em>ρῖπτεν</em></span> <span class='ocrx_word' id='word_1_340' title='bbox 1083 1993 1236 2036; x_wconf 87' lang='lat' dir='ltr'><strong>conieci,</strong></span> <span class='ocrx_word' id='word_1_341' title='bbox 1262 1993 1362 2037; x_wconf 90' lang='lat' dir='ltr'><strong>quod</strong></span> <span class='ocrx_word' id='word_1_342' title='bbox 1380 1993 1583 2028; x_wconf 83' lang='lat' dir='ltr'><strong>Volckmar</strong></span> <span class='ocrx_word' id='word_1_343' title='bbox 1602 2004 1754 2051; x_wconf 86' lang='lat' dir='ltr'><strong>quoque</strong></span> 
     </span>
     <span class='ocr_line' id='line_1_35' title="bbox 228 2037 1755 2093; baseline 0.001 -19"><span class='ocrx_word' id='word_1_344' title='bbox 228 2040 441 2085; x_wconf 83' lang='lat' dir='ltr'><strong>proposuit,</strong></span> <span class='ocrx_word' id='word_1_345' title='bbox 479 2040 544 2075; x_wconf 89' lang='lat' dir='ltr'><strong>sed</strong></span> <span class='ocrx_word' id='word_1_346' title='bbox 579 2052 711 2085; x_wconf 77' lang='lat' dir='ltr'><strong>palum</strong></span> <span class='ocrx_word' id='word_1_347' title='bbox 748 2041 847 2085; x_wconf 86' lang='lat' dir='ltr'><strong>aptis</strong></span> <span class='ocrx_word' id='word_1_348' title='bbox 892 2039 1071 2085; x_wconf 88' lang='lat' dir='ltr'><strong>exemplis</strong></span> <span class='ocrx_word' id='word_1_349' title='bbox 1096 2039 1382 2093; x_wconf 77' lang='lat' dir='ltr'><strong>commendavit.</strong></span> <span class='ocrx_word' id='word_1_350' title='bbox 1414 2041 1573 2085; x_wconf 81' lang='grc' dir='ltr'><em>Δείματι</em></span> <span class='ocrx_word' id='word_1_351' title='bbox 1617 2037 1755 2084; x_wconf 85' lang='grc' dir='ltr'><em>ἤριπεν</em></span> 
     </span>
     <span class='ocr_line' id='line_1_36' title="bbox 230 2086 1756 2132; baseline -0.001 -9"><span class='ocrx_word' id='word_1_352' title='bbox 230 2088 379 2123; x_wconf 91' lang='lat' dir='ltr'><strong>omnino</strong></span> <span class='ocrx_word' id='word_1_353' title='bbox 405 2086 581 2132; x_wconf 88' lang='lat' dir='ltr'><strong>alienum,</strong></span> <span class='ocrx_word' id='word_1_354' title='bbox 600 2099 686 2122; x_wconf 86' lang='lat' dir='ltr'><strong>nam</strong></span> <span class='ocrx_word' id='word_1_355' title='bbox 706 2087 782 2123; x_wconf 84' lang='lat' dir='ltr'><strong>sive</strong></span> <span class='ocrx_word' id='word_1_356' title='bbox 802 2092 937 2123; x_wconf 77' lang='lat' dir='ltr'><strong>terrore</strong></span> <span class='ocrx_word' id='word_1_357' title='bbox 955 2088 1077 2123; x_wconf 79' lang='lat' dir='ltr'><strong>obruit</strong></span> <span class='ocrx_word' id='word_1_358' title='bbox 1096 2087 1172 2123; x_wconf 83' lang='lat' dir='ltr'><strong>sive</strong></span> <span class='ocrx_word' id='word_1_359' title='bbox 1195 2099 1288 2132; x_wconf 79' lang='lat' dir='ltr'><strong>prae</strong></span> <span class='ocrx_word' id='word_1_360' title='bbox 1313 2088 1438 2123; x_wconf 83' lang='lat' dir='ltr'><strong>timore</strong></span> <span class='ocrx_word' id='word_1_361' title='bbox 1456 2087 1616 2122; x_wconf 78' lang='lat' dir='ltr'><strong>concidit</strong></span> <span class='ocrx_word' id='word_1_362' title='bbox 1639 2087 1756 2123; x_wconf 88' lang='lat' dir='ltr'><strong>inter-</strong></span> 
     </span>
     <span class='ocr_line' id='line_1_37' title="bbox 229 2133 1757 2180; baseline 0.001 -11"><span class='ocrx_word' id='word_1_363' title='bbox 229 2135 404 2180; x_wconf 84' lang='lat' dir='ltr'><strong>preteris,</strong></span> <span class='ocrx_word' id='word_1_364' title='bbox 435 2136 569 2170; x_wconf 80' lang='lat' dir='ltr'><strong>neutra</strong></span> <span class='ocrx_word' id='word_1_365' title='bbox 598 2133 859 2179; x_wconf 85' lang='lat' dir='ltr'><strong>interpretatio</strong></span> <span class='ocrx_word' id='word_1_366' title='bbox 893 2135 1071 2170; x_wconf 80' lang='lat' dir='ltr'><strong>sermonis</strong></span> <span class='ocrx_word' id='word_1_367' title='bbox 1110 2134 1367 2170; x_wconf 85' lang='lat' dir='ltr'><strong>consuetudini</strong></span> <span class='ocrx_word' id='word_1_368' title='bbox 1404 2134 1594 2170; x_wconf 85' lang='lat' dir='ltr'><strong>convenit.</strong></span> <span class='ocrx_word' id='word_1_369' title='bbox 1636 2145 1757 2179; x_wconf 86' lang='lat' dir='ltr'><strong>neque</strong></span> 
     </span>
     <span class='ocr_line' id='line_1_38' title="bbox 230 2178 1756 2241; baseline 0.001 -25"><span class='ocrx_word' id='word_1_370' title='bbox 230 2193 325 2227; x_wconf 88' lang='lat' dir='ltr'><strong>quae</strong></span> <span class='ocrx_word' id='word_1_371' title='bbox 351 2183 555 2226; x_wconf 85' lang='lat' dir='ltr'><strong>sequuntur</strong></span> <span class='ocrx_word' id='word_1_372' title='bbox 586 2184 672 2217; x_wconf 88' lang='lat' dir='ltr'><strong>sunt</strong></span> <span class='ocrx_word' id='word_1_373' title='bbox 695 2182 859 2227; x_wconf 84' lang='lat' dir='ltr'><strong>integra,</strong></span> <span class='ocrx_word' id='word_1_374' title='bbox 891 2193 978 2217; x_wconf 79' lang='lat' dir='ltr'><strong>nam</strong></span> <span class='ocrx_word' id='word_1_375' title='bbox 1010 2182 1157 2217; x_wconf 81' lang='lat' dir='ltr'><strong>dativus</strong></span> <span class='ocrx_word' id='word_1_376' title='bbox 1188 2178 1249 2217; x_wconf 90' lang='grc' dir='ltr'><strong>αδ.</strong></span> <span class='ocrx_word' id='word_1_377' title='bbox 1284 2186 1463 2241; x_wconf 81' lang='grc' dir='ltr'><em>παρειαῖς</em></span> <span class='ocrx_word' id='word_1_378' title='bbox 1482 2181 1668 2238; x_wconf 88' lang='lat' dir='ltr'><strong>quomodo</strong></span> <span class='ocrx_word' id='word_1_379' title='bbox 1693 2193 1756 2224; x_wconf 70' lang='grc' dir='ltr'><strong>εκ,</strong></span> 
     </span>
     <span class='ocr_line' id='line_1_39' title="bbox 207 2225 1754 2275; baseline 0.001 -11"><span class='ocrx_word' id='word_1_380' title='bbox 207 2228 362 2274; x_wconf 81' lang='lat' dir='ltr'><strong>-plicari</strong></span> <span class='ocrx_word' id='word_1_381' title='bbox 392 2229 512 2275; x_wconf 85' lang='lat' dir='ltr'><strong>possit</strong></span> <span class='ocrx_word' id='word_1_382' title='bbox 541 2240 615 2264; x_wconf 89' lang='lat' dir='ltr'><strong>non</strong></span> <span class='ocrx_word' id='word_1_383' title='bbox 645 2229 772 2274; x_wconf 88' lang='lat' dir='ltr'><strong>video,</strong></span> <span class='ocrx_word' id='word_1_384' title='bbox 803 2228 931 2274; x_wconf 84' lang='lat' dir='ltr'><strong>itaque</strong></span> <span class='ocrx_word' id='word_1_385' title='bbox 963 2230 1075 2265; x_wconf 87' lang='lat' dir='ltr'><strong>antea</strong></span> <span class='ocrx_word' id='word_1_386' title='bbox 1106 2225 1189 2264; x_wconf 79' lang='grc' dir='ltr'><em>οὐδ’</em></span> <span class='ocrx_word' id='word_1_387' title='bbox 1225 2226 1403 2264; x_wconf 80' lang='grc' dir='ltr'><em>ἀδίαντοί</em></span> <span class='ocrx_word' id='word_1_388' title='bbox 1425 2227 1463 2264; x_wconf 83' lang='grc' dir='ltr'><strong>οἷ</strong></span> <span class='ocrx_word' id='word_1_389' title='bbox 1486 2225 1682 2273; x_wconf 80' lang='grc' dir='ltr'><em>(ἀδίανταί</em></span> <span class='ocrx_word' id='word_1_390' title='bbox 1702 2227 1754 2274; x_wconf 81' lang='grc' dir='ltr'><strong>οἷ)</strong></span> 
     </span>
     <span class='ocr_line' id='line_1_40' title="bbox 228 2275 1754 2322; baseline 0 -11"><span class='ocrx_word' id='word_1_391' title='bbox 228 2278 389 2320; x_wconf 87' lang='grc' dir='ltr'><em>παρειαί</em></span> <span class='ocrx_word' id='word_1_392' title='bbox 416 2277 569 2312; x_wconf 89' lang='lat' dir='ltr'><strong>conieci.</strong></span> <span class='ocrx_word' id='word_1_393' title='bbox 619 2277 662 2311; x_wconf 92' lang='lat' dir='ltr'><strong>In</strong></span> <span class='ocrx_word' id='word_1_394' title='bbox 693 2277 870 2318; x_wconf 87' lang='lat' dir='ltr'><strong>mendosa</strong></span> <span class='ocrx_word' id='word_1_395' title='bbox 907 2277 1084 2312; x_wconf 86' lang='lat' dir='ltr'><strong>librorum</strong></span> <span class='ocrx_word' id='word_1_396' title='bbox 1122 2276 1306 2322; x_wconf 83' lang='lat' dir='ltr'><strong>scriptura</strong></span> <span class='ocrx_word' id='word_1_397' title='bbox 1341 2275 1438 2311; x_wconf 88' lang='lat' dir='ltr'><strong>nihil</strong></span> <span class='ocrx_word' id='word_1_398' title='bbox 1468 2276 1572 2311; x_wconf 86' lang='lat' dir='ltr'><strong>aliud</strong></span> <span class='ocrx_word' id='word_1_399' title='bbox 1604 2276 1754 2312; x_wconf 84' lang='lat' dir='ltr'><strong>videtur</strong></span> 
     </span>
     <span class='ocr_line' id='line_1_41' title="bbox 228 2322 1755 2369; baseline 0.001 -11"><span class='ocrx_word' id='word_1_400' title='bbox 228 2324 456 2368; x_wconf 88' lang='lat' dir='ltr'><strong>delitescere,</strong></span> <span class='ocrx_word' id='word_1_401' title='bbox 483 2335 596 2369; x_wconf 89' lang='lat' dir='ltr'><strong>quam</strong></span> <span class='ocrx_word' id='word_1_402' title='bbox 621 2325 720 2368; x_wconf 87' lang='lat' dir='ltr'><strong>quod</strong></span> <span class='ocrx_word' id='word_1_403' title='bbox 745 2335 856 2369; x_wconf 83' lang='lat' dir='ltr'><strong>supra</strong></span> <span class='ocrx_word' id='word_1_404' title='bbox 881 2324 976 2367; x_wconf 84' lang='lat' dir='ltr'><strong>dedi,</strong></span> <span class='ocrx_word' id='word_1_405' title='bbox 1002 2322 1026 2360; x_wconf 89' lang='lat' dir='ltr'><strong>i.</strong></span> <span class='ocrx_word' id='word_1_406' title='bbox 1048 2336 1078 2359; x_wconf 91' lang='lat' dir='ltr'><strong>e.</strong></span> <span class='ocrx_word' id='word_1_407' title='bbox 1098 2325 1206 2360; x_wconf 82' lang='lat' dir='ltr'><strong>timor</strong></span> <span class='ocrx_word' id='word_1_408' title='bbox 1224 2324 1381 2369; x_wconf 80' lang='lat' dir='ltr'><strong>obrepsit</strong></span> <span class='ocrx_word' id='word_1_409' title='bbox 1398 2324 1511 2369; x_wconf 63' lang='lat' dir='ltr'><strong>aenis,</strong></span> <span class='ocrx_word' id='word_1_410' title='bbox 1531 2334 1624 2368; x_wconf 79' lang='lat' dir='ltr'><strong>quas</strong></span> <span class='ocrx_word' id='word_1_411' title='bbox 1642 2323 1755 2359; x_wconf 76' lang='lat' dir='ltr'><strong>lacri-</strong></span> 
     </span>
    </p>
   </div>
   <div class='ocr_carea' id='block_1_4' title="bbox 227 2353 1752 2523">
    <p class='ocr_par' dir='ltr' id='par_1_8' title="bbox 227 2353 1752 2511">
     <span class='ocr_line' id='line_1_42' title="bbox 228 2353 1752 2429; baseline -0.001 -22"><span class='ocrx_word' id='word_1_412' title='bbox 228 2383 308 2407; x_wconf 85' lang='lat' dir='ltr'><strong>mae</strong></span> <span class='ocrx_word' id='word_1_413' title='bbox 331 2353 550 2429; x_wconf 69' lang='lat' dir='ltr'><strong>irriya’bant.</strong></span> <span class='ocrx_word' id='word_1_414' title='bbox 572 2392 614 2397; x_wconf 89' lang='lat'>—</span> <span class='ocrx_word' id='word_1_415' title='bbox 642 2372 683 2406; x_wconf 96' lang='lat' dir='ltr'><strong>V.</strong></span> <span class='ocrx_word' id='word_1_416' title='bbox 699 2375 731 2408; x_wconf 92' lang='lat'>4</span> <span class='ocrx_word' id='word_1_417' title='bbox 758 2369 900 2415; x_wconf 73' lang='grc' dir='ltr'><em>Περσέι·</em></span> <span class='ocrx_word' id='word_1_418' title='bbox 918 2353 1187 2415; x_wconf 84' lang='lat' dir='ltr'><strong>Schneidewin,</strong></span> <span class='ocrx_word' id='word_1_419' title='bbox 1207 2371 1320 2416; x_wconf 89' lang='lat' dir='ltr'><strong>vulgo</strong></span> <span class='ocrx_word' id='word_1_420' title='bbox 1341 2372 1490 2416; x_wconf 85' lang='grc' dir='ltr'><em>Περσεῖ,</em></span> <span class='ocrx_word' id='word_1_421' title='bbox 1517 2370 1606 2415; x_wconf 69' lang='lat' dir='ltr'><strong>Reor,</strong></span> <span class='ocrx_word' id='word_1_422' title='bbox 1629 2369 1752 2405; x_wconf 84' lang='lat' dir='ltr'><strong>Guelf.</strong></span> 
     </span>
     <span class='ocr_line' id='line_1_43' title="bbox 228 2384 1751 2476; baseline -0.001 -22"><span class='ocrx_word' id='word_1_423' title='bbox 228 2419 312 2454; x_wconf 91' lang='lat' dir='ltr'><strong>Ald.</strong></span> <span class='ocrx_word' id='word_1_424' title='bbox 340 2417 489 2462; x_wconf 86' lang='grc' dir='ltr'><em>Πέρσει</em></span> <span class='ocrx_word' id='word_1_425' title='bbox 515 2440 559 2444; x_wconf 87' lang='lat'><strong>-—</strong></span> <span class='ocrx_word' id='word_1_426' title='bbox 586 2415 715 2476; x_wconf 90' lang='grc' dir='ltr'><em>βάλλε,</em></span> <span class='ocrx_word' id='word_1_427' title='bbox 741 2418 861 2454; x_wconf 84' lang='lat' dir='ltr'><strong>Guelf.</strong></span> <span class='ocrx_word' id='word_1_428' title='bbox 888 2429 911 2453; x_wconf 89' lang='lat' dir='ltr'><strong>a</strong></span> <span class='ocrx_word' id='word_1_429' title='bbox 937 2431 983 2454; x_wconf 89' lang='lat' dir='ltr'><strong>m.</strong></span> <span class='ocrx_word' id='word_1_430' title='bbox 987 2430 1056 2474; x_wconf 87' lang='lat' dir='ltr'><strong>pr.</strong></span> <span class='ocrx_word' id='word_1_431' title='bbox 1080 2419 1117 2453; x_wconf 91' lang='lat' dir='ltr'><strong>et</strong></span> <span class='ocrx_word' id='word_1_432' title='bbox 1136 2417 1289 2454; x_wconf 85' lang='lat' dir='ltr'><strong>Ursinus</strong></span> <span class='ocrx_word' id='word_1_433' title='bbox 1309 2384 1419 2466; x_wconf 42' lang='grc' dir='ltr'><em>βάλες</em></span> <span class='ocrx_word' id='word_1_434' title='bbox 1431 2437 1476 2443; x_wconf 93' lang='lat'><strong>—-</strong></span> <span class='ocrx_word' id='word_1_435' title='bbox 1501 2415 1582 2462; x_wconf 83' lang='grc' dir='ltr'><em>χέρ’</em></span> <span class='ocrx_word' id='word_1_436' title='bbox 1610 2417 1751 2463; x_wconf 85' lang='lat' dir='ltr'><strong>scripsi,</strong></span> 
     </span>
     <span class='ocr_line' id='line_1_44' title="bbox 227 2461 1752 2523; baseline -0.001 -23"><span class='ocrx_word' id='word_1_437' title='bbox 227 2466 341 2523; x_wconf 86' lang='lat' dir='ltr'><strong>vulgo</strong></span> <span class='ocrx_word' id='word_1_438' title='bbox 367 2464 470 2511; x_wconf 78' lang='grc' dir='ltr'><em>χέρα,</em></span> <span class='ocrx_word' id='word_1_439' title='bbox 497 2466 579 2502; x_wconf 90' lang='lat' dir='ltr'><strong>Ald.</strong></span> <span class='ocrx_word' id='word_1_440' title='bbox 606 2464 670 2511; x_wconf 86' lang='grc' dir='ltr'><strong>χέρ</strong></span> <span class='ocrx_word' id='word_1_441' title='bbox 674 2479 732 2502; x_wconf 89' lang='grc' dir='ltr'><strong>αν.</strong></span> <span class='ocrx_word' id='word_1_442' title='bbox 760 2486 802 2493; x_wconf 92' lang='lat'>—</span> <span class='ocrx_word' id='word_1_443' title='bbox 830 2464 936 2501; x_wconf 83' lang='grc' dir='ltr'><em>εἶπέν</em></span> <span class='ocrx_word' id='word_1_444' title='bbox 962 2461 1010 2508; x_wconf 84' lang='grc' dir='ltr'><strong>τ’,</strong></span> <span class='ocrx_word' id='word_1_445' title='bbox 1038 2466 1150 2511; x_wconf 90' lang='lat' dir='ltr'><strong>vulgo</strong></span> <span class='ocrx_word' id='word_1_446' title='bbox 1177 2463 1284 2501; x_wconf 81' lang='grc' dir='ltr'><em>εἶπέν</em></span> <span class='ocrx_word' id='word_1_447' title='bbox 1303 2478 1354 2510; x_wconf 88' lang='grc' dir='ltr'><strong>τε,</strong></span> <span class='ocrx_word' id='word_1_448' title='bbox 1381 2464 1503 2501; x_wconf 87' lang='lat' dir='ltr'><strong>Guelf.</strong></span> <span class='ocrx_word' id='word_1_449' title='bbox 1525 2463 1607 2500; x_wconf 85' lang='grc' dir='ltr'><em>εἶπέ</em></span> <span class='ocrx_word' id='word_1_450' title='bbox 1633 2477 1683 2500; x_wconf 84' lang='grc' dir='ltr'><strong>τε.</strong></span> <span class='ocrx_word' id='word_1_451' title='bbox 1707 2484 1752 2490; x_wconf 92' lang='grc'><strong>-</strong></span> 
     </span>
    </p>
   </div>
   <div class='ocr_carea' id='block_1_5' title="bbox 227 2493 1753 2937">
    <p class='ocr_par' dir='ltr' id='par_1_9' title="bbox 227 2493 1753 2937">
     <span class='ocr_line' id='line_1_45' title="bbox 228 2493 1750 2570; baseline -0.001 -22"><span class='ocrx_word' id='word_1_452' title='bbox 228 2511 334 2553; x_wconf 85' lang='grc' dir='ltr'><em>τέκος</em></span> <span class='ocrx_word' id='word_1_453' title='bbox 360 2513 494 2557; x_wconf 63' lang='lat' dir='ltr'><strong>Guelf„</strong></span> <span class='ocrx_word' id='word_1_454' title='bbox 519 2513 633 2570; x_wconf 87' lang='lat' dir='ltr'><strong>vulgo</strong></span> <span class='ocrx_word' id='word_1_455' title='bbox 658 2513 802 2549; x_wconf 79' lang='grc' dir='ltr'><em>τέκνον.</em></span> <span class='ocrx_word' id='word_1_456' title='bbox 847 2512 952 2548; x_wconf 89' lang='lat' dir='ltr'><strong>Adde</strong></span> <span class='ocrx_word' id='word_1_457' title='bbox 978 2493 1112 2548; x_wconf 88' lang='lat' dir='ltr'><strong>Athen.</strong></span> <span class='ocrx_word' id='word_1_458' title='bbox 1146 2513 1197 2547; x_wconf 92' lang='lat' dir='ltr'><strong>IX</strong></span> <span class='ocrx_word' id='word_1_459' title='bbox 1222 2511 1351 2548; x_wconf 83' lang='lat' dir='ltr'><strong>396E:</strong></span> <span class='ocrx_word' id='word_1_460' title='bbox 1383 2512 1597 2558; x_wconf 84' lang='grc' dir='ltr'><em>Σιμωνίδης</em></span> <span class='ocrx_word' id='word_1_461' title='bbox 1623 2508 1658 2547; x_wconf 87' lang='grc' dir='ltr'><em>δ’</em></span> <span class='ocrx_word' id='word_1_462' title='bbox 1687 2508 1750 2547; x_wconf 76' lang='grc' dir='ltr'><strong>ἐπὶ</strong></span> 
     </span>
     <span class='ocr_line' id='line_1_46' title="bbox 228 2557 1753 2618; baseline -0.001 -23"><span class='ocrx_word' id='word_1_463' title='bbox 228 2561 294 2595; x_wconf 83' lang='grc' dir='ltr'><strong>τοῦ</strong></span> <span class='ocrx_word' id='word_1_464' title='bbox 320 2561 495 2618; x_wconf 85' lang='grc' dir='ltr'><em>Περσέως</em></span> <span class='ocrx_word' id='word_1_465' title='bbox 519 2558 588 2606; x_wconf 88' lang='grc' dir='ltr'><strong>τὴν</strong></span> <span class='ocrx_word' id='word_1_466' title='bbox 609 2558 766 2605; x_wconf 86' lang='grc' dir='ltr'><em>Δανάην</em></span> <span class='ocrx_word' id='word_1_467' title='bbox 791 2564 899 2595; x_wconf 90' lang='grc' dir='ltr'><em>ποιεῖ</em></span> <span class='ocrx_word' id='word_1_468' title='bbox 910 2558 1110 2605; x_wconf 77' lang='grc' dir='ltr'><em>λέγουσαν·</em></span> <span class='ocrx_word' id='word_1_469' title='bbox 1137 2573 1164 2594; x_wconf 89' lang='grc' dir='ltr'><em>ω</em></span> <span class='ocrx_word' id='word_1_470' title='bbox 1191 2558 1339 2617; x_wconf 80' lang='grc' dir='ltr'><em>τέκος,</em></span> <span class='ocrx_word' id='word_1_471' title='bbox 1365 2557 1463 2595; x_wconf 83' lang='grc' dir='ltr'><em>οἷον</em></span> <span class='ocrx_word' id='word_1_472' title='bbox 1484 2557 1567 2615; x_wconf 81' lang='grc' dir='ltr'><strong>ἔχω</strong></span> <span class='ocrx_word' id='word_1_473' title='bbox 1587 2555 1753 2594; x_wconf 86' lang='grc' dir='ltr'><em>πόνον·</em></span> 
     </span>
     <span class='ocr_line' id='line_1_47' title="bbox 229 2602 1753 2664; baseline -0.002 -21"><span class='ocrx_word' id='word_1_474' title='bbox 229 2605 282 2642; x_wconf 81' lang='grc' dir='ltr'><strong>σὺ</strong></span> <span class='ocrx_word' id='word_1_475' title='bbox 311 2604 348 2643; x_wconf 86' lang='grc' dir='ltr'><em>δ’</em></span> <span class='ocrx_word' id='word_1_476' title='bbox 376 2602 484 2643; x_wconf 78' lang='grc' dir='ltr'><em>αὖτε</em></span> <span class='ocrx_word' id='word_1_477' title='bbox 514 2607 578 2648; x_wconf 84' lang='grc' dir='ltr'><strong>εἰς</strong></span> <span class='ocrx_word' id='word_1_478' title='bbox 604 2607 850 2656; x_wconf 78' lang='grc' dir='ltr'><em>γαλαθηνῷ</em></span> <span class='ocrx_word' id='word_1_479' title='bbox 876 2607 923 2652; x_wconf 95' lang='lat' dir='ltr'><strong>(V</strong></span> <span class='ocrx_word' id='word_1_480' title='bbox 933 2607 1192 2664; x_wconf 73' lang='grc' dir='ltr'><em>γαλαθηνῶν)</em></span> <span class='ocrx_word' id='word_1_481' title='bbox 1227 2603 1264 2641; x_wconf 89' lang='grc' dir='ltr'><em>δ’</em></span> <span class='ocrx_word' id='word_1_482' title='bbox 1292 2603 1422 2652; x_wconf 85' lang='grc' dir='ltr'><em>ἤτορι</em></span> <span class='ocrx_word' id='word_1_483' title='bbox 1447 2603 1680 2646; x_wconf 77' lang='grc' dir='ltr'><em>κνώσσεις.</em></span> <span class='ocrx_word' id='word_1_484' title='bbox 1709 2626 1753 2632; x_wconf 94' lang='grc'>-</span> 
     </span>
     <span class='ocr_line' id='line_1_48' title="bbox 228 2651 1751 2713; baseline -0.001 -23"><span class='ocrx_word' id='word_1_485' title='bbox 228 2656 272 2691; x_wconf 92' lang='lat' dir='ltr'><strong>V.</strong></span> <span class='ocrx_word' id='word_1_486' title='bbox 299 2659 332 2691; x_wconf 87' lang='lat'><strong>5.</strong></span> <span class='ocrx_word' id='word_1_487' title='bbox 373 2654 476 2713; x_wconf 76' lang='grc' dir='ltr'><em>ἐχω,</em></span> <span class='ocrx_word' id='word_1_488' title='bbox 516 2655 637 2691; x_wconf 88' lang='lat' dir='ltr'><strong>Guelf.</strong></span> <span class='ocrx_word' id='word_1_489' title='bbox 671 2654 710 2700; x_wconf 78' lang='grc' dir='ltr'><strong>ἔχ</strong></span> <span class='ocrx_word' id='word_1_490' title='bbox 714 2668 776 2690; x_wconf 87' lang='grc' dir='ltr'><strong>ων.</strong></span> <span class='ocrx_word' id='word_1_491' title='bbox 817 2675 862 2680; x_wconf 90' lang='grc'><strong>-</strong></span> <span class='ocrx_word' id='word_1_492' title='bbox 900 2652 944 2690; x_wconf 81' lang='grc' dir='ltr'><strong>σὺ</strong></span> <span class='ocrx_word' id='word_1_493' title='bbox 981 2651 1020 2689; x_wconf 85' lang='grc' dir='ltr'><em>δ’</em></span> <span class='ocrx_word' id='word_1_494' title='bbox 1055 2651 1190 2695; x_wconf 76' lang='grc' dir='ltr'><em>ἀωτεῖς</em></span> <span class='ocrx_word' id='word_1_495' title='bbox 1221 2653 1478 2696; x_wconf 79' lang='lat' dir='ltr'><strong>Casaubonus‚</strong></span> <span class='ocrx_word' id='word_1_496' title='bbox 1515 2651 1560 2688; x_wconf 90' lang='lat' dir='ltr'><strong>cf.</strong></span> <span class='ocrx_word' id='word_1_497' title='bbox 1593 2653 1693 2698; x_wconf 85' lang='lat' dir='ltr'><strong>Hesy</strong></span> <span class='ocrx_word' id='word_1_498' title='bbox 1695 2653 1751 2690; x_wconf 88' lang='lat' dir='ltr'><strong>ch.</strong></span> 
     </span>
     <span class='ocr_line' id='line_1_49' title="bbox 230 2665 1753 2759; baseline -0.002 -22"><span class='ocrx_word' id='word_1_499' title='bbox 230 2699 376 2747; x_wconf 83' lang='grc' dir='ltr'><em>άωτεῖς,</em></span> <span class='ocrx_word' id='word_1_500' title='bbox 402 2684 639 2759; x_wconf 36' lang='lat' dir='ltr'><strong>&amp;navothetg</strong></span> <span class='ocrx_word' id='word_1_501' title='bbox 666 2703 791 2751; x_wconf 80' lang='grc' dir='ltr'><em>κοιμᾷ.</em></span> <span class='ocrx_word' id='word_1_502' title='bbox 835 2701 893 2737; x_wconf 85' lang='lat' dir='ltr'><strong>Et</strong></span> <span class='ocrx_word' id='word_1_503' title='bbox 921 2702 968 2737; x_wconf 93' lang='lat' dir='ltr'><strong>M.</strong></span> <span class='ocrx_word' id='word_1_504' title='bbox 998 2705 1077 2746; x_wconf 82' lang='lat'><strong>117,</strong></span> <span class='ocrx_word' id='word_1_505' title='bbox 1103 2705 1148 2737; x_wconf 80' lang='lat'><strong>46</strong></span> <span class='ocrx_word' id='word_1_506' title='bbox 1173 2703 1272 2737; x_wconf 47' lang='lat' dir='ltr'><strong>nota</strong></span> <span class='ocrx_word' id='word_1_507' title='bbox 1304 2697 1437 2742; x_wconf 72' lang='grc' dir='ltr'><em>ἀωτεῖς</em></span> <span class='ocrx_word' id='word_1_508' title='bbox 1461 2697 1549 2734; x_wconf 80' lang='grc' dir='ltr'><em>αντὶ</em></span> <span class='ocrx_word' id='word_1_509' title='bbox 1573 2700 1638 2735; x_wconf 82' lang='grc' dir='ltr'><strong>τοῦ</strong></span> <span class='ocrx_word' id='word_1_510' title='bbox 1665 2665 1753 2735; x_wconf 79' lang='grc' dir='ltr'><em>κάλ-</em></span> 
     </span>
     <span class='ocr_line' id='line_1_50' title="bbox 227 2731 1752 2806; baseline -0.001 -22"><span class='ocrx_word' id='word_1_511' title='bbox 227 2752 352 2785; x_wconf 88' lang='grc' dir='ltr'><em>λιστον</em></span> <span class='ocrx_word' id='word_1_512' title='bbox 379 2750 445 2785; x_wconf 81' lang='grc' dir='ltr'><strong>τοῦ</strong></span> <span class='ocrx_word' id='word_1_513' title='bbox 473 2746 595 2785; x_wconf 77' lang='grc' dir='ltr'><em>ὕπνου</em></span> <span class='ocrx_word' id='word_1_514' title='bbox 622 2731 816 2796; x_wconf 81' lang='grc' dir='ltr'><em>άπανθίζῃ</em></span> <span class='ocrx_word' id='word_1_515' title='bbox 843 2748 908 2784; x_wconf 82' lang='grc' dir='ltr'><strong>καὶ</strong></span> <span class='ocrx_word' id='word_1_516' title='bbox 933 2748 1130 2806; x_wconf 85' lang='grc' dir='ltr'><em>συλλέγεις.</em></span> <span class='ocrx_word' id='word_1_517' title='bbox 1169 2749 1214 2785; x_wconf 87' lang='lat' dir='ltr'><strong>cf.</strong></span> <span class='ocrx_word' id='word_1_518' title='bbox 1241 2749 1348 2784; x_wconf 88' lang='lat' dir='ltr'><strong>Hom.</strong></span> <span class='ocrx_word' id='word_1_519' title='bbox 1375 2748 1418 2782; x_wconf 90' lang='lat' dir='ltr'><strong>Il.</strong></span> <span class='ocrx_word' id='word_1_520' title='bbox 1443 2760 1466 2782; x_wconf 79' lang='grc' dir='ltr'><strong>κ</strong></span> <span class='ocrx_word' id='word_1_521' title='bbox 1487 2750 1565 2782; x_wconf 83' lang='grc'>159.</span> <span class='ocrx_word' id='word_1_522' title='bbox 1600 2746 1752 2784; x_wconf 85' lang='lat' dir='ltr'><strong>Schnei-</strong></span> 
     </span>
     <span class='ocr_line' id='line_1_51' title="bbox 229 2791 1752 2843; baseline -0.001 -12"><span class='ocrx_word' id='word_1_523' title='bbox 229 2797 350 2832; x_wconf 86' lang='lat' dir='ltr'><strong>dewin</strong></span> <span class='ocrx_word' id='word_1_524' title='bbox 376 2795 421 2832; x_wconf 84' lang='grc' dir='ltr'><strong>σὺ</strong></span> <span class='ocrx_word' id='word_1_525' title='bbox 447 2793 484 2832; x_wconf 86' lang='grc' dir='ltr'><em>δ’</em></span> <span class='ocrx_word' id='word_1_526' title='bbox 512 2794 666 2843; x_wconf 85' lang='grc' dir='ltr'><em>άωρεῖς,</em></span> <span class='ocrx_word' id='word_1_527' title='bbox 691 2797 735 2832; x_wconf 91' lang='grc' dir='ltr'><strong>Η.</strong></span> <span class='ocrx_word' id='word_1_528' title='bbox 761 2796 804 2831; x_wconf 91' lang='grc' dir='ltr'><em>Α.</em></span> <span class='ocrx_word' id='word_1_529' title='bbox 832 2797 936 2832; x_wconf 88' lang='lat' dir='ltr'><strong>Koch</strong></span> <span class='ocrx_word' id='word_1_530' title='bbox 962 2793 1007 2831; x_wconf 86' lang='grc' dir='ltr'><strong><em>σύ</em></strong></span> <span class='ocrx_word' id='word_1_531' title='bbox 1039 2792 1077 2831; x_wconf 84' lang='grc' dir='ltr'><em>δ’</em></span> <span class='ocrx_word' id='word_1_532' title='bbox 1111 2792 1181 2831; x_wconf 76' lang='grc' dir='ltr'><strong>οὐκ</strong></span> <span class='ocrx_word' id='word_1_533' title='bbox 1207 2792 1321 2840; x_wconf 77' lang='grc' dir='ltr'><em>ἀΐεις,</em></span> <span class='ocrx_word' id='word_1_534' title='bbox 1354 2794 1548 2830; x_wconf 87' lang='lat' dir='ltr'><strong>Mehlhorn</strong></span> <span class='ocrx_word' id='word_1_535' title='bbox 1580 2794 1674 2830; x_wconf 91' lang='lat' dir='ltr'><strong>coni.</strong></span> <span class='ocrx_word' id='word_1_536' title='bbox 1706 2791 1752 2830; x_wconf 81' lang='grc' dir='ltr'><strong><em>σύ</em></strong></span> 
     </span>
     <span class='ocr_line' id='line_1_52' title="bbox 229 2837 1752 2900; baseline 0.001 -24"><span class='ocrx_word' id='word_1_537' title='bbox 229 2840 267 2876; x_wconf 89' lang='grc' dir='ltr'><em>δ’</em></span> <span class='ocrx_word' id='word_1_538' title='bbox 296 2841 427 2900; x_wconf 83' lang='grc' dir='ltr'><em>αὔτως,</em></span> <span class='ocrx_word' id='word_1_539' title='bbox 454 2845 642 2880; x_wconf 86' lang='lat' dir='ltr'><strong>Hermann</strong></span> <span class='ocrx_word' id='word_1_540' title='bbox 668 2856 713 2880; x_wconf 92' lang='grc' dir='ltr'><strong>συ</strong></span> <span class='ocrx_word' id='word_1_541' title='bbox 741 2840 778 2878; x_wconf 86' lang='grc' dir='ltr'><em>δ’</em></span> <span class='ocrx_word' id='word_1_542' title='bbox 806 2837 858 2879; x_wconf 79' lang='grc' dir='ltr'><strong>αὖ</strong></span> <span class='ocrx_word' id='word_1_543' title='bbox 881 2842 984 2887; x_wconf 86' lang='grc' dir='ltr'><em>τέως,</em></span> <span class='ocrx_word' id='word_1_544' title='bbox 1010 2842 1111 2900; x_wconf 89' lang='lat' dir='ltr'><strong>quod</strong></span> <span class='ocrx_word' id='word_1_545' title='bbox 1135 2844 1270 2888; x_wconf 80' lang='lat' dir='ltr'><strong>probat</strong></span> <span class='ocrx_word' id='word_1_546' title='bbox 1293 2842 1448 2885; x_wconf 88' lang='lat' dir='ltr'><strong>Ahrens,</strong></span> <span class='ocrx_word' id='word_1_547' title='bbox 1479 2840 1681 2877; x_wconf 84' lang='lat' dir='ltr'><strong>Volckmar</strong></span> <span class='ocrx_word' id='word_1_548' title='bbox 1706 2839 1752 2877; x_wconf 78' lang='grc' dir='ltr'><strong>σὺ</strong></span> 
     </span>
     <span class='ocr_line' id='line_1_53' title="bbox 229 2885 1751 2937; baseline 0 -13"><span class='ocrx_word' id='word_1_549' title='bbox 229 2887 266 2924; x_wconf 85' lang='grc' dir='ltr'><em>δ’</em></span> <span class='ocrx_word' id='word_1_550' title='bbox 304 2885 388 2926; x_wconf 84' lang='grc' dir='ltr'><em>αὖτ’</em></span> <span class='ocrx_word' id='word_1_551' title='bbox 423 2890 514 2933; x_wconf 84' lang='grc' dir='ltr'><em>αἰές.</em></span> <span class='ocrx_word' id='word_1_552' title='bbox 549 2913 592 2919; x_wconf 83' lang='lat'><strong>-—</strong></span> <span class='ocrx_word' id='word_1_553' title='bbox 624 2892 668 2929; x_wconf 94' lang='lat' dir='ltr'><strong>V.</strong></span> <span class='ocrx_word' id='word_1_554' title='bbox 702 2896 734 2928; x_wconf 86' lang='grc'><em>6.</em></span> <span class='ocrx_word' id='word_1_555' title='bbox 767 2891 972 2937; x_wconf 77' lang='grc' dir='ltr'><em>γαλαθηνῷ</em></span> <span class='ocrx_word' id='word_1_556' title='bbox 1004 2887 1120 2927; x_wconf 80' lang='grc' dir='ltr'><em>λάθει·</em></span> <span class='ocrx_word' id='word_1_557' title='bbox 1143 2889 1291 2936; x_wconf 87' lang='lat' dir='ltr'><strong>scripsi,</strong></span> <span class='ocrx_word' id='word_1_558' title='bbox 1324 2891 1362 2926; x_wconf 87' lang='lat' dir='ltr'><strong>et</strong></span> <span class='ocrx_word' id='word_1_559' title='bbox 1386 2888 1585 2935; x_wconf 86' lang='lat' dir='ltr'><strong>occupavit</strong></span> <span class='ocrx_word' id='word_1_560' title='bbox 1609 2887 1751 2925; x_wconf 88' lang='lat' dir='ltr'><strong>Ahrens</strong></span> 
     </span>
    </p>
   </div>
  </div>
 </body>
</html>
