1864 3126
798 144 1030 183 ALCAEUS.
1598 145 1681 187 195

147 271 293 300 nomen
335 261 568 301 existimans
615 260 876 311 depravatum
927 271 1015 298 esse
1062 259 1149 299 loco
1192 258 1347 310 Alcaei,
1387 258 1680 311 legendumque

147 320 244 379 χόλα
274 322 319 365 δὲ
348 324 414 366 ἴσα
450 322 552 380 γέντ’
592 321 790 373 ἅπαίσαις.
851 324 977 374 Atqui
1014 326 1300 375 grammaticus
1338 326 1434 365 dicit
1470 322 1536 364 καὶ
1573 320 1680 376 παρὰ

146 392 229 439 τοῖς
264 388 468 439 ἐποποιοῖς
505 387 662 443 εὕρηται
704 387 760 443 (h.
800 403 831 430 e.
870 384 974 443 ἴσος)
1017 387 1083 428 καὶ
1126 389 1435 442 συνεσταλμένον
1479 385 1532 438 ὧς
1572 385 1681 441 παρὰ

149 451 407 511 Καλλιμάχῳ,
446 457 581 507 itaque
621 455 732 495 nullo
772 454 889 493 modo
931 454 1104 494 Alcaeus
1146 457 1263 495 testis
1309 457 1491 496 adhiberi
1535 456 1679 506 potuit.

149 520 382 560 Callimachi
411 534 555 561 nomen
586 521 675 560 vitii
706 521 900 567 immune,
937 519 1026 569 ipsa
1057 520 1179 559 verba
1209 522 1471 571 probabiliter
1501 521 1683 560 restituit

148 584 193 626 O.
225 585 440 626 Schneider
476 586 526 626 fr.
565 587 668 626 525:
706 586 800 639 χολῇ
838 577 876 623 δ’
923 583 989 623 ἴσα
1030 583 1145 638 γέντα
1187 582 1412 637 πάσασθαι,
1455 587 1532 626 nisi
1575 585 1680 637 quod

146 646 323 691 πάσαιο
342 651 490 691 malim.
518 673 571 679 —-
593 651 869 700 Proverbium,
887 650 994 700 quod
1013 651 1158 691 Zenob.
1178 651 1215 690 V
1236 654 1292 692 30
1312 666 1359 692 ex
1378 653 1525 692 Alcaeo
1551 652 1681 703 affert,

141 710 187 755 ‘O
216 710 328 768 Κρὴς
357 711 431 768 τὴν
460 712 678 765 θάλασσαν,
709 715 914 755 Alcmanis
943 715 1077 766 potius
1106 719 1179 764 est,
1205 718 1284 759 vid.
1312 718 1482 766 Alcman
1507 718 1554 756 fr.
1585 719 1680 757 112.

148 800 204 808 -
225 780 384 821 Scolion
408 782 456 821 de
482 781 669 834 Admeto,
694 782 799 833 quod
823 781 1004 822 nonnulli
1029 783 1282 833 grammatici
1309 784 1456 824 Alcaeo
1482 783 1681 832 tribuunt,

148 846 350 887 Praxillae
382 860 471 887 esse
501 848 673 897 videtur,
705 848 754 889 cf.
785 847 985 887 Praxillae
1015 847 1063 887 fr.
1095 848 1134 887 3.
1170 869 1220 875 —
1258 847 1372 895 Quod
1403 848 1679 888 Schneidewin

147 913 245 952 dicit
280 925 344 964 ap.
375 912 505 952 Schol.
535 913 696 954 Horatii
735 912 865 953 Carm.
897 912 916 951 I
949 914 993 964 3,
1021 914 1065 952 9:
1105 914 1162 952 illi
1200 915 1320 953 robur
1364 917 1399 952 et
1438 926 1505 954 aes
1542 914 1681 963 triplex

146 977 383 1018 adnotatum
413 991 502 1019 esse
518 979 576 1018 in
606 970 779 1019 editione
810 977 994 1028 Fabricii,
1024 977 1139 1016 illum
1172 991 1333 1042 versum
1364 991 1413 1017 ex
1436 979 1584 1019 Alcaeo
1617 992 1681 1018 ex-

146 1055 330 1093 pressum
361 1056 466 1093 esse,
505 1058 579 1095 ego
616 1045 777 1095 quidem
813 1045 915 1083 nihil
955 1044 1087 1096 reperi
1122 1044 1164 1082 in
1202 1044 1375 1083 editione
1407 1045 1591 1084 Fabricii.
1627 1066 1676 1072 -—-

147 1107 295 1148 Parum
324 1109 420 1148 felix
451 1109 619 1161 Hauptii
649 1110 841 1150 divinatio
873 1104 1030 1162 (Herm.
1061 1109 1103 1148 II
1135 1105 1242 1163 333)
1274 1110 1342 1159 qui
1369 1110 1415 1148 in
1445 1111 1544 1150 actis
1577 1111 1680 1149 Mar-

146 1175 283 1224 tyrum
314 1188 351 1225 p.
387 1177 469 1215 173
502 1176 562 1215 ed.
594 1175 817 1215 Combeefis
855 1175 994 1214 Alcaei
1036 1188 1180 1214 nomen
1218 1175 1295 1215 sibi
1331 1176 1530 1226 reperisse
1569 1177 1679 1215 visus

146 1240 225 1277 est:
256 1231 334 1291 ἆρά
365 1250 427 1279 σοι
458 1236 628 1280 Πλάτων
665 1238 807 1292 λέληθε
843 1238 933 1292 περὶ
968 1236 1100 1280 αὐτῶν
1136 1235 1181 1279 τὰ
1218 1236 1401 1292 κράτιστα
1438 1241 1680 1294 δογματίζων

145 1301 213 1342 καὶ
238 1299 450 1356 ’Λλκηστὴς
488 1303 555 1344 καὶ
591 1304 747 1358 προσέτι
783 1302 1037 1358 Πορφύριος;
1076 1298 1133 1345 ὧν
1171 1301 1192 1346 ὁ
1230 1303 1301 1358 μὲν
1337 1308 1448 1346 θεῶν
1485 1302 1681 1346 ὃεδᾶσθαι

146 1368 272 1423 βουλῇ
315 1366 358 1410 τὸ
401 1367 484 1409 πᾶν
527 1366 817 1425 ὑπηγόρευσεν,
855 1366 877 1411 ὁ
916 1368 958 1410 δὲ
996 1367 1140 1424 εἰσάγει
1177 1367 1256 1422 μετ’
1298 1367 1506 1423 ἀμύμονας
1537 1368 1681 1417 ἄλλους

146 1429 269 1481 θεοὺς
300 1434 379 1473 Δία
409 1431 673 1486 βουλεύεσθαι
703 1432 900 1488 κράτιστα·
931 1434 997 1475 καὶ
1028 1432 1144 1483 ἄλλος
1175 1434 1285 1488 φέρει
1317 1433 1410 1488 μετὰ
1442 1436 1554 1476 δαῖτα
1592 1437 1680 1489 βρο-

145 1500 226 1547 τοῖς
255 1495 328 1551 τὴν
357 1495 509 1552 βουλὴν
540 1496 683 1540 αὐτῶν.
744 1500 859 1540 Unde
891 1501 1029 1551 Haupt
1061 1502 1302 1541 versiculum

599 1606 710 1648 θέων
741 1606 925 1648 δέδασται
954 1604 1083 1648 πάντα
1114 1604 1235 1669 βόλλᾳ

149 1701 234 1742 sive
272 1703 382 1741 θεῶν
420 1697 463 1741 τὸ
499 1703 583 1741 πᾶν
621 1700 804 1742 δέδασται
845 1699 967 1757 βόλλᾳ
1010 1704 1196 1744 edolavit.
1257 1705 1313 1744 At
1356 1707 1540 1755 spectant
1582 1706 1680 1745 haec

147 1767 374 1806 Platonem:
412 1767 595 1807 Alcestes
634 1768 804 1808 fortasse
843 1770 907 1807 est
937 1768 1103 1808 Alcinus
1141 1770 1369 1810 Platonicus
1406 1771 1680 1821 philosophus,

146 1832 478 1883 quemadmodum
509 1834 615 1884 apud
646 1834 855 1872 Valerium
887 1834 1103 1873 Maximum
1135 1836 1308 1875 Alcestis
1346 1837 1523 1887 tragicus
1561 1839 1681 1886 poeta

147 1898 187 1936 in
219 1898 422 1938 Acestoris
454 1899 584 1938 locum
615 1899 819 1939 successit.
867 1898 1048 1948 Ineptiae
1072 1900 1175 1939 istae
1199 1900 1388 1939 videntur
1412 1914 1460 1939 ex
1484 1914 1681 1940 commen-

146 1964 250 2003 tario
281 1964 414 2014 aliquo
447 1964 681 2004 Homericae
711 1964 849 2003 Iliadis
882 1965 907 2002 Ι
933 1977 970 2003 v.
995 1966 1081 2004 427
1110 1977 1191 2016 seq.
1217 1966 1464 2016 desumptae.
1496 1987 1551 1993 --
1586 1967 1682 2017 Epi-

148 2031 374 2079 grammata
414 2029 553 2069 Alcaei
594 2030 708 2068 nulla
750 2032 862 2069 sunt:
905 2032 1066 2069 exstant
1108 2031 1270 2080 quidem
1313 2031 1356 2069 in
1398 2031 1562 2070 Anthol.
1594 2031 1679 2070 Pal.

147 2095 339 2145 quattuor
370 2095 662 2145 epigrammata
692 2095 840 2134 Alcaeo
871 2095 1115 2146 Mitylenaeo
1153 2096 1309 2135 tributa
1340 2092 1418 2149 (VI
1454 2099 1549 2144 187,
1583 2099 1679 2135 218.

148 2159 226 2198 VII
258 2161 297 2210 5,
328 2155 434 2212 429)
465 2160 609 2210 quibus
640 2160 742 2199 adde
772 2159 851 2198 VII
884 2161 957 2200 55:
986 2157 1169 2201 Ἀλκαίου
1200 2163 1367 2213 ποιητοῦ
1399 2161 1679 2213 Μιτυληναίου

148 2218 173 2275 ἢ
207 2224 452 2275 Μεσσηνίου.
513 2237 615 2275 quae
647 2225 807 2276 quidem
831 2226 1046 2265 manifesto
1071 2239 1096 2265 a
1120 2227 1245 2277 lyrico
1271 2229 1391 2278 poeta
1416 2228 1548 2266 aliena
1573 2230 1677 2273 sunt,

148 2301 276 2338 neque
320 2292 455 2328 tamen
497 2291 794 2330 assentiendum
837 2291 1035 2342 Iacobsio,
1078 2292 1146 2342 qui
1183 2293 1361 2331 carmina
1398 2292 1448 2330 ad
1487 2293 1679 2330 Alcaeum

150 2354 393 2394 Messeniam
423 2351 626 2408 referre*)
656 2356 795 2406 voluit,
827 2356 897 2395 sed
928 2356 1062 2407 potius
1094 2356 1143 2395 de
1180 2357 1334 2396 iuniore
1372 2357 1507 2407 aliquo
1539 2369 1679 2407 cogno-

244 2514 278 2561 *)
304 2516 416 2551 Anth.
444 2516 522 2551 Pal.
545 2514 595 2550 VI
618 2519 684 2551 187
711 2527 735 2552 a
759 2516 941 2552 Messenio
967 2518 1105 2554 Alcaeo
1131 2528 1281 2563 prorsus
1307 2516 1482 2561 alienum,
1510 2519 1681 2554 vereatur

150 2562 188 2598 in
220 2562 325 2598 chria
354 2562 595 2608 illustranda,
627 2574 740 2607 quam
772 2563 944 2600 certatim
977 2566 1233 2601 tractaverunt
1264 2565 1437 2610 Archiae,
1470 2565 1681 2601 Alexander

151 2611 364 2656 Magnesiae
384 2612 443 2656 (?),
469 2610 636 2646 Zosimus
657 2610 829 2655 Thasius,
855 2611 971 2647 Iulius
993 2612 1150 2656 Diocles,
1176 2613 1274 2648 unde
1295 2612 1544 2648 coniecturam
1563 2613 1680 2649 facias

150 2657 198 2693 de
222 2660 401 2706 tempore,
427 2658 487 2694 cui
507 2658 578 2694 hoc
596 2658 831 2704 epigramma
854 2658 904 2694 ait
928 2659 1226 2704 adscribendum,
1252 2660 1352 2705 quod
1378 2660 1410 2695 si
1435 2659 1519 2704 quis
1544 2659 1681 2696 iuniori

151 2704 289 2740 Alcaeo
314 2705 509 2750 attribuat,
535 2716 608 2741 non
635 2706 885 2762 refragrabort
912 2706 1086 2751 equidem
1113 2707 1183 2742 hoc
1208 2707 1456 2752 poematium,
1482 2708 1596 2753 (quod
1623 2712 1681 2744 est

150 2752 370 2798 inscriptum
394 2751 428 2787 A
453 2751 508 2794 εἰς
532 2751 574 2788 τὸ
601 2750 696 2788 αὐτὰ
724 2753 883 2788 αλκαίου
910 2755 1273 2798 ΜΙΤΤΛΙΝΑΙΟΤ,
1299 2754 1365 2789 sed
1389 2754 1428 2789 in
1453 2756 1589 2799 poetae
1615 2766 1680 2791 no·

151 2799 251 2835 mine
270 2799 396 2836 media
414 2801 562 2846 syllaba
585 2801 650 2836 καὶ
675 2802 734 2836 est
752 2811 775 2835 a
793 2811 885 2836 corr.
912 2800 952 2835 in
976 2811 1107 2836 rasura
1131 2803 1336 2846 restituta,)
1363 2802 1501 2837 Alcaeo
1527 2802 1680 2839 omnino

150 2846 439 2883 abiudicandum
465 2848 649 2892 existimo,
676 2847 748 2883 fuit
772 2847 904 2893 opinor
927 2844 1148 2892 Ἀλφειοῦ,
1181 2852 1295 2894 atque
1326 2849 1382 2885 ita
1406 2848 1591 2886 Planudea
1616 2861 1679 2886 ex·

152 2893 272 2929 hibet:
298 2905 384 2929 nam
403 2896 502 2940 quod
522 2894 678 2931 fortasse
697 2895 834 2940 aliquia
855 2895 1042 2940 praeferat
1059 2893 1238 2941 Ἀδδαῖον,
1259 2896 1434 2942 quoniam
1455 2897 1524 2933 hoc
1544 2909 1679 2934 nomen

1328 2954 1396 2991 13*
