1864 3126
0 191 21 238 ἑ.

779 159 980 198 SAI’PHO.
1562 162 1642 204 101

703 274 707 278 ’
773 273 843 316 33.
901 274 964 317 14.

181 339 384 400 Ἠροῖμαν
415 342 498 401 μὲν
530 346 616 400 ἔγω
648 343 802 399 σέθεν,
823 275 984 397 ”Α[τθι,]
1008 343 1144 388 πάλαι
1175 342 1300 389 πότα.

772 463 840 507 34.
875 464 982 517 [27.]

183 548 362 604 Σμίκρα
393 562 470 603 μοι
500 544 606 598 πάϊς
636 547 773 602 ἔμμεν
805 545 988 603 ἐφαίνεο
1020 544 1216 603 κᾶχαρις.

111 675 299 724 (ἔφησθα)
331 675 543 722 praeteriti,
573 676 646 712 vid.
680 675 803 712 Schol.
836 676 944 711 Hom.
985 676 1026 712 ll.
1063 678 1095 711 Φ
1129 679 1206 712 186.
1263 676 1398 712 Forma.
1435 676 1646 722 praesentis

111 725 248 770 φῆσθα
273 724 405 768 semel,
437 723 539 770 quod
562 723 696 769 seiam,
727 735 816 763 usus
851 726 909 760 est
939 724 1122 759 Homerus
1148 723 1215 760 Od.
1243 724 1261 766 ξ
1292 728 1369 760 149.
1409 724 1643 770 Apollonius,

110 771 177 819 qui
201 770 316 808 etiam
349 771 416 808 Od.
442 785 464 818 γ
498 774 568 808 367
592 772 759 818 agnovit,
786 771 887 807 haud
913 771 1024 807 dubie
1057 771 1204 807 secutus
1230 772 1288 806 est
1312 772 1643 817 grammaticorum

109 819 314 866 praecepta
336 830 381 855 ac
401 819 551 865 scripsit
569 816 639 855 σύν
658 817 701 855 δὲ
721 819 772 867 τῷ
794 827 807 854 ῑ
825 818 1026 865 γραπτέον,
1054 816 1136 855 ἐπεὶ
1156 818 1220 854 καὶ
1241 816 1281 854 οἴ
1298 818 1440 859 Αἰολεῖς
1460 822 1644 863 φαῖσθα

108 865 303 913 λέγουσιν·
330 858 392 911 (τὸ
421 865 472 903 δὲ
499 866 673 912 φῆσθα)
705 863 791 902 ἀντὶ
821 867 887 902 τοῦ
915 865 1041 912 ἔλεγες
1067 863 1191 909 (ἄνευ
1218 866 1298 901 τοῦ
1324 867 1365 910 ῖ).
1415 866 1550 902 Aeoles
1577 867 1645 911 igi-

109 916 170 951 tur
194 915 368 951 dixerunt
392 918 523 960 φαῐμι,
549 917 719 959 φαῖσθα,
751 919 860 959 φαῖσι
891 914 1128 960 diphthongo
1157 913 1227 958 usi,
1253 914 1565 960 quemadmodum
1593 916 1645 949 δί-

109 963 224 1008 δοιμι,
250 962 371 1003 δίδως
395 962 455 998 vel
480 963 677 1007 δίδοισθα,
711 962 776 998 sed
801 973 896 1008 pers.
924 966 945 998 3
972 961 1067 1007 sing.
1100 964 1182 997 erat
1212 961 1327 997 etiam
1352 961 1500 997 brevior
1525 960 1653 997 forma*

109 1014 200 1056 φαῖ,
231 1021 343 1056 quam
375 1021 434 1055 ap.
471 1009 596 1046 Aleae.
630 1009 673 1046 fr.
701 1013 745 1045 86
778 1021 847 1056 pro
878 1022 946 1055 φοι
977 1009 1143 1053 restitui,
1175 1009 1213 1044 in
1246 1020 1331 1054 usu,
1366 1021 1463 1054 quae
1495 1020 1569 1045 non
1602 1021 1645 1045 ex

108 1062 218 1100 φαῖσι
263 1057 459 1093 decuriata
503 1058 580 1102 est,
618 1057 683 1093 sed
723 1069 791 1103 pro
838 1059 960 1093 ΦΑΣΙ
996 1057 1131 1093 Aeoles
1176 1057 1313 1092 extrita
1356 1056 1532 1092 sibilante
1575 1062 1652 1101 φαϊ

109 1105 300 1149 dixerunt,
335 1104 650 1150 quemadmodum
682 1106 784 1141 δίδοι
813 1105 971 1151 reliqua.
1022 1104 1107 1140 Alia
1132 1116 1256 1140 rursus
1289 1104 1394 1150 origo
1420 1104 1645 1150 diphthongi

108 1153 147 1189 in
184 1157 205 1189 3
243 1163 338 1198 pers.
372 1152 465 1198 plur.
499 1156 625 1198 φαῖσι,
663 1163 778 1197 quam
813 1153 914 1199 apud
951 1151 1030 1188 Alc.
1064 1151 1108 1188 fr.
1135 1155 1180 1188 85
1218 1151 1509 1197 Hephaestionis
1547 1152 1644 1197 opti—

109 1212 192 1236 mus
222 1200 317 1236 liber
346 1201 379 1235 A
411 1199 650 1244 testificatur,
688 1211 858 1246 quaeque
896 1200 1008 1235 etiam
1046 1200 1090 1235 fr.
1117 1203 1163 1235 50
1200 1200 1240 1235 et
1277 1200 1414 1245 Sapph.
1441 1199 1484 1235 fr.
1512 1203 1558 1235 56
1590 1210 1643 1234 re-

111 1247 244 1286 stituta
268 1248 343 1291 est,
374 1247 440 1283 ubi
466 1247 579 1293 vulgo
606 1247 706 1292 φασὶτ
725 1246 884 1294 legitur,
916 1258 1003 1283 nam
1030 1246 1083 1283 ibi
1108 1255 1122 1282 ῑ
1148 1249 1206 1283 est
1230 1246 1401 1283 additum
1427 1247 1470 1282 ut
1494 1246 1643 1282 litterae

107 1300 131 1331 ΐν
155 1294 314 1332 extritae
335 1297 527 1340 (ΦΑΝΣΙ)
553 1295 818 1331 detrimentum
844 1295 1092 1331 resarciretur.
1121 1315 1164 1321 —
1190 1291 1347 1352 ὕστερον
1367 1294 1509 1340 Volger
1534 1293 1639 1330 resti-

106 1343 192 1388 tuit,
224 1342 368 1379 Seidler
397 1359 422 1377 υ
445 1359 470 1377 υ
493 1373 516 1378 -
548 1338 708 1388 χᾶτερον
739 1343 894 1379 mavult.
927 1364 971 1369 --
1004 1339 1173 1388 ἅμμεων,
1208 1341 1246 1376 Μ
1271 1341 1416 1387 αμμέω.
1462 1342 1542 1377 Huc
1569 1341 1642 1377 for—

106 1392 207 1427 tasse
237 1391 386 1436 spectat
415 1389 568 1426 Arietid.
602 1390 654 1426 111
679 1393 749 1426 508
781 1391 881 1436 (vide
907 1402 1020 1436 supra
1044 1389 1089 1427 fr.
1119 1391 1185 1435 10).
1243 1388 1351 1432 Quod
1383 1389 1516 1424 deinde
1550 1389 1645 1425 dicit

107 1438 196 1475 Dio:
221 1436 336 1474 Λάθα
356 1436 432 1497 μὲν
457 1436 529 1483 γὰρ
554 1435 627 1496 ᾔδη
653 1435 758 1480 τινὰς
778 1437 843 1474 καὶ
863 1434 1014 1482 ἑτέρους
1035 1436 1172 1483 ἔσφηλε
1193 1437 1257 1473 καὶ
1278 1434 1484 1480 ἐψεύσατο·
1512 1434 1642 1482 γνώμη

108 1481 146 1522 δ’
172 1483 325 1532 ἀνδρῶν
343 1486 505 1531 αγαθῶν
525 1483 680 1530 ουδένα,
705 1479 728 1532 ἦ
749 1482 836 1520 κατ’
858 1477 982 1531 ἄνδρα
1002 1498 1065 1531 μοι
1085 1481 1206 1530 ὀρθὸς
1226 1483 1394 1529 ἕστηκας.
1422 1484 1506 1520 fort.
1528 1484 1642 1519 etiam

107 1544 153 1570 ex
177 1533 378 1616 Βαρῖὴοιιο
407 1533 568 1579 petitum
601 1534 668 1569 est.
700 1522 744 1559 ἕ-
778 1533 951 1579 Sapphus
983 1544 1063 1569 esse
1098 1531 1241 1568 conieci
1266 1531 1469 1586 aliquando
1495 1542 1642 1567 versum

106 1592 166 1628 ap.
195 1581 260 1617 Sto
291 1608 298 1615 .
325 1580 421 1617 Flor.
447 1579 567 1616 XXVI
594 1584 630 1616 1:

486 1648 603 1687 Λάθα
629 1637 778 1697 Πιερίσι
803 1649 964 1697 στυγερὰ
991 1651 1056 1687 καὶ
1080 1647 1262 1696 ἀνάρσιος

107 1722 210 1769 (libri
235 1723 425 1768 Πιερίδων
451 1723 491 1759 et
515 1719 718 1769 ἄνᾶρατος)
744 1722 809 1780 qui
833 1724 975 1759 temere
1001 1734 1084 1758 cum
1112 1722 1307 1768 Sophoclis
1332 1722 1415 1758 loco
1436 1722 1643 1758 coaluerit:

107 1768 237 1816 (Anioni
269 1769 311 1806 δὲ
343 1767 462 1816 μόνον
495 1768 715 1817 φάρμακον)
748 1767 901 1815 οδύνας,
929 1772 934 1815 Ι
963 1769 1126 1811 Μελέοις
1156 1766 1422 1815 εὖποτμότατα
1446 1772 1607 1810 θνατοῖς
1633 1769 1638 1815 1

103 1815 300 1902 Ἀνίὲχουσα
320 1819 410 1900 ’.βίον
450 1816 592 1866 βραχὺν
630 1816 772 1864 ἰσθμόν
804 1817 883 1854 sive
915 1815 1056 1854 Μσύνα
1088 1815 1128 1853 δ’
1163 1814 1403 1858 ἄκεσώδυνος
1434 1814 1489 1857 εἷς
1515 1815 1642 1863 Auzea,
1690 1834 1695 1838 ·

133 1878 150 1902 ε
177 1878 252 1907 εοις
276 1879 320 1901 ut
342 1892 350 1900 .

105 1879 131 1912 μ
200 1913 260 1949 Fr.
285 1917 342 1949 33.
394 1913 596 1959 Hephaest.
623 1917 685 1949 42:
715 1913 802 1949 Tu'iv
829 1912 871 1949 δὲ
904 1909 1175 1959 ἀκαταλήπτων
1207 1909 1249 1948 τὸ
1282 1911 1352 1958 μὲν
1383 1908 1642 1958 πεντάμετρον

106 1963 275 1997 καλεῖται
300 1959 506 2006 Σαπφικὸν
531 1958 1074 2009 τεσσαρεσκαιδεκασύλλαβον,
1100 1955 1129 2008 ᾧ
1155 1958 1381 2005 δεύτερον
1413 1960 1642 2004 Σαπφοῦς

105 2004 211 2044 ὅλον
235 2006 459 2054 γέγραπται·
486 2005 656 2054 Ἠράμαν
683 2011 757 2044 κτλ.
801 2006 906 2044 ’Ἀτθι
930 2009 1097 2054 Bentley,
1122 2008 1176 2043 Fl.
1204 2007 1315 2043 Turn.
1344 2006 1443 2042 BHN
1468 2003 1548 2051 ἅτε,
1574 2007 1642 2042 CM

105 2052 186 2099 ἅτϊ,
211 2055 301 2092 Cod.
320 2055 436 2102 Ming.
456 2056 599 2092 489AP
623 2052 718 2093 ἆτοι.
746 2077 789 2082 -
816 2053 914 2092 πότα
934 2055 1141 2099 Blomfield,
1167 2055 1365 2100 legebatur
1384 2052 1485 2090 πόκα
1511 2055 1638 2099 (etiam

105 2102 221 2140 Plotii
246 2103 326 2139 cod.
351 2101 395 2145 A.
424 2105 549 2140 TOPA
574 2104 726 2140 exhibet
750 2104 804 2149 B).
849 2103 990 2140 Eadem
1018 2103 1185 2149 Apostol.
1211 2102 1296 2138 VIII
1323 2102 1400 2138 68b
1425 2098 1535 2148 (ἅτε),
1562 2113 1641 2137 cor—

107 2151 219 2197 rupta.
243 2150 352 2187 affert
374 2149 520 2188 Plotius
546 2155 626 2187 260.

200 2198 260 2234 Fr.
286 2201 343 2233 34.
392 2197 581 2235 Plutarch.
603 2198 704 2235 Erot.
724 2210 755 2235 c.
776 2203 815 2235 5:
842 2197 961 2244 Χάρις
985 2196 1058 2244 γὰρ
1085 2191 1166 2242 οὖν,
1192 2191 1220 2232 ὦ
1247 2194 1502 2241 Πρωτόγενες,
1527 2193 1551 2240 ἡ
1573 2196 1639 2231 τοῦ

104 2242 245 2291 θήλεος
267 2240 415 2288 ὕπειξις
438 2246 490 2281 τῶ
514 2242 647 2292 ἄρρενι
671 2246 849 2292 κέκληται
874 2243 968 2292 πρὸς
998 2246 1072 2282 τῶν
1097 2245 1283 2289 παλαιῶν,
1319 2241 1368 2285 ὡς
1399 2243 1462 2278 καὶ
1494 2244 1638 2278 Πίνδα-

105 2305 169 2338 ρος
195 2291 270 2338 ἔφη
295 2289 362 2327 τὸν
395 2282 615 2339 Κένταυρον
647 2290 742 2329 ἄνευ
768 2295 930 2339 χαρίτων
964 2290 1006 2330 ἐκ
1038 2293 1104 2339 τῆς
1121 2289 1236 2338 Ἥρας
1260 2289 1546 2349 γενέσθαι,”καὶ
1570 2288 1638 2335 τὴν

107 2336 213 2376 οὔπω
237 2336 369 2386 γάμων
395 2338 556 2385 ἔχουσαν
582 2336 684 2385 ὥραν
707 2338 731 2386 ἡ
758 2338 910 2387 Σαπφὼ
935 2337 1269 2388 προσαγορεύουσα
1297 2350 1431 2384 φησιν,
1462 2351 1522 2379 οτι
1547 2339 1638 2383 Σμι·

105 2385 178 2432 nod
203 2400 278 2434 μοι,
303 2391 384 2431 παῖ,
411 2386 572 2432 ἔμμεναι
596 2389 756 2432 φαίνεαι
780 2385 949 2434 κᾶχαρις.
1001 2387 1054 2424 Of.
1089 2387 1210 2423 Schol.
1237 2386 1342 2422 Pind.
1374 2385 1481 2430 Pyth.
1515 2385 1549 2419 11
1577 2389 1637 2421 75:

106 2434 171 2471 καὶ
195 2431 364 2480 Σαπφώ·
390 2432 520 2479 Μικρά
547 2447 612 2480 μοι
635 2432 726 2476 πάϊς
751 2433 911 2482 ἔμμεναι
934 2434 1143 2481 λιθόχαρις,
1169 2434 1234 2469 ubi
1260 2432 1340 2469 cod.
1363 2433 1464 2468 Gott.
1486 2429 1637 2477 φῆλιεό-

102 2494 211 2542 χαρις
235 2480 397 2518 exhibet.
435 2481 584 2518 Maxim.
613 2481 698 2527 Tyr.
725 2482 845 2518 XXIV
871 2487 911 2519 9:
938 2479 995 2519 Οὔ
1020 2480 1218 2526 προσιέναι
1243 2479 1359 2526 φησὶν
1386 2476 1406 2515 ὁ
1432 2477 1639 2524 Σωκράτης

105 2526 322 2577 Αλκιβιοὶδῃ,
361 2527 404 2565 ἐκ
435 2530 574 2565 πολλοῦ
608 2526 721 2574 ἐρῶν,
752 2529 840 2575 πρὶν
879 2527 1036 2576 “γήσατο
1069 2526 1204 2565 ἱκανὸν
1241 2526 1341 2564 εἶναι
1372 2525 1466 2571 πρὸς
1490 2526 1636 2571 λόγους,

106 2574 254 2624 Σμικρά
287 2590 351 2623 μοι
384 2580 473 2618 παῖς
505 2575 559 2612 ἔτι
591 2577 729 2621 φαίνεο
764 2577 830 2613 καὶ
854 2544 982 2621 (gavia
1008 2573 1094 2621 κού)
1127 2577 1316 2622 χαρίεσσα,
1348 2572 1499 2628 Σαπφοῖ)
1525 2572 1636 2627 λέγει.

106 2624 210 2669 Quae
235 2624 448 2660 emendavi:
482 2635 569 2659 nam
594 2626 738 2660 certum
763 2626 832 2667 est.
856 2635 1004 2662 versum
1031 2635 1110 2660 esse
1137 2634 1182 2658 ex
1207 2623 1338 2660 eodem
1363 2632 1538 2664 carmine,
1564 2632 1637 2666 quo

104 2671 274 2718 nuperius
298 2671 561 2718 fragmentum.
612 2672 657 2707 cf.
686 2671 898 2710 Terentiam.
925 2672 1042 2707 Maur.
1062 2674 1174 2707 2154:
1202 2669 1336 2714 „Cordi
1356 2669 1506 2713 quando
1527 2668 1637 2704 fuisse

105 2718 176 2755 sibi
201 2718 304 2755 canit
323 2719 486 2756 Atthida
503 2719 674 2761 Parvum,
693 2718 808 2756 florea
826 2719 1024 2765 virginitas
1044 2729 1113 2754 sua
1131 2730 1215 2754 cum
1235 2718 1368 2753 foret.“
1394 2716 1492 2751 unde
1513 2716 1637 2752 ortum

103 2765 201 2803 illud
226 2777 287 2813 ap.
312 2766 406 2803 Mar.
437 2766 578 2803 Victor.
614 2770 701 2802 152:
735 2766 868 2810 „Cordi
899 2766 1014 2801 florea
1044 2764 1243 2811 virginitas
1275 2762 1367 2799 mihi
1393 2774 1477 2798 cum
1502 2763 1636 2799 foret.“

97 2810 243 2860 ’Ἀχαρις
267 2824 313 2850 ex
337 2813 408 2851 hoc
433 2814 517 2851 loco
542 2813 673 2850 afferre
698 2813 847 2849 videtur
870 2812 1030 2849 Bekkeri
1055 2812 1219 2849 Gramm.
1244 2811 1261 2846 I
1286 2814 1367 2853 473,
1392 2814 1450 2855 25,
1484 2810 1638 2858 respicit

106 2860 262 2907 Hesych.
288 2858 447 2907 κᾶχαρις
473 2888 481 2896 .
503 2889 511 2898 .
532 2890 538 2897 .
568 2857 591 2906 ἢ
618 2862 838 2907 χαρίζεσθαι
864 2858 914 2906 μὴ
941 2858 1134 2906 δυναμένη
1160 2855 1183 2905 ἢ
1209 2855 1279 2895 οὐκ
1299 2854 1350 2895 εὖ·
1370 2870 1463 2904 αρις.
1491 2858 1635 2894 Ahrens

107 2905 239 2954 ἔμμην’
265 2908 424 2955 flagitat,
449 2909 622 2955 Hartung
642 2908 760 2944 edidit
777 2909 928 2955 Σμίκρα
947 2920 1009 2954 μοι
1027 2904 1130 2953 πάϊς,
1148 2904 1312 2950 Ἄτθις,
1359 2906 1498 2951 φαίνεο
1516 2902 1634 2951 κᾶχα-
