1864 3126
224 143 310 186 194
531 184 533 188 ,
783 141 975 180 POETA&
1001 140 1179 181 MELICI.

221 257 339 306 Apud
371 256 633 306 Hesychium:
660 251 891 306 Ἀμηνίτως·
931 251 1148 306 ἀμέμπτως.
1182 250 1340 307 Ἀχαιοί.
1377 251 1458 307 ἅμα
1494 251 1636 314 ἡμέρᾳ,
1673 249 1742 296 ἆλ-

220 322 359 359 καιῶνι
389 316 456 371 ἅμ’
491 315 574 370 ἠοῖ·
608 321 812 371 corrigunt
842 316 909 372 ἅμ’
943 314 1027 372 ἠοῖ·
1059 316 1150 372 παρ’
1181 316 1360 375 Ἀλκαίῳ,
1391 314 1459 372 ἅμ’
1494 316 1630 375 ἡμέρᾳ.
1673 322 1742 360 sed

220 386 366 424 rectius
417 384 594 424 Schmidt
636 386 735 425 haec
778 386 827 424 ad
878 385 1051 435 priorem
1094 386 1269 435 glossam
1318 386 1520 425 revocavit
1564 387 1741 425 scribens

215 445 445 500 Ἀμηνίτως·
477 443 700 501 ἀμέμπτως·
729 443 884 501 Ἀχαιὸς
911 442 1155 500 Ἀλκμαίωνι.
1193 471 1241 477 —-
1276 450 1409 489 Antea
1439 451 1587 489 Alcaeo
1617 451 1742 490 tribui

220 527 399 562 versum,
431 528 549 564 quem
580 515 740 553 exhibet
772 515 917 554 Tricha
955 515 1003 553 de
1039 516 1156 555 metr.
1189 517 1260 564 19,
1294 517 1350 554 20
1383 510 1549 567 (repetit
1579 528 1616 565 p.
1650 510 1742 567 20):

158 609 161 613 .
222 575 248 617 οἳ
279 577 345 617 καὶ
370 574 554 617 Ἀλκαϊκᾶ
585 582 774 629 καλεῖται,
816 574 868 627 ὡς
905 582 973 620 τοῦ
1005 575 1187 619 Ἀλκαίου
1224 576 1448 630 κατακόρως
1484 575 1618 626 αὐτοῖς
1654 593 1741 631 χρη-

220 642 407 695 σαμένου,
439 639 525 683 οἷόν
556 642 633 683 ἐστι
663 640 722 683 τό·

660 736 741 777 Καὶ
758 734 871 778 ’θεὸν
901 734 1074 789 ἆμερίοις
1104 739 1312 790 βροτοῖσιν.

219 833 411 883 putabam
450 832 554 871 enim
595 832 708 871 illum
749 833 854 872 hunc
891 833 1130 872 versiculum
1168 834 1383 872 inseruisse
1421 834 1603 884 carmini,
1639 833 1743 883 quod

220 898 410 947 opusculo
456 910 526 936 suo
570 897 791 947 praemisit,
836 912 872 947 p.
914 900 957 937 2:
1002 896 1082 937 Καὶ
1124 894 1223 938 θεὸν
1262 893 1453 950 ἆμερίοισι
1493 894 1744 950 βροτόσωμον

220 960 328 1013 (fort.
360 962 534 1013 βροτοῖσι
565 957 710 1015 μόνον)
742 960 935 1012 φανέντα,
974 963 1042 1002 sed
1081 963 1223 1002 Tricha
1262 964 1367 1003 hunc
1398 975 1552 1014 quoque
1583 974 1742 1002 versum

219 1028 304 1077 ipse
335 1027 459 1076 finxit,
485 1027 644 1066 omnino
670 1029 831 1077 praeter
856 1027 1031 1076 Homeri,
1057 1027 1234 1080 Hesiodi,
1260 1028 1460 1067 Theocriti
1484 1027 1743 1078 paucissimos

220 1104 358 1131 versus
390 1090 492 1130 nihil
523 1105 570 1131 ex
602 1094 775 1143 antiquis
816 1093 942 1142 poetis
980 1093 1202 1143 adscripsit.
1235 1114 1288 1120 —
1327 1094 1461 1133 Alcaei
1491 1092 1622 1143 melici
1651 1103 1744 1142 poe-

219 1159 285 1195 tae
323 1170 466 1196 nomen
504 1170 528 1195 a
563 1158 709 1196 comico
746 1170 826 1196 non
863 1170 1018 1207 semper
1057 1161 1164 1197 certo
1203 1158 1448 1209 distinguere
1486 1159 1597 1206 licet,
1634 1157 1746 1196 velut

221 1222 327 1271 quod
357 1222 422 1261 Et.
454 1222 506 1261 M.
539 1223 647 1274 521,
680 1224 734 1262 35
774 1223 891 1261 affert
931 1218 1126 1270 Ἀλκαῖος·
1170 1218 1246 1274 Μὴ
1292 1221 1414 1276 μέγαν
1456 1221 1546 1275 περὶ
1586 1217 1744 1272 κνάφου

218 1286 444 1338 περιστείχει
481 1284 550 1326 ἕνα
586 1279 734 1326 κύκλον
772 1282 874 1340 (cod.
908 1288 1012 1326 Flor.
1044 1287 1175 1325 Miller
1214 1287 1323 1327 Misc.
1360 1290 1444 1327 190
1481 1281 1742 1338 ἐπισύρειν,

219 1352 283 1390 Et.
316 1351 418 1390 Gud.
435 1354 549 1403 330,
583 1354 656 1391 21:
689 1348 740 1403 μή
774 1350 895 1404 μέγαν
925 1347 1170 1403 περικνᾶφον
1200 1352 1448 1404 παραστίχειν
1479 1350 1548 1391 ἕνα
1577 1346 1742 1404 κύκλον)

219 1418 414 1456 Matthiae
446 1420 487 1456 et
518 1418 699 1456 Meineke
729 1418 876 1457 comico
908 1419 1049 1467 poetae
1079 1417 1282 1467 tribuunt,
1315 1418 1472 1457 Ahrens
1504 1417 1629 1466 lyrico
1660 1416 1744 1454 vin-

220 1482 355 1520 dicans
386 1483 549 1521 scribit:
589 1478 641 1534 μὴ
679 1478 728 1521 σὺ
767 1480 889 1535 μέγαν
925 1481 1013 1534 περὶ
1050 1478 1223 1533 Κνᾶφον
1259 1477 1460 1534 περίστειχ’
1502 1477 1549 1521 ὄν
1586 1476 1744 1520 κύκλον.

220 1547 334 1593 Quod
365 1547 400 1586 si
430 1547 543 1598 lyrici
578 1550 650 1596 est,
683 1547 810 1598 possis
843 1547 1052 1587 coniicere:

621 1638 697 1694 Μὴ
730 1640 851 1696 μέγαν
882 1637 931 1681 σὺ
963 1640 1051 1693 περὶ
1080 1637 1241 1692 κνᾶφον

601 1708 846 1760 ,περστείχην
877 1705 947 1746 ἕνα
977 1704 1134 1748 κύκλον.

220 1801 287 1840 ubi
329 1801 517 1851 Hartung
556 1797 758 1854 περίστειχ’
805 1797 861 1840 ἕν’
910 1797 971 1840 ἀεὶ
1013 1798 1157 1842 κύκλον
1196 1791 1419 1852 praeoptat.
1479 1802 1536 1839 At
1575 1793 1742 1850 ἀλαζών,
1754 1807 1824 1840 966

221 1867 331 1916 quod
362 1879 528 1916 gramm.
559 1868 685 1908 Bekk.
715 1868 736 1906 I
768 1870 853 1907 374
886 1880 934 1906 ex
965 1868 1110 1906 Alcaeo
1148 1867 1280 1915 affert,
1319 1867 1458 1915 aperte
1496 1865 1632 1904 comici
1669 1868 1741 1904 est..

220 1953 274 1958 —
309 1931 459 1970 Contra
490 1933 623 1972 nescio
656 1945 707 1971 an
738 1933 854 1983 lyrici
884 1934 1027 1983 poetae
1060 1933 1122 1979 sit,
1155 1932 1260 1980 quod
1291 1931 1439 1980 legitur
1465 1930 1569 1980 apud
1595 1930 1742 1969 Athen.

221 1996 299 2034 VII
333 1997 414 2035 316
437 1997 469 2034 B
502 1997 607 2035 inter
638 1999 818 2047 exempla
849 2011 896 2036 ex
927 1996 1084 2036 comicis
1110 1996 1238 2045 poetis
1270 1996 1413 2044 petita:
1440 1990 1630 2041 Ἀλκαῖος·
1663 1993 1740 2033 ἔδω

218 2056 255 2099 δ’
290 2056 458 2112 ἐμαυτὸν
496 2056 548 2108 ὥς
578 2057 809 2109 πουλύπους
850 2057 1007 2116 (eadem
1038 2062 1150 2099 Eust.
1193 2062 1323 2110 1541,
1356 2056 1452 2113 34):
1492 2072 1583 2097 nam
1624 2059 1740 2098 valde

217 2127 455 2176 perturbata
474 2126 661 2165 videntur
688 2128 869 2177 exempla
893 2139 994 2177 quae
1019 2126 1075 2165 ibi
1100 2126 1332 2171 afferuntur,
1359 2127 1400 2163 et
1425 2137 1546 2174 supra
1571 2123 1740 2162 dixerat:

215 2187 258 2230 τὸ
297 2188 340 2229 δὲ
376 2185 567 2230 πώλυπον
603 2189 727 2244 λέγειν
764 2187 967 2231 Αἰολικόν·
1001 2186 1163 2229 Ἀττικοὶ
1200 2187 1243 2228 δὲ
1279 2184 1514 2228 πουλύπουν
1549 2186 1740 2241 λέγουσιν.

218 2255 357 2294 Potuit
387 2255 536 2305 lyricus
569 2256 717 2295 dicere:

490 2340 600 2383 ’Έδω
633 2340 670 2383 δ’
705 2343 873 2396 ἕμαυτον
905 2341 958 2393 ὡς
989 2340 1132 2398 (πόδα)
1164 2339 1361 2391 πώλυπος.

217 2439 295 2479 nisi
326 2439 428 2478 forte
460 2439 538 2478 duo
570 2440 727 2479 diversa
758 2440 986 2491 fragmenta
1015 2440 1057 2478 in
1088 2452 1210 2478 unum
1242 2439 1485 2486 coaluerunt,
1516 2449 1638 2474 unum
1670 2436 1738 2474 Al-

217 2504 300 2542 caei
330 2504 464 2555 lyrici:

489 2583 598 2626 ’Έδω
631 2582 668 2626 δ’
703 2585 871 2639 ἕμαυτον
902 2582 1205 2639 (πωλύποδος
1236 2581 1406 2637 δίκαν).

217 2681 389 2719 alterum
430 2681 564 2720 nescio
608 2681 719 2720 cuius
762 2683 903 2731 poetae
936 2711 944 2720 .
965 2712 973 2720 .
994 2712 1002 2720 .
1042 2676 1093 2729 ὡς
1130 2676 1370 2726 πουλύπους.
1415 2679 1463 2718 cf.
1495 2678 1735 2728 Hesychius:

216 2740 470 2792 πουλύποδος
501 2745 632 2783 δίκαν·
666 2741 723 2784 ’ὅτι
754 2741 873 2792 αὐτὸς
896 2741 964 2793 τὰς
989 2743 1129 2785 ἑαυτοῦ
1153 2741 1368 2791 πλεκτάνας
1392 2741 1525 2782 ἐσθίει.
1549 2764 1601 2769 —-
1630 2743 1735 2781 Satis

216 2809 537 2859 intempestivam
575 2810 808 2849 medicinam
846 2811 1028 2849 adhibuit
1058 2810 1199 2848 Nauck
1236 2810 1321 2848 loco
1352 2808 1415 2847 Et.
1449 2808 1551 2846 Flor.
1584 2802 1737 2860 (Miller

215 2872 325 2912 Misc.
355 2870 457 2925 171)
482 2870 587 2926 παρὰ
613 2869 864 2928 Καλλιμάχῳ·
896 2870 989 2926 χολὴ
1015 2872 1058 2913 δὲ
1083 2874 1147 2913 ἴσα
1172 2888 1286 2927 γεντα
1309 2873 1478 2923 παίσαις,
1504 2872 1736 2912 Callimachi
