1864 3126
214 188 301 231 340
552 161 554 165 v
777 188 970 225 POETAE
994 189 1173 226 MELICI.

213 296 334 340 αὑτοῦ
365 300 473 348 τίνας
504 296 556 339 ἂν
592 300 695 341 εἴποι
731 297 872 354 λόγους
910 297 931 341 ὁ
968 297 1164 349 Διόνυσος
1201 304 1271 343 τοῦ
1307 302 1448 356 ἕαρους
1485 298 1734 355 ἐληλυθότος,

212 367 482 410 desideratu1·.,

333 432 574 471 Constantini
603 431 726 471 Siculi
762 432 841 471 tria
878 434 1093 482 supersunt
1129 434 1320 473 carmina:
1362 436 1403 473 et
1438 434 1610 484 primum
1647 433 1733 484 qui-

212 499 303 537 dem
336 500 455 547 atque
487 496 660 535 alterum
690 497 731 535 in
762 497 890 536 indice
927 497 1010 536 cod.
1042 498 1158 538 Barb.
1190 501 1464 548 recensentur,
1501 499 1643 537 sedin
1673 510 1733 537 00-

213 564 296 602 dice
327 565 514 601 neutrum
546 563 671 612 extat,
710 562 865 612 fuitque
903 563 1119 602 secundum
1155 564 1234 602 iam
1271 566 1390 603 antea
1421 577 1445 603 a
1476 563 1662 603 Cramero
1691 563 1734 602 in

212 628 427 666 Anecdotis
459 627 584 666 Paris.
617 627 687 666 sed
719 628 803 667 sine
834 628 976 677 poetae
1007 629 1164 668 nomine
1196 630 1365 668 editum:
1395 629 1562 668 tertium
1586 630 1733 680 autem,

212 693 317 743 quod
349 693 508 743 quidem
540 692 802 732 Constantino
835 693 965 731 Siculo
997 694 1154 733 omnino
1186 694 1503 743 abiudicandum‚
1533 706 1662 744 neque
1692 693 1735 732 in

148 754 157 766 ⁴
211 758 337 796 indice
368 770 496 808 neque
527 758 569 796 111
600 758 683 797 cod.
715 758 748 795 B
781 761 995 808 comparet.
1058 758 1341 798 Constantinus
1374 759 1528 798 Siculus
1560 758 1611 797 ad
1647 771 1732 798 sae-

211 824 343 862 culum
374 836 521 863 nonum
558 824 623 863 vel
660 823 855 862 decimum
896 823 1054 862 videtur
1090 824 1341 876 referendus3
1380 826 1490 863 extat
1527 824 1612 863 eius
1649 823 1732 873 epi-

209 902 392 939 gramma
422 888 465 927 in
495 888 659 928 Anthol.
691 888 775 927 Pal.
805 887 880 926 XV
915 891 986 939 13,
1025 890 1089 928 cui
1121 889 1381 939 Theophanes
1412 890 1543 928 nescio
1575 889 1644 939 qui
1673 901 1734 929 re-

209 955 378 1004 spondet
413 954 464 993 ib.
503 954 577 992 XV
617 955 688 992 14:
726 955 940 1004 utrumque
978 953 1228 994 Constantini
1266 954 1463 1006 Cephalae
1500 956 1631 994 aetate
1668 954 1734 994 vel

207 1020 326 1069 paulo
358 1022 450 1058 ante
481 1019 628 1059 vixisse
658 1019 875 1059 verisimile
907 1020 979 1064 est.

325 1086 484 1124 Leontis
515 1085 717 1133 Mayistri,
750 1085 818 1134 qui
848 1084 949 1124 vixit
980 1086 1135 1124 saeculo
1173 1085 1344 1136 decimo,
1383 1086 1559 1125 carmina
1596 1097 1730 1135 super-

207 1151 301 1189 sunt
341 1151 532 1200 quinque,
574 1150 643 1188 sed
683 1150 799 1188 index
841 1152 992 1199 septem
1032 1151 1228 1199 recenset,
1273 1151 1523 1190 desideratur
1565 1152 1608 1189 1:
1650 1148 1732 1189 ἔπι-

206 1210 373 1267 τυμβιον
410 1210 689 1267 ἆνακρεόντιον
726 1214 780 1262 εἰς
816 1210 884 1254 τὸν
921 1213 1061 1254 ἑαυτοῦ
1099 1210 1273 1266 ἆδελφὸν
1305 1217 1548 1266 Παλατῖνον,
1587 1218 1631 1255 2:
1661 1212 1732 1255 τοῦ

208 1276 330 1320 αὐτοῦ
353 1276 631 1333 ἆνακρεόντιον
650 1280 704 1328 εἰς
722 1276 795 1332 τὴν
818 1280 1049 1331 Θεοκτίστην
1073 1276 1145 1331 τὴν
1174 1278 1372 1333 θυγατέρα
1403 1277 1538 1332 αὐτοῦ,
1562 1282 1732 1333 denique

207 1346 367 1385 initium
389 1349 412 1386 3
436 1341 560 1399 (quod
580 1347 694 1386 nobis
715 1349 777 1385 est
799 1341 860 1399 1):
886 1346 954 1385 τοῦ
979 1341 1100 1385 αὐτοῦ
1125 1341 1403 1398 ἆνακρεόντιον
1428 1346 1482 1394 εἰς
1499 1342 1572 1398 τὴν
1595 1342 1731 1398 αὐτήν.

324 1411 544 1461 Adespoz‘on
574 1424 733 1450 carmen
770 1410 824 1458 εἰς
859 1406 905 1449 τὰ
946 1406 1166 1463 βρουμαλια
1197 1406 1426 1451 ἀκολούθου
1461 1413 1530 1451 τοῦ
1561 1426 1732 1465 γραμμα-

188 1478 328 1526 τικοῦ,
359 1477 430 1515 ubi
460 1477 509 1516 H.
543 1477 647 1515 Weil
677 1477 763 1514 iure
797 1476 948 1515 Goluthi
983 1489 1128 1514 nornen
1165 1477 1360 1516 restituit:
1398 1490 1558 1516 carmen
1594 1478 1667 1516 1100
1698 1477 1731 1516 si

206 1542 406 1581 conditum
439 1543 502 1581 est
532 1555 555 1580 a
596 1541 788 1592 discipulo
827 1540 988 1581 Coluthi
1025 1541 1298 1592 Lycopolitae,
1335 1543 1437 1592 epici
1471 1543 1632 1592 poetae,
1669 1541 1734 1580 0111

206 1608 313 1646 Weil
352 1607 615 1658 probabiliter
659 1619 818 1646 carmen
854 1607 1030 1646 dicatum
1067 1619 1154 1646 esse
1193 1609 1328 1646 censet
1365 1602 1623 1660 (quamquam
1661 1605 1733 1646 Co-

207 1673 313 1712 luthi
343 1686 487 1713 nomen
519 1672 626 1723 apud
662 1672 887 1723 Aegyptios
926 1672 1023 1711 satis
1061 1666 1282 1726 frequens),
1313 1672 1364 1711 ad
1394 1672 1612 1723 primordia
1649 1683 1728 1711 sae-

211 1738 290 1777 culi
322 1738 424 1777 sexti
455 1737 720 1776 referendum.

326 1802 482 1851 Georgii
524 1802 798 1854 Grammatici,
838 1803 948 1842 cuius
987 1805 1074 1842 octo
1116 1805 1330 1854 supersunt
1369 1803 1484 1852 odae,
1525 1804 1567 1842 in
1602 1803 1731 1842 indice

205 1868 566 1908 commemorantur
596 1869 773 1907 carmina
805 1870 849 1919 9,
882 1868 952 1907 sed
982 1869 1024 1906 in
1055 1869 1187 1908 codice
1225 1869 1370 1908 desunt
1404 1871 1445 1907 1:
1483 1866 1562 1920 ἔρις
1592 1862 1731 1908 ‘HMov

205 1931 272 1972 καὶ
310 1928 565 1984 Ἀφροδίτης,
606 1935 649 1972 2:
689 1933 726 1972 τί
768 1932 870 1972 εἴποι
913 1928 933 1972 ὁ
971 1928 1171 1972 Ἀπόλλων
1210 1935 1280 1973 τοῦ
1307 1929 1482 1984 ’Ἑρωτος
1523 1930 1732 1983 στέφοντος

205 1994 326 2038 αὐτοῦ
366 1993 412 2036 τὰ
449 1994 540 2045 τόξα
585 1993 663 2037 ἀπὸ
702 1994 861 2049 δάφνης
895 1995 961 2036 καὶ
997 1993 1140 2050 ῥόδου,
1187 2011 1306 2050 porro
1342 1998 1500 2037 initium
1541 2000 1565 2037 3
1605 1993 1732 2051 (quod

205 2064 319 2102 nobis
353 2065 415 2102 est
450 2058 511 2116 1):
542 2064 698 2113 reliqua
728 2063 904 2102 carmina
934 2063 976 2100 in
1006 2062 1138 2101 codice
1171 2075 1216 2101 eo
1249 2063 1386 2102 ordine
1416 2063 1618 2113 leguntur,
1649 2075 1728 2112 quo

206 2131 345 2167 nostra
377 2128 498 2167 editio
531 2128 703 2177 exhibet,
728 2128 819 2168 inde
845 2142 869 2167 a
893 2129 960 2166 fol.
989 2127 1095 2166 96A
1120 2139 1244 2178 usque
1270 2127 1320 2166 ad
1347 2128 1430 2166 109
1445 2127 1491 2177 B,
1517 2127 1731 2177 Matranga

205 2194 310 2232 0111111
347 2194 481 2233 nescio
522 2206 642 2243 quam
680 2194 730 2232 ob
769 2207 930 2233 causam
966 2193 1237 2243 Epithalamia
1273 2193 1349 2232 duo
1389 2187 1434 2246 (7
1467 2194 1508 2232 et
1540 2187 1585 2246 8)
1617 2206 1642 2232 a
1670 2205 1731 2232 re·

203 2258 324 2308 liquis
356 2259 595 2308 segregavit.
655 2258 702 2296 In
739 2258 867 2298 indice
905 2261 1039 2297 autem
1077 2259 1221 2298 titulus
1259 2271 1376 2297 carm.
1410 2259 1454 2296 2:
1495 2257 1544 2296 Τί
1571 2256 1673 2297 ε”νποι
1703 2253 1730 2309 ἡ

201 2318 411 2375 Ἀφροδίτη
442 2326 517 2362 κτλ.
549 2323 703 2361 librarii
739 2325 985 2375 negligentia
1021 2324 1190 2364 omissus
1228 2326 1306 2374 est,
1344 2336 1437 2362 nam
1468 2323 1542 2362 hoc
1573 2335 1732 2374 quoque,

204 2401 364 2443 carmen
394 2389 501 2427 haud
532 2388 651 2427 dubie
682 2401 706 2427 a
738 2387 909 2439 Georgio
942 2390 1145 2429 conditum
1175 2390 1247 2428 est.
1309 2388 1432 2427 Aetas
1472 2387 1641 2426 hominis
1671 2387 1729 2426 111-

205 2456 325 2503 certa,
356 2454 528 2492 fortasse
560 2454 717 2492 Ioannis
750 2453 894 2493 Gazaei
926 2454 959 2493 si
990 2467 1070 2494 non
1100 2453 1290 2504 aequalis,
1315 2456 1358 2492 at
1387 2452 1591 2502 popularis
1622 2454 1728 2491 certe

204 2518 298 2570 fuit3
331 2519 378 2558 cf.
412 2519 532 2558 Stark
564 2518 671 2557 Gaza
700 2533 739 2569 p.
773 2520 869 2559 645.

321 2585 414 2623 Alia
444 2586 654 2634 praeterea
684 2584 803 2623 huius
834 2585 992 2634 generis
1010 2585 1217 2634 rcarmina,
1256 2595 1358 2634 quae
1394 2583 1647 2633 interierunt,
1686 2582 1728 2620 in

202 2650 271 2688 illo
315 2650 443 2688 indice
487 2652 760 2699 recensentur,
797 2651 909 2689 velut
945 2649 1114 2689 Arethae
1157 2647 1443 2698 archiepiscopi
1485 2646 1540 2694 εἰς
1575 2641 1621 2685 τὰ
1657 2649 1728 2686 τοῦ

204 2712 377 2761 Λέοντος
413 2716 482 2754 τοῦ
520 2711 708 2766 βασιλέως
744 2710 982 2766 βρουμοῖλια,
1019 2726 1137 2764 porro
1176 2710 1386 2760 Λέοντος
1420 2713 1624 2762 ποιητικοῦ
1661 2709 1728 2750 καὶ

204 2774 427 2829 φιλοσόφου
469 2775 748 2830 ἀνακρεόντιον
791 2779 845 2826 εἰς
887 2773 932 2818 τὰ
974 2774 1195 2830 βρουμοὶλια
1237 2777 1306 2816 τοῦ
1348 2775 1548 2828 Καίσαρος
1590 2772 1727 2828 Βάρδα

205 2869 303 2920 (cod.
343 2839 442 2926 ssag)
493 2877 534 2913 et
577 2875 659 2913 sive
703 2874 879 2913 eiusdem
923 2874 1005 2912 sive
1050 2873 1235 2922 anonymi
1278 2867 1469 2924 ἐγκώμιον
1505 2866 1725 2921 Ἡφαίστου

204 2927 526 2987 (Ηφαιστίωνος)
558 2929 815 2985 στρατηλάτου
842 2928 1111 2984 Ἀλεξάνδρου.

1758 1093 1849 1126 1079
