1864 3126
0 2998 29 3122 ἱῖἥηζῖ
0 2843 36 2980 “ι“ξ“ῐ”1θζ-ἐ’
0 2799 18 2818 d,
0 2723 19 2791 a*
0 2257 26 2714 :ffw-V

799 136 1076 174 SIMONIDES.
1612 136 1665 178 41
1675 136 1702 179 3

262 244 536 303 ἰοστεφάνου
566 249 777 302 γλυκεῖαν
809 244 1064 303 ἐδάκρυσαν

260 315 411 375 ψυχὰν
442 315 725 361 ἀποπνέοντα
756 315 1022 374 γαλαθηνὸν
1053 316 1184 368 τέκος.

828 437 1037 492 53.[25]

261 537 617 557 .........

257 653 901 674 υ-ὐυ-υυ-υυ-υ..-

740 697 781 709 Α

259 729 281 734 -
354 716 472 734 ψυ-
497 711 1022 733 -----------

260 820 268 829 .
301 818 311 828 .
345 817 354 827 .
387 818 397 828 .
418 780 493 835 Ὃς
524 781 655 840 δουρὶ
686 779 855 833 πάντας

258 857 412 899 νίκασε
443 853 575 905 νέους
606 851 817 898 δινάεντα
847 850 1000 909 βαλών

248 923 476 984 ’Ἄναυρον
506 923 619 983 ὕπερ
650 922 958 981 πολυβότρυος
990 924 1034 976 ἐξ
1061 921 1263 968 Ἰωλκοῦ·

259 995 376 1042 οὕτω
407 995 494 1055 γὰρ
516 994 707 1054 Ὅμηρος
737 993 818 1053 ἠδὲ
849 998 1128 1053 Στασίχορος
1159 993 1280 1039 ἄεισε
1311 999 1447 1047 λαοῖς.

826 1117 1035 1170 54.[29]

666 1343 906 1385 Φοινίκεον
939 1342 1083 1385 ἱστίον
1113 1338 1238 1402 ὑγρῷ
1614 1354 1706 1387 1138

259 1413 546 1471 πεφυρμένον
578 1410 738 1468 πρινὸς
769 1410 903 1456 ἄνθει
936 1446 945 1456 .
978 1446 987 1455 .
1020 1447 1029 1456 .
1061 1411 1320 1470 ἐριθάλλου.

826 1532 1036 1587 55.[30]

258 1627 666 1651 υυιυυ-υ-Δ
689 1631 931 1650 υυυυυ

259 1698 426 1744 Βιότου
456 1697 510 1742 κέ
537 1710 587 1742 σε
618 1700 791 1756 μᾶλλον
823 1696 977 1743 ὤνασα
1008 1697 1224 1756 πρότερος
1255 1697 1416 1743 ἐλθών.

163 1839 391 1888 ίοστέφανον
422 1839 551 1887 ψυχὰν
586 1843 764 1887 γλυκεῖαν
792 1844 798 1887 Ι
829 1838 1045 1889 ἐδάκρυσαν
1071 1839 1330 1878 άποπνείοντα
1356 1855 1389 1888 γ.
1414 1855 1444 1878 τ.
1471 1841 1631 1889 scripsit.
1659 1862 1703 1868 -

164 1890 207 1927 V.
234 1894 267 1926 3.
293 1888 402 1930 τέκος
427 1889 469 1935 L,
494 1887 607 1930 τόκος
631 1889 677 1936 V,
702 1888 809 1936 τέχος
833 1888 875 1927 Ρ.

195 1972 197 1974 ’
260 1961 318 1997 Fr.
345 1964 401 1997 53.
451 1960 589 1997 Athen.
614 1961 666 1997 IV
694 1960 822 1997 1'12E:
847 1957 907 1997 ὅτι
931 1960 975 1997 δὲ
1000 1958 1042 1997 τὸ
1070 1962 1215 2020 ποίημα
1241 1961 1352 1997 τοῦτο
1377 1954 1540 2007 (hoza)
1565 1963 1701 2008 Στησι-

166 2006 282 2055 χόρου
314 2005 432 2052 ἐστίν,
471 2005 703 2050 ἴκανοότατος
739 2006 882 2055 μάρτυς
911 2010 1128 2055 Σιμωνίδης
1147 2016 1180 2045 ὀ
1219 2007 1394 2055 ποιητής,
1432 2004 1475 2050 ὃς
1508 2010 1598 2055 περὶ
1635 2010 1703 2045 τοῦ

164 2053 441 2102 Μελεάγρου
467 2053 534 2091 τὸν
558 2054 671 2102 λόγον
696 2054 926 2103 ποιούμενός
951 2068 1083 2102 φησιν·
1110 2053 1159 2098 ὃς
1184 2057 1318 2103 δουρὶ
1343 2060 1417 2092 κτλ.
1453 2077 1496 2083 —
1529 2057 1574 2093 V.
1607 2062 1634 2093 l.
1661 2053 1735 2098 ὅς’

164 2103 207 2147 L,
227 2101 277 2145 ὡς
296 2103 371 2140 PV.
399 2123 441 2130 —
469 2103 513 2140 V.
534 2108 567 2140 2.
593 2105 723 2140 νίκασε
750 2103 863 2146 νέους
887 2105 930 2150 L,
954 2101 1215 2146 νικᾶς·ἐνεοὺς
1233 2103 1344 2147 APV,
1369 2104 1482 2140 νικᾶν
1511 2102 1643 2145 ἐνεόυς
1662 2104 1702 2141 Β.

165 2171 210 2178 -
236 2149 435 2234 δὲνάεντα,
467 2151 496 2186 Β
522 2149 712 2198 δινήεντα.
746 2172 790 2179 —·
823 2152 867 2190 V.
893 2156 927 2188 4.
953 2148 1037 2198 ἠδὲ,
1067 2151 1099 2187 Β
1125 2149 1176 2194 ὡς
1200 2151 1255 2188 δὲ.
1289 2173 1332 2179 -
1366 2153 1615 2198 Στασίχορος,
1643 2153 1703 2188 ΒΡ

167 2210 257 2244 στησ
273 2211 392 2245 χορος.

260 2269 319 2306 Fr.
346 2273 402 2306 54.
453 2269 551 2306 Plut.
577 2269 642 2307 vit.
668 2270 777 2307 Thes.
810 2282 840 2308 c.
878 2275 919 2308 17
930 2286 939 2308 :
975 2268 1070 2307 Τότε
1104 2270 1147 2308 δὲ
1180 2271 1247 2307 τοῦ
1281 2269 1434 2316 Θησέως
1465 2267 1530 2305 τὸν
1556 2268 1703 2316 πατέρα

166 2313 426 2363 θαρρύνοντος
462 2316 525 2352 καὶ
564 2319 929 2364 μεγαληγοροῦντος,
972 2317 1023 2360 ὡς
1059 2315 1279 2364 χειρώσεται
1322 2316 1388 2354 τὸν
1434 2315 1703 2363 Μινώταυρον,

169 2363 312 2400 ἔδωκεν
339 2363 467 2410 ἕτερον
495 2362 612 2400 ἱστίον
637 2363 775 2401 λευκὸν
801 2366 851 2414 τῷ
876 2363 1087 2415 κυβερνήτῃ
1114 2363 1289 2422 (Αἰγεύς),
1314 2364 1496 2406 κελεύσας
1522 2361 1701 2410 ὑποστρέ-

166 2424 289 2457 φοντα
315 2409 529 2458 σωζομένου
560 2412 627 2448 τοῦ
661 2410 816 2458 Θησέως
840 2410 1062 2458 ἐπάρασθαι
1085 2411 1127 2449 τὸ
1155 2416 1311 2459 λευκον,
1345 2412 1382 2448 εἰ
1405 2412 1446 2449 δὲ
1474 2410 1537 2458 μή,
1563 2413 1613 2459 τῷ
1641 2411 1705 2459 μέ-

164 2462 251 2495 λανι
287 2461 397 2495 πλεῖν
433 2459 498 2494 καὶ
534 2455 814 2518 ἀποσημαίνειν
845 2457 887 2495 τὸ
920 2458 1064 2502 πάθος·
1103 2457 1123 2496 ὃ
1158 2459 1201 2497 δὲ
1234 2461 1451 2507 Σιμωνίδης
1488 2457 1534 2495 οὗ
1565 2458 1704 2496 λευκόν

166 2519 282 2553 φησιν
308 2504 410 2542 εἶναι
434 2503 475 2542 τὸ
503 2505 623 2543 δοθὲν
648 2505 723 2542 υπὸ
749 2507 817 2543 τοῦ
837 2506 989 2554 Αἰγέως,
1013 2504 1108 2544 ἄλλα
1129 2509 1377 2554 φοινίκεον
1396 2510 1473 2543 κτλ.
1505 2507 1702 2543 καὶτοῦτο

166 2554 233 2600 τῆς
258 2555 440 2600 σωτηρίας
471 2550 598 2590 αὐτῶν
629 2550 867 2600 ποιήσασθαι
898 2559 1063 2601 σημεῖον.
1098 2576 1146 2602 -Ι
1167 2555 1211 2590 V.
1242 2560 1272 2591 1.
1306 2552 1408 2601 ὑγρῶ
1441 2553 1700 2601 πεφυρμένον,

166 2601 247 2639 Bab
271 2599 518 2648 πεφυρμένον
543 2599 656 2656 ὑγρῷ.
684 2622 728 2627 -
754 2599 903 2647 πρινὸς,
928 2613 952 2637 x
976 2600 1130 2648 τρυγός,
1155 2602 1330 2638 Meziriac
1355 2593 1504 2647 πρίνου.
1555 2602 1702 2638 Deinde

166 2649 343 2685 lacunam
367 2647 544 2694 indicavi,
563 2648 635 2684 nit-n
655 2649 752 2685 forte
770 2646 904 2695 πρινός
922 2647 1169 2696 ἐριθαλέος
1187 2647 1349 2695 ἄνθεϊ,
1374 2650 1548 2695 Hartung
1565 2650 1700 2695 πρίνου

166 2693 205 2732 τ’
232 2693 352 2733 ἄνθεϊ
374 2696 441 2732 καὶ
466 2693 661 2743 ἔρνθάλου.
1079 2714 1082 2716 ’

263 2768 323 2804 Fr.
349 2772 406 2804 55.
459 2768 584 2804 Schol.
619 2767 731 2813 Soph.
763 2766 867 2804 Aiae.
895 2771 980 2804 740:
1012 2766 1089 2804 Καὶ
1115 2764 1156 2803 ἐν
1183 2768 1278 2813 (cod.
1305 2768 1336 2804 G
1360 2765 1480 2814 παρὰ)
1505 2769 1702 2815 Σιμωνίδῃ

168 2845 232 2886 ἐπὶ
255 2851 322 2887 τοῦ
348 2848 443 2897 πρὸς
473 2850 590 2897 Αἰγέα
623 2847 786 2897 ἀγγέλου
811 2849 1072 2898 πεμφθέντος·
1107 2848 1225 2887 Βιότω
1252 2851 1349 2896 (cod.
1376 2851 1408 2887 G
1434 2852 1515 2900 βίος
1539 2829 1605 2897 32)
1635 2854 1707 2888 καί

169 2909 210 2934 σε
231 2901 307 2934 κτλ.
329 2899 491 2936 correxit
509 2899 699 2935 Hermann
720 2895 848 2947 βιότου
868 2911 922 2935 κε.
946 2920 989 2926 —-
1010 2896 1151 2945 ὤνασα,
1171 2897 1432 2935 Schneidewin
1452 2899 1547 2937 coni.
1568 2897 1700 2937 ὄνασα.
