1864 3126
630 94 853 131 CARMINA
881 93 1171 131 POPULARIA.
1578 94 1667 137 685

415 205 573 260 μέλπειν
603 222 641 247 τε
673 202 796 255 θεοὺς
827 205 870 246 ἔν
899 202 934 246 τ’
968 202 1237 260 εὐφροσύναις

414 266 508 325 ἦτορ
539 272 682 313 ἰαίνειν
1575 280 1665 311 1320

411 334 544 395 τοιῷδ’
577 333 655 378 ὑπὸ
687 334 931 393 παιδονόμῳ.

130 422 259 463 Affert
290 423 456 462 Aristid.
487 423 505 461 Ι
538 424 643 461 452:
676 419 837 473 δευτέρα
869 417 1037 461 ἐδόκουν
1068 419 1112 460 ἐν
1141 423 1194 476 τῷ
1232 421 1324 476 ἱερῷ
1362 417 1463 461 εἶναι
1499 422 1569 461 τοῦ
1603 417 1665 460 ’A-

127 489 322 540 σκληπιοῦ
341 484 508 541 ὄρθριον
534 483 659 535 εὐθὺς
684 486 724 535 ἐξ
750 482 849 527 ὁδοῦ
874 484 1006 527 ποθὲν
1031 483 1155 539 ἥκων,
1180 484 1245 526 καὶ
1271 486 1419 538 χαίρειν
1445 482 1497 534 ὧς
1521 484 1666 538 ταχέως

126 547 370 609 ἀνεῴγνυτο·
401 548 570 592 ἐδόκουν
601 549 644 591 δὲ
674 550 741 591 καὶ
771 545 863 600 τοὺς
893 553 1039 600 παῖδας
1070 548 1182 609 ᾄδειν
1213 548 1255 593 τὸ
1287 547 1490 604 ἀρχαῖον
1521 544 1665 603 ἆσμα,

126 610 175 659 οὗ
205 613 231 670 ἡ
263 613 364 670 ἆρχή
395 615 490 657 ἔστι·
522 617 612 657 Δία
642 620 718 657 κτλ.
751 616 816 656 καὶ
849 613 949 657 εἶναι
981 616 1024 657 ἕν
1056 616 1190 674 ἐκείνῳ
1222 619 1275 674 τῷ
1307 615 1411 669 μέρει
1442 619 1511 656 τοῦ
1543 613 1666 673 ᾅσμα-

124 694 208 732 τος·
249 679 369 724 πολύ
409 686 486 723 κτλ.
549 684 633 722 Hoc
670 697 913 734 quamquam
952 684 1002 722 ab
1041 683 1219 723 Aristide
1260 685 1463 732 antiquum
1501 686 1666 722 vocatur

125 762 304 800 carmen,
336 749 435 790 satis
472 752 609 788 tamen
648 748 849 788 novicium
881 749 1052 789 videtur.
1091 771 1139 776 —-
1175 749 1222 788 V.
1258 752 1294 788 1.
1326 748 1527 788 Aristides
1559 747 1666 799 quod

124 815 232 855 infra.
273 815 370 855 dicit
411 829 448 866 p.
482 816 585 855 485:
626 809 773 853 κελεύει
805 845 813 853 .
847 844 855 851 .
889 845 898 854 .
930 812 1191 864 καθέζεσθαι,
1215 813 1270 861 εἰς
1311 809 1383 865 τὴν
1428 809 1555 865 αὐλὴν
1596 815 1665 853 τοῦ

124 879 254 932 ἱεροῦ,
285 882 480 920 καλοῦντα
511 880 606 931 Δία,
638 876 739 920 θεὸν
771 876 815 932 (l.
847 875 975 933 θεῶν)
1005 875 1160 919 ὕπατον
1189 877 1255 918 καὶ
1287 874 1458 931 ἄριστον,
1497 879 1546 917 ad
1587 879 1666 917 Ho-

127 959 280 985 merum
312 946 578 986 referendum.
622 966 671 972 —
715 944 762 983 V.
796 947 833 983 2.
865 939 907 983 τὸ
940 943 1078 996 μέσον,
1111 946 1201 984 fort.
1233 945 1422 999 λῷστον.
1459 965 1508 970 -
1548 944 1591 982 V.
1626 945 1664 982 3.

124 1025 163 1050 τε
203 1005 327 1059 θεους
357 1011 486 1061 ΓΔΘ,
527 1024 562 1051 v.
593 1004 685 1058 τοὺς
724 1005 886 1057 θεοὺς.
899 1031 954 1036 —
986 1010 1033 1048 V.
1068 1013 1092 1050 5
1133 1010 1225 1049 fort.
1262 1009 1573 1060 παιδονομῆϊ.
1610 1029 1660 1036 -

126 1077 277 1127 Aperte
308 1077 402 1117 ficta
434 1077 594 1116 exordia
627 1076 763 1127 hymni
794 1077 837 1115 in
869 1077 1109 1116 Minervam·

518 1141 696 1186 “Επεσθε
728 1140 926 1202 Περγάμῳ
958 1144 1053 1186 νέοι.

129 1210 170 1246 et
202 1208 242 1246 in
274 1208 497 1248 Bacchum:

531 1262 648 1318 Χαῖρ’
685 1258 715 1305 ὦ
747 1263 826 1305 α’να
856 1268 989 1305 κισσεῦ

530 1326 714 1372 Διόνυσε.

124 1430 227 1467 quae
251 1418 390 1457 rhetor
415 1416 759 1456 haluciuabundus
786 1415 940 1465 profert
967 1415 983 1454 I
1012 1417 1109 1455 513.
1159 1416 1273 1455 Idem
1298 1417 1407 1456 valet
1432 1417 1482 1455 de
1506 1429 1660 1467 paeane

124 1483 143 1521 Ι
175 1497 212 1533 p.
247 1484 316 1524 62.

244 1549 465 1599 segregavi
489 1548 678 1599 reliquias
703 1547 949 1597 Hymnorwm
980 1550 1023 1586 in
1046 1547 1170 1599 Attin,
1203 1561 1305 1598 quae
1336 1550 1527 1599 leguntur
1558 1549 1666 1598 apud

125 1612 341 1664 Origenem
373 1610 622 1668 (Hippolyt.)
652 1613 740 1652 adv.
774 1612 937 1652 Haeret.
974 1615 1074 1653 118:
1109 1615 1352 1667 Τοιγαροῦν,
1384 1614 1530 1665 φησίν,
1568 1610 1666 1653 ὅταν

124 1675 332 1719 συνελθὼν
362 1675 383 1720 ὁ
416 1680 542 1732 δῆμος
573 1677 616 1718 ἐν
647 1682 728 1726 τοῖς
759 1674 943 1728 θεάτροις
981 1679 1093 1719 εἰσίοι
1129 1694 1186 1727 τις
1224 1675 1491 1731 ἠμφιεσμένος
1523 1675 1665 1732 στολὴν

124 1742 298 1796 ἕξαλλον,
328 1739 505 1799 κιθάραν
537 1742 671 1796 φέρων
702 1743 769 1783 καὶ
800 1740 981 1795 ψάλλων,
1013 1741 1138 1793 οὕτως
1169 1743 1270 1798 λέγει
1301 1741 1414 1800 ᾄδων
1443 1741 1491 1784 τὰ
1517 1742 1665 1798 μεγάλα

125 1805 318 1862 μυστήρια
349 1807 423 1850 οὐκ
454 1806 568 1858 εἰδὼς
598 1805 623 1849 ἃ
656 1807 777 1863 λέγει·
815 1809 909 1849 Εἴτε
941 1807 1103 1862 Κρόνου
1133 1809 1268 1864 γένος,
1308 1810 1380 1850 εἴτε
1411 1807 1510 1859 Διὸς
1541 1807 1664 1863 μάκα-

124 1890 205 1928 ρος,
236 1876 309 1916 εἴτε
334 1872 443 1924 Ῥέας
474 1872 643 1928 μεγάλης
674 1878 783 1927 χαῖρε
819 1871 861 1916 τὸ
899 1874 1072 1928 κατηφὲς
1109 1873 1291 1928 ἄκουσμα
1322 1871 1431 1924 Ῥέας
1458 1873 1584 1926 ’Ἀττι,
1622 1874 1664 1916 σὲ

124 1944 287 1982 καλοῦσι
319 1939 390 1994 μὲν
416 1937 612 1993 Ἀσσύριοι
654 1937 896 2017 τριπόθητον
917 1938 1111 1991 Ἄδωνιν,
1148 1938 1220 1994 ὅλη
1261 1938 1298 1981 δ’
1339 1941 1542 1994 Αἴγυπτος
1561 1938 1666 1981 Ὄσι-

124 2021 188 2057 ριν
219 2004 459 2058 ἐπουρανιον
490 2022 618 2059 μηνης
648 2004 783 2058 κέρας,
808 2003 999 2059 Ἐλληνες
1037 2009 1203 2059 σοφίαν,
1240 2009 1509 2062 Σαμοθρᾷκες
1535 2002 1663 2059 Ἀδαμ

125 2068 350 2125 σεβάσμιον,
382 2069 569 2124 Αιμόνιοι
600 2068 853 2124 Κορύβαντα,
884 2071 950 2112 καὶ
981 2073 1023 2113 οἷ
1052 2069 1205 2126 Φρύγες
1236 2070 1369 2113 α’λλοτε
1402 2070 1474 2124 μὲν
1500 2069 1664 2122 Πάπαν,

124 2135 216 2176 ποτὲ
247 2136 291 2178 δὲ
321 2137 455 2188 νέκυν,
485 2133 510 2189 ἢ
543 2134 656 2187 θεόν,
687 2154 712 2189 η
745 2133 813 2177 τὸν
844 2134 1038 2190 ἄκαρπον,
1064 2154 1089 2190 η
1118 2134 1294 2189 αἰπόλον,
1325 2133 1351 2190 ἡ
1384 2134 1545 2191 χλοερὸν
1577 2149 1663 2178 στα-

125 2218 200 2254 χυν
231 2198 451 2254 ἆμηθὲντα,
481 2199 507 2256 ἢ
540 2199 588 2243 ὃν
618 2198 871 2254 πολύκαρπος
903 2202 1030 2243 ε’τεκεν
1060 2199 1287 2256 ἆμύγδαλος
1317 2198 1439 2254 ἀνέρα
1464 2215 1662 2255 συρικταν.

129 2269 280 2307 Τοῦτον
324 2267 448 2319 φησὶν
491 2263 592 2307 εἶναι
634 2263 897 2319 πολύμορφον
930 2265 1082 2318 ’Ἀττιν,
1122 2263 1171 2308 ὂν
1218 2263 1436 2319 ὑμνοῦντες
1482 2267 1663 2321 λέγουσιν

126 2328 268 2380 οὕτως·
303 2329 433 2372 ’Ἄττιν
473 2329 637 2385 ὑμνήσω
678 2328 747 2372 τὸν
781 2327 921 2384 Ῥείης,
964 2329 1038 2373 οὐκ
1079 2329 1237 2373 ὦδινῶν
1277 2329 1542 2385 συμβόμβοις,
1574 2330 1662 2373 οὐδ’

126 2393 260 2437 αὐλῶν
287 2393 443 2437 Ἰδαίων
474 2393 708 2449 Κουρήτων,
741 2393 930 2449 μύκτητα,
962 2394 1046 2438 ἀλλ’
1082 2394 1141 2446 οἷς
1174 2398 1364 2451 Φοιβείαν
1389 2399 1486 2451 μίξω
1513 2401 1667 2450 μοῦσαν

127 2463 378 2516 φορμίγγων,
416 2459 511 2504 εὐοῖ.
544 2457 649 2503 εὖών
682 2457 735 2510 ὡς
766 2458 879 2512 Πάν,
917 2459 969 2511 ὡς
1000 2460 1196 2519 Βακχεύς,
1234 2460 1287 2512 ὦς
1323 2461 1474 2515 ποιμὴν
1514 2466 1666 2504 λευκῶν

125 2524 289 2580 ἄστρων.
352 2529 462 2568 Haec
506 2528 781 2568 Schneidewin
824 2525 986 2579 (Philol.
1024 2529 1086 2568 111
1126 2532 1210 2570 247
1234 2525 1332 2582 seq.)
1381 2531 1432 2568 ad
1478 2543 1665 2570 numeros

126 2606 314 2634 revocare
347 2596 514 2643 studuit,
546 2595 596 2634 cf.
628 2595 750 2633 etiam
781 2593 829 2635 G.
860 2594 1067 2634 Hermann
1098 2595 1140 2634 in
1170 2596 1284 2634 Actis
1317 2595 1401 2634 Soc.
1430 2594 1519 2634 Sax.
1549 2598 1661 2636 1849

129 2673 164 2710 p.
202 2664 237 2711 1,
270 2661 338 2711 qui
370 2661 623 2699 hexametros
663 2659 877 2698 restituere
914 2663 1079 2699 conatus
1118 2664 1198 2708 est,
1238 2662 1281 2698 et
1311 2660 1585 2700 Schneidewin
1623 2662 1666 2700 in

127 2725 288 2765 Nuntiis
316 2725 496 2776 Gotting.
528 2726 638 2764 1852
667 2738 703 2774 p.
733 2726 828 2764 101.
891 2725 968 2764 Sed
1001 2725 1112 2775 prior
1142 2726 1303 2776 quidem
1334 2728 1537 2767 cantilena
1562 2728 1661 2767 mihi

128 2791 246 2830 aliter
285 2791 572 2830 conformanda.
609 2790 783 2838 videtur,
823 2791 980 2830 constat
1023 2793 1159 2829 autem
1198 2791 1380 2831 versibus
1421 2794 1664 2844 anapaestis,

126 2867 225 2905 quos
257 2856 400 2895 deinde
432 2855 620 2906 dactylici
651 2856 879 2895 tetrametri
911 2856 1136 2906 excipiunt.
