1864 3126
189 115 278 158 292
514 155 516 159 ,
756 114 946 151 ΡΟΕΤΑΕ
972 114 1149 152 MELICI.

184 224 424 280 Ἀνακρέων·
462 226 539 267 ἔστι
570 225 613 266 δὲ
639 223 801 278 Ἀττική.
861 227 920 266 Cf.
952 227 1093 266 Suidas
1126 242 1162 267 v.
1193 223 1456 279 θωρήξασθαι
1493 230 1533 267 et
1571 228 1710 268 Zonar.

193 295 317 342 1068,
348 293 418 332 ubi
447 292 690 332 Anacreonti
720 292 845 331 tribui
886 292 1067 331 videntur
1107 293 1231 332 verba
1268 289 1362 333 ὥστε
1392 296 1711 346 θωρακισθῆναι,

190 371 291 407 quae
323 359 443 398 etiam
468 358 573 407 apud
605 357 732 396 Schol.
758 357 957 408 leguntur,
984 358 1052 396 sed
1077 359 1268 408 tanquam
1294 359 1545 409 grammatici
1569 360 1711 399 verba:

189 424 321 472 potuit
350 424 559 463 Anacreon
590 416 705 462 ὥστε
735 425 1106 475 θωρηκισθῆναι
1145 424 1186 463 in
1217 426 1453 464 tetrametro
1485 425 1624 465 claudo
1656 426 1712 464 di-

189 500 296 537 cere,
326 501 398 527 nec
427 490 563 527 tamen
600 487 832 537 verisimile,
869 500 962 526 nam
1004 488 1240 540 θωρακίζειν
1279 490 1466 539 pedestre
1503 492 1564 530 est
1599 503 1713 530 voca-

188 553 346 604 bulum,
386 553 550 604 elegiaci
586 555 722 593 autem
752 557 893 604 poetae
935 550 1161 607 θωρήσσειν
1197 567 1243 594 eo
1282 567 1401 594 sensu
1443 554 1711 606 frequentant,

187 618 278 658 vide
310 618 361 657 ad
392 618 572 669 Theogn.
602 620 702 659 470.

820 745 1084 800 148.[141]

307 833 452 871 Pollux
476 832 539 870 III
566 833 637 871 98:
669 830 847 884 Μετοχαὶ
872 829 916 871 δὲ
939 829 1103 885 τέρπων,
1134 828 1231 872 ἄλλα
1262 831 1328 872 καὶ
1358 831 1535 885 ἕτερψεν·
1566 829 1608 873 τὸ
1638 828 1713 886 γὰρ

187 894 273 949 ἥδω
301 893 479 936 Ἰωνικὸν
508 894 575 935 καὶ
614 892 656 935 τὸ
695 888 776 947 ἧσε
819 891 905 950 (AO
949 889 1081 948 ἧσεν,
1123 898 1243 948 vulgo
1285 890 1389 952 ἧδε)
1432 894 1602 938 σπάνιον
1642 895 1715 950 μὲν

188 959 280 1014 παρ’
323 958 437 1014 ἡμῖν,
473 957 695 1013 Ἀνακρέων
733 957 769 1000 δ’
812 957 905 1001 αὐτὸ
945 961 1118 1014 εἴρηκεν,
1150 959 1245 1002 Ἴων
1289 961 1356 1002 udi
1395 959 1558 1015 ποιητὴς
1600 959 1711 1015 ἆνήρ.

192 1028 377 1078 Ephippo
409 1028 557 1067 comico
583 1040 643 1077 ap.
664 1027 811 1066 Athen.
831 1027 930 1065 VIII
957 1028 1041 1066 363
1058 1026 1087 1065 C
1114 1027 1324 1066 Turnebus
1349 1023 1478 1068 voluit
1502 1028 1714 1077 vindicare,

193 1095 263 1133 sed
294 1088 387 1132 εἷσε
417 1093 550 1144 potius
582 1092 809 1147 legendum.¹

820 1219 1085 1274 149.[118]

306 1307 492 1357 Apollon.
522 1307 639 1357 Dysc.
679 1307 722 1345 in
757 1305 882 1344 Bekk.
914 1305 989 1345 An.
1020 1302 1061 1344 II
1093 1307 1303 1356 572,14:
1345 1302 1506 1354 Τούτοις
1543 1302 1592 1358 δὴ
1631 1304 1713 1346 ε’πι-

189 1383 330 1424 στησας
361 1367 381 1411 ὁ
417 1368 591 1424 Τρύφων
622 1367 741 1422 ἐζήτει
771 1368 860 1422 περὶ
883 1371 953 1410 τοῦ
978 1370 1203 1424 μεγαλωστί,
1233 1369 1396 1423 ἵρωστὶ
1422 1366 1526 1425 (cod.
1550 1371 1714 1423 ἵερωστί,

190 1438 259 1477 sed
290 1437 396 1476 infra
420 1433 570 1491 ἱρωστί)
595 1432 702 1509 παρὰ
723 1432 981 1487 Ἀνακρέοντι.
1033 1436 1090 1475 Of.
1113 1436 1241 1476 Schol.
1262 1437 1308 1475 Il.
1330 1447 1354 1475 σ
1373 1438 1427 1476 26
1448 1437 1518 1475 ubi
1541 1432 1714 1488 ἡρωιστί,

190 1504 230 1541 et
260 1502 443 1543 Favorin.
464 1504 574 1551 103,
607 1502 675 1552 qui
707 1500 822 1552 δίκην
852 1498 985 1552 ἱερέως
1014 1490 1315 1552 interpretatur.
1363 1502 1449 1542 Hoc
1479 1501 1713 1542 adverbium

189 1568 285 1606 olim
317 1567 540 1607 existimavi
572 1567 867 1607 restituendum
897 1578 984 1605 esse
1016 1566 1226 1607 Theocrito
1264 1567 1306 1606 in
1336 1567 1513 1606 Helenae
1550 1567 1714 1617 Epitha-

187 1632 308 1671 lamio
334 1646 372 1673 v.
397 1633 471 1672 49:
505 1629 638 1684 ἱρωστὶ
669 1630 787 1684 σέβου
817 1645 889 1682 pro
922 1631 1091 1683 δωριστί,
1123 1632 1193 1670 sed
1223 1631 1357 1682 potius
1389 1631 1604 1682 legendum
1634 1634 1713 1675 est:

189 1694 402 1751 Γρᾶμματα
433 1693 471 1736 δ’
506 1695 550 1737 έν
581 1699 707 1753 φλοιῷ
738 1692 992 1750 γεγράψεται,
1031 1691 1083 1744 ὦς
1113 1693 1266 1748 παριών
1295 1711 1352 1745 τις
1383 1691 1589 1750 Ἀννείμῃ,
1624 1712 1714 1736 κω-

187 1762 325 1815 ριστί·
358 1760 476 1814 σέβου
509 1758 565 1814 μ’,
597 1758 758 1810 Ἑλένας
794 1757 922 1813 φυτὸν
958 1761 1046 1813 εἰμί.
1102 1758 1326 1814 Ἀνιερωστί
1359 1762 1459 1801 dixit
1488 1762 1714 1802 Heraclitus

188 1829 295 1879 apud
327 1828 449 1867 Olem.
480 1829 543 1868 Al.
574 1829 704 1867 Protr.
735 1842 772 1878 p.
815 1830 866 1866 19
905 1822 951 1866 τὰ
981 1822 1056 1879 γὰρ
1093 1821 1328 1879 νομιζόμενα
1363 1821 1445 1866 κατ’
1485 1821 1714 1879 ἀνθρώπων

187 1890 378 1946 μυστήρια
408 1889 611 1945 ἆνιερωστὶ
641 1894 839 1944 μυεῦνται.

821 2018 1084 2072 150.[119]

304 2106 448 2146 Pollux
480 2107 515 2145 V
550 2108 622 2145 96:
659 2100 723 2144 Σὺ
754 2100 791 2144 δ’
832 2099 883 2144 ἂν
919 2104 1135 2157 προσθείης
1166 2135 1175 2144 .
1197 2136 1204 2144 .
1226 2136 1235 2145 .
1258 2101 1333 2144 καὶ
1368 2099 1577 2151 κάλυκας
1614 2099 1707 2156 παρ’

178 2168 356 2225 Ὁμήρου
386 2186 426 2212 τε
455 2169 522 2211 καὶ
548 2166 836 2222 Ἀνακρέοντος.

907 2285 1001 2330 151.

303 2374 366 2413 Et.
399 2373 500 2413 Gud.
534 2375 631 2423 339,
666 2375 738 2411 22:
771 2367 941 2424 Κορώνη
973 2402 982 2410 .
1003 2400 1012 2409 .
1033 2402 1042 2410 .
1073 2366 1179 2423 παρὰ
1209 2366 1251 2410 τὸ
1281 2372 1445 2422 καῦρον,
1476 2365 1497 2409 ὃ
1531 2368 1710 2422 σημαίνει

184 2435 225 2478 τὸ
256 2434 398 2478 κακόν·
426 2434 648 2492 Ἀνακρέων
677 2433 864 2490 κόρωνα
902 2436 1083 2489 βαίνων
1119 2435 1227 2488 φησί.
1290 2435 1350 2476 Cf.
1381 2436 1464 2476 cod.
1498 2435 1622 2475 Havn.
1657 2435 1707 2474 ad
1736 2437 1825 2470 1043

186 2504 251 2543 Et.
284 2505 335 2543 M.
370 2505 468 2555 530,
503 2506 569 2544 17.
631 2499 745 2555 (Ood.
777 2502 881 2541 Flor.
913 2503 1016 2541 male
1047 2496 1237 2555 φαίνων.)

816 2628 1080 2682 152.[12o]

305 2729 447 2768 Pollux
472 2727 513 2766 II
543 2729 643 2767 103:
669 2723 835 2778 Πτύσμα
861 2756 869 2765 .
890 2755 899 2764 .
919 2756 928 2765 .
953 2721 999 2764 τὰ
1024 2722 1068 2764 δὲ
1099 2720 1168 2764 ἀπ’
1203 2721 1325 2765 αὐτοῦ
1356 2720 1528 2776 ὀνόματα
1557 2721 1706 2775 πτύειν,

185 2787 419 2843 ἆποπτύειν,
464 2788 713 2842 καταπτύειν,
762 2788 1048 2841 κατάπτυστον,
1098 2786 1361 2831 ἀπόπτυστον·
1399 2786 1620 2842 Ἀνακρέων
1664 2787 1706 2829 δὲ

183 2855 249 2895 καὶ
280 2854 610 2909 καταπτύστην
640 2857 780 2910 εἴρηκε.
