1864 3126
216 133 304 178 306
382 131 384 133 ’
512 152 514 155 -
785 133 978 171 POETAE
1004 132 1180 172 mmet.

285 247 363 286 καί
385 255 523 299 φησιν
555 240 725 293 εὐθέως
755 259 807 298 με
1070 251 1188 286 πιεῖν
1220 241 1273 285 δέ
1301 258 1375 297 μοι
1407 243 1594 285 δίδωσιν

287 314 530 370 ἐλευθέρην
561 310 777 368 ποιήσειν.
877 346 884 354 .
1069 313 1149 356 τὸν
1181 310 1323 367 οἶνον,
1355 310 1409 356 ὃν
1440 315 1664 368 προπίνει”

289 382 372 440 ἐγώ
406 385 470 440 δέ,
502 383 588 441 κῆν
619 382 712 440 ἀφῇ
746 400 812 438 με,
999 396 1044 428 3ο
1069 381 1217 427 πιοῦσ’
1252 381 1367 439 ἄδην
1399 382 1585 440 χορεύω,

217 468 260 498 20
287 454 429 511 δούλη
462 457 580 512 μενῶ
612 452 716 509 παρ’
753 452 889 514 αὐτῷ·
1070 454 1143 497 καὶ
1175 453 1394 510 δεσπότην
1425 453 1639 509 κρέκοντα

286 529 333 570 τί
359 525 444 583 γάρ
477 544 529 583 με
561 528 632 570 δεῖ
659 525 877 568 πέτασθαι
1070 534 1268 581 πτεροῖσι
1300 523 1530 577 συσκιάζω.

287 595 370 654 ὄρη
401 614 447 640 τε
477 597 551 640 καὶ
582 595 676 640 κατ’
711 594 893 652 ἀγρούς,
1070 596 1320 652 κοιμωμένη
1354 593 1395 639 δ’
1431 593 1498 639 ἐπ’
1533 593 1653 654 αὐτῷ

285 665 371 711 κᾶν
403 668 636 724 δένδρεσιν
666 670 866 719 καθίζειν
1070 668 1129 725 τῷ
1162 670 1356 725 βαρβίτῳ
1387 664 1609 709 καθεύδω.

288 741 525 794 φαγοῦσαν
556 737 719 796 ἄγριόν
750 754 808 793 τις
1001 749 1046 780 35
1074 740 1184 793 ἔχεις
1214 734 1396 780 ἅπαντ’·
1427 734 1612 780 ἄπελθε·

218 821 264 852 25
289 812 431 854 τανῦν
464 812 550 854 ἔδω
583 809 664 866 μὲν
695 807 833 864 ἄρτον
1072 808 1334 864 λαλιστέραν
1366 805 1410 864 μ’
1446 809 1625 864 ἔθηκας,

289 878 591 938 ἄφαρπᾶσασα
622 881 783 937 χειρῶν
1072 877 1300 935 ἄνθρωπε,
1331 879 1404 922 καὶ
1429 877 1671 935 κορώνης.“

287 950 602 1009 Ἀνακρέοντος
633 949 774 995 αὐτοῦ
783 965 791 972 ·

881 1069 1086 1122 15.[28]

672 1153 775 1187 ΤΟΥ
797 1152 968 1186 ΑΥΤΟΥ
992 1151 1084 1185 ΕΙΣ
1106 1151 1295 1184 ΚΟΡΗΝ.

278 1223 383 1281 ’Ἀγε
416 1223 661 1282 ζωγράφων
693 1221 860 1280 ἄριστε,
1070 1218 1242 1277 Ῥοδιής
1271 1223 1451 1277 κοίρανε
1481 1221 1649 1278 τέχνης,

291 1294 436 1352 γράφε
469 1294 716 1352 ζωγράφων
741 1292 909 1350 ἄριστε,
1078 1290 1319 1348 ἆπεοῦσαν,
1352 1289 1410 1343 ὡς
1441 1287 1498 1335 ἂν
1530 1296 1652 1347 εἴπω,

222 1470 265 1476 —-
292 1449 336 1484 V.
363 1453 418 1484 21.
451 1447 664 1494 πέτασθαι,
698 1447 908 1493 Stephanus
941 1444 1135 1482 πέτεσθαι.
1171 1466 1215 1471 -
1248 1445 1290 1480 V.
1318 1449 1374 1481 23.
1401 1442 1474 1480 κᾶν
1506 1446 1630 1489 Pauw,
1663 1445 1744 1480 cod.

221 1497 298 1543 καὶ,
322 1497 414 1532 item
440 1495 624 1541 δένδρεσι.
659 1516 701 1521 -
734 1494 777 1530 V.
805 1498 860 1531 30.
893 1490 1022 1529 πιοῦσ’
1056 1490 1154 1538 ἄδην
1186 1490 1328 1538 χορεύω
1354 1493 1419 1527 καὶ
1452 1489 1638 1537 δεσπότην
1663 1492 1747 1537 κρέ-

222 1557 338 1580 κοντα
364 1548 532 1589 πτεροῖσι
557 1540 742 1586 συσκιάζω
763 1542 910 1587 scripsi3
936 1552 1021 1576 nam
1041 1541 1180 1575 πιοῦσα
1201 1537 1238 1575 δ’
1260 1536 1479 1585 ἀναχορεύω
1501 1552 1524 1575 a
1543 1539 1748 1575 carminum

222 1593 355 1628 horum
380 1592 464 1637 lege
489 1590 642 1635 recedit,
667 1587 861 1635 ἄγχορεύω
887 1588 1122 1624 invisitatum
1148 1588 1215 1631 est,
1234 1597 1460 1632 quamquam
1479 1587 1597 1622 Attici
1615 1588 1751 1633 poetae

222 1639 364 1686 passim
389 1639 484 1674 talia
509 1638 725 1681 admittunt,
751 1639 789 1673 et
813 1635 952 1672 usitata
975 1636 1080 1671 velut
1104 1632 1320 1680 ἄμπαύεται
1346 1634 1456 1670 etiam
1478 1634 1517 1669 in
1537 1634 1746 1670 Anacreon-

221 1734 292 1769 teis
317 1734 511 1779 leguntur3
543 1733 624 1779 qod.
650 1732 788 1767 πιοῦσα
814 1728 852 1766 δ’
880 1727 929 1766 ὂὶν
955 1727 1119 1776 χορεύσω
1146 1729 1211 1765 καὶ
1236 1727 1423 1774 δεσπότην
1448 1706 1639 1774 ἅνακρὲοἷ
1665 1741 1749 1764 πτε-

223 1786 319 1825 ροῖσι
344 1778 413 1816 σὺν
438 1778 596 1825 καλύψω
623 1781 750 1825 (supra
775 1779 988 1822 συσκιασω).
1041 1777 1234 1813 Corrector
1259 1775 1407 1821 aliquis,
1435 1788 1518 1812 cum
1544 1777 1682 1812 πιοῦσα
1707 1773 1747 1811 δ’

222 1827 269 1874 ἢν
294 1828 355 1863 vel
380 1825 429 1863 ἂν
455 1828 580 1874 legere
614 1827 684 1862 sibi
714 1827 917 1870 videretur,
950 1825 1143 1861 substituit
1173 1823 1267 1860 coni.
1295 1835 1371 1859 aor.
1402 1823 1568 1869 χορεύσω
1601 1825 1639 1858 et
1663 1835 1748 1868 συγ-

223 1873 393 1920 καλύψω.
437 1874 566 1910 Nostri
585 1874 767 1918 homines,
788 1885 871 1908 cum
891 1872 1241 1908 animadvertissent
1264 1871 1327 1907 isti
1353 1872 1543 1907 enuntiato
1569 1870 1751 1916 apodosin

225 1922 592 1967 deessescommenti
618 1923 705 1957 sunt
735 1921 908 1956 voculam
940 1915 988 1954 ὂὶν
1020 1919 1223 1955 indicativo
1254 1918 1369 1954 futuri
1396 1915 1587 1963 (χορεύσω,
1613 1926 1766 1963 amna—¹

222 1967 345 2015 λύψω)
371 1970 432 2005 vel
457 1969 664 2014 praesentis
691 1965 860 2014 (χορεύω,
886 1964 1151 2012 συγκαλύπτω,
1183 1965 1495 2010 quemadmodum
1522 1966 1636 2000 Pauw
1661 1965 1747 2000 seri-

224 2017 313 2063 psit)
340 2016 509 2052 additam
541 2027 638 2059 esse,
671 2026 866 2061 perperam
896 2014 954 2049 illi
978 2013 1143 2058 quidem,
1178 2023 1264 2048 nam
1289 2013 1383 2048 haec
1408 2013 1594 2047 structura
1618 2011 1749 2048 Graeci

227 2064 408 2100 sermonis
432 2064 580 2109 legibus
604 2063 716 2108 plane
742 2063 977 2098 adversatur:
1004 2060 1202 2106 oportebat
1233 2056 1411 2105 ἐχόρευον
1445 2057 1514 2103 ἄν,
1546 2057 1749 2094 συνεκάλυ-

224 2125 318 2147 πτον
343 2107 392 2146 ἂν
417 2110 507 2154 dioi3
533 2122 652 2156 neque
679 2104 741 2155 αὖ,
766 2109 866 2155 quod
891 2109 1064 2154 Hartung
1094 2109 1180 2153 post
1211 2106 1304 2142 alios
1336 2106 1628 2150 commendavit,
1662 2106 1750 2142 huic

225 2160 309 2195 loco
335 2158 518 2194 convenit.
569 2157 709 2203 Scripsi
734 2155 933 2202 κρέκοντα,
965 2167 1049 2192 cum
1076 2156 1162 2191 ante
1193 2153 1352 2200 γέροντα
1377 2154 1664 2200 proposuissem,
1690 2165 1749 2189 co-

225 2207 353 2242 lumba
382 2207 581 2251 postquam
612 2205 739 2240 vinum
770 2204 875 2250 vidit,
901 2203 1017 2239 saltat
1052 2204 1090 2238 et
1119 2202 1312 2238 dominum
1343 2201 1501 2237 chordas
1538 2201 1748 2246 pulsantem

226 2254 443 2296 obumbrat3
462 2264 507 2288 ac
526 2252 693 2288 Fischer-i
712 2251 999 2287 commentarius
1018 2251 1179 2286 testatur
1196 2249 1322 2285 neseio
1341 2259 1462 2294 quem,
1481 2249 1638 2284 fortasse
1658 2247 1746 2284 Val-

226 2311 393 2346 pergam‚
414 2297 604 2336 δεσπόταν
623 2299 807 2345 κρέκοντα
827 2297 1039 2336 coniecisse.
1078 2297 1176 2333 Rose
1196 2296 1316 2332 edidit
1339 2293 1527 2341 δεσπότην
1552 2291 1601 2331 ἄν
1620 2292 1752 2343 ἄβροις

225 2353 393 2392 πτεροῖσι
426 2344 665 2393 συγκαλύψω.
706 2367 749 2373 ——
788 2347 833 2383 V.
859 2350 916 2382 33.
949 2343 1182 2391 κοιμωμένη,
1216 2344 1345 2379 malim
1371 2343 1672 2389 κοιμωμένου.
1705 2363 1749 2368 -

227 2396 272 2431 V.
299 2400 346 2430 34
372 2395 452 2431 cod.
481 2392 680 2442 βαρβῆτωι.

324 2447 377 2479 15.
428 2443 509 2477 Hoc
547 2453 694 2477 carmen
735 2441 831 2476 siout
867 2440 966 2486 quod
1001 2439 1167 2484 sequitur
1208 2443 1249 2474 16
1287 2449 1436 2484 prorsus
1473 2437 1661 2473 rhetorum
1692 2448 1748 2472 ar-

228 2490 351 2535 gutias
382 2501 472 2536 prae
505 2500 543 2524 se
575 2489 665 2532 fert;
698 2489 742 2524 ef.
776 2487 931 2524 Lueiani
956 2487 1072 2532 Imag.
1099 2498 1129 2522 c.
1157 2490 1176 2521 ‘1
1203 2487 1242 2521 et
1265 2489 1298 2521 8.
1348 2485 1392 2520 V.
1418 2489 1439 2520 2
1465 2485 1513 2520 ab
1542 2485 1670 2530 inepto
1694 2485 1748 2519 in-

226 2537 455 2591 terpolatore
475 2536 630 2591 .³'d‘.ii¹.²¹¹⁸
654 2535 820 2581 videtur,
851 2547 885 2572 v.
911 2539 933 2570 4
959 2536 1045 2580 post
1069 2546 1102 2569 v.
1130 2537 1151 2568 5
1177 2533 1433 2578 collocandus,
1463 2533 1505 2567 ut
1536 2532 1605 2567 hoo
1638 2531 1752 2567 fuerit

227 2596 402 2620 carmlms
426 2595 669 2629 prmclplum:

716 2651 795 2700 ’Ἀγε
822 2651 1029 2699 ζωγράφων
1054 2651 1199 2697 ἄριστε,

718 2699 861 2746 Ῥοδιής
886 2702 1036 2757 κοίρανε
1063 2698 1212 2745 τέχνης,

725 2746 847 2794 γράφε
874 2761 942 2794 την
970 2746 1063 2793 ἐμην
1090 2743 1242 2792 ἑταίρην

726 2793 932 2839 ἄπεοῦσαν,
958 2792 1007 2835 ὦς
1032 2790 1082 2830 ἄν
1108 2795 1212 2829 εἴπω.

233 2890 271 2893 —
301 2870 344 2904 V.
373 2875 404 2905 3.
427 2866 571 2913 Ῥοδιής
596 2867 827 2913 Stephanus,
853 2867 932 2902 eod.
959 2863 1103 2912 ῥὀδέης.
1138 2885 1182 2890 -
1213 2865 1385 2909 κοίρανε,
1412 2864 1562 2908 Lennep
1594 2860 1750 2908 κοίρανε.
