1864 3126
749 120 1090 158 STESICHORUS.
1598 119 1682 162 231

144 232 331 285 Ἡσίοδος
368 233 431 286 δέ,
468 234 585 287 φασί,
625 232 691 274 καὶ
727 233 969 286 Στησίχορος
1007 233 1125 286 διχῶς
1161 228 1257 272 αὐτὸ
1295 227 1469 285 προάγει.
1526 228 1575 271 οὗ
1611 227 1685 283 γὰρ

152 297 280 355 μόνον
303 296 566 354 τρισυλλάβως
586 294 783 350 Ὀϊλεύς,
813 294 910 339 ἀλλὰ
941 296 1007 339 καὶ
1039 293 1285 351 δισυλλάβως
1305 293 1462 346 Ἰλεύς.
1500 299 1558 338 cf.
1579 298 1684 337 idem

155 367 280 418 1018,
306 368 374 407 58.

758 490 772 505 .
810 456 878 500 85.
912 456 1018 510 [96.]

269 550 398 591 Schol.
426 550 542 591 Hom.
561 549 608 589 Il.
629 564 660 601 φ
680 550 784 589 575:
810 544 925 589 Ἐπεί
945 562 1015 588 κεν
1039 542 1214 601 ὑλαγμὸν
1239 542 1410 602 ἀκούσῃ·
1437 543 1685 599 Ἀρίσταρχος

153 616 255 670 φησί
282 631 391 665 τινας
420 611 590 670 γράφειν
620 610 885 667 κυννλαγμόν.
939 609 1041 654 οὕτω
1073 611 1140 653 καὶ
1170 607 1411 664 Ζηνόδοτος·
1443 610 1510 652 καὶ
1540 612 1684 665 Στησί-

148 696 262 735 χορος
288 679 331 722 δὲ
356 680 484 723 ἔοικεν
512 677 637 729 οὕτως
662 676 948 734 ἀνεγνωκέναι,
980 676 1079 732 φησὶ
1109 678 1209 732 γοῦν
1240 673 1537 730 ἀπειρεσίοιο
1569 693 1682 718 κυν-

148 744 390 801 νλαγμοῖο.
438 748 552 788 Eust.
576 748 703 796 1251,
725 748 798 786 61:
830 740 1109 798 ἆπειρεσίου
1133 745 1453 797 κυνυλαγμοῦ.
1493 743 1683 784 Fortasse

147 808 403 869 ἆπειρεσίῳ
434 813 721 868 κυνυλαγμῷ
753 810 1025 860 scribendum,
1057 809 1163 862 quod
1194 809 1354 849 videtur
1385 811 1505 860 poeta
1536 810 1576 848 in
1605 809 1681 850 Ge-

148 877 335 930 ryoneide
361 878 520 918 dixisse.
565 878 685 929 Apud
704 877 925 917 Homerum
949 878 1087 916 autem
1111 870 1362 929 κυνυλαγμὸς
1388 875 1538 914 dudum
1569 889 1682 926 opor-

149 943 260 984 tebat
296 944 474 994 restitui,
510 944 589 984 nisi
627 943 881 996 gramatici
911 942 1040 982 nostri
1071 941 1246 993 optimas
1284 953 1462 992 quasque
1492 941 1682 988 lectiones

147 1009 353 1050 fastidiose
384 1012 627 1061 spernerent.

807 1112 877 1157 86.
894 1112 1018 1166 [91]

267 1207 379 1247 Eust.
407 1208 507 1255 524,
534 1208 608 1246 28:
641 1203 722 1247 Καὶ
751 1201 827 1259 γὰρ
858 1201 1118 1254 λεύκιππος
1149 1202 1296 1258 λέγεται
1327 1199 1433 1256 παρὰ
1452 1200 1680 1260 Στησιχόρῳ

144 1254 388 1321 ἕτειθετικῶς.
439 1272 498 1313 Cf.
530 1271 639 1324 Ibyc.
671 1272 720 1313 fr.
749 1273 802 1312 16
834 1285 871 1313 v.
900 1274 937 1313 1.

804 1387 873 1431 87.
906 1387 1012 1441 [85]

269 1480 463 1522 Choerob.
488 1482 507 1520 I
534 1482 588 1521 82
621 1475 766 1535 (Bekk.
791 1480 868 1521 An.
894 1479 956 1518 III
985 1473 1135 1531 1397):
1173 1473 1418 1525 Μεσόνυξ”
1451 1473 1680 1530 μεσόνυχος,

145 1542 201 1595 εἷς
230 1548 309 1586 τῶν
340 1542 436 1586 ἔπτὰ
466 1547 677 1598 πλανητῶν
701 1542 809 1599 παρὰ
833 1548 913 1593 τοῖς
938 1543 1233 1597 Πυθαγορείοις
1258 1539 1502 1596 ὀνομάζεται·
1535 1543 1678 1597 μέμνη-

142 1626 203 1652 ται
229 1611 480 1665 Στησίχορος.
525 1608 559 1651 si
589 1614 698 1651 reete
729 1623 772 1651 se
803 1611 927 1651 habet
956 1611 1100 1660 poetae
1130 1621 1294 1661 nomen,
1325 1621 1566 1660 quamquam
1594 1609 1679 1650 Ste-

143 1678 289 1718 sichori
319 1678 539 1718 auotoritas
573 1677 746 1717 fortasse
770 1679 932 1716 tantum
957 1675 1008 1714 ad
1033 1675 1166 1725 ipsum
1195 1674 1431 1714 vocabulum
1462 1675 1679 1714 testifican-

142 1743 237 1783 dum
274 1743 456 1783 adhibita
491 1743 580 1783 fuit.
643 1741 805 1792 Repetit
837 1740 1029 1781 Choerob.
1061 1741 1134 1779 83:
1173 1735 1385 1805 μεσόννυξ,
1423 1735 1677 1792 μεσόννυχος,

142 1803 198 1858 εἷς
227 1810 306 1849 τῶν
336 1810 558 1861 πλανητῶν.

728 1937 735 1944 -
803 1912 871 1956 88.
905 1911 1011 1965 [86.]
1272 1884 1275 1885 ’
1318 1930 1321 1932 -
1690 1922 1759 1955 995

262 2003 392 2044 Schol.
424 2003 557 2055 Apoll.
590 2005 716 2045 Rhod.
746 2005 804 2044 IV
833 2005 936 2045 973:
963 1980 1258 2056 Ὀρείχαλκος
1289 1997 1394 2050 εἶδος
1425 2003 1570 2054 χαλκοῦ
1596 2032 1604 2039 .
1632 2033 1640 2041 .
1667 2032 1676 2041 .

142 2065 382 2123 μνημονεύει
411 2067 477 2110 καὶ
508 2070 748 2123 Στησίχορος
777 2067 844 2110 καὶ
875 2068 1134 2122 Βακχυλίδης.

283 2159 294 2164 ’
800 2185 1010 2239 89.[88Ᾰ

260 2277 375 2318 Phot.
407 2278 507 2329 412,
539 2280 614 2318 21:
658 2275 901 2331 Πέποσχα,
937 2274 1127 2330 Δωριέων
1163 2273 1264 2324 τινὲς
1301 2271 1423 2329 τούτῳ
1455 2272 1674 2326 κέχρηνται,

142 2334 200 2383 ὧν
229 2340 296 2382 καὶ
325 2338 566 2396 Στησίχορός
595 2341 710 2383 ἐστιν.

799 2447 868 2490 90.
901 2447 1008 2500 [ΊΟ.]

259 2538 403 2579 Strabo
434 2538 535 2577 VIII
567 2539 672 2579 356:
721 2538 963 2591 Στησίχορον
1000 2535 1044 2579 δὲ
1080 2540 1213 2578 καλεῖν
1250 2532 1389 2577 πόλιν
1432 2532 1506 2587 τὴν
1542 2531 1674 2588 χώραν

141 2604 273 2644 Πίσαν
302 2601 538 2658 λεγομένην,
570 2598 623 2651 ὥς
654 2598 675 2644 ὁ
706 2598 871 2656 ποιητὴς
900 2599 973 2655 τὴν
1003 2601 1164 2655 Λέσβον
1195 2598 1395 2654 Μάκαρος
1426 2597 1553 2641 πόλιν.

798 2719 868 2762 91.
901 2718 1007 2772 [90.]

259 2810 389 2851 Sohol.
423 2811 549 2852 Arist.
581 2811 656 2851 Av.
692 2812 824 2851 1302:
864 2807 1097 2862 Πηνέλοψ
1134 2804 1253 2863 νήττῃ
1285 2806 1356 2860 μέν
1385 2806 1490 2848 ἐστιν
1519 2804 1672 2860 ὅμοιον,

141 2878 364 2929 περιστερᾶς
395 2874 439 2917 δὲ
470 2874 653 2931 μέγεθος·
693 2873 882 2928 μέμνηται
919 2872 962 2916 δὲ
993 2870 1116 2916 αὐτοῦ
1147 2873 1384 2927 Στησίχορος
1414 2872 1481 2914 καὶ
1500 2870 1671 2927 Ἴβυκος.
