1864 3126
559 170 779 209 mamm
806 148 1095 209 eorunm.
1502 169 1589 213 659

794 279 860 324 12.

140 358 298 415 ἻΙλιος
323 359 565 418 Ἀπόλλων,
598 359 622 406 ὁ
655 362 707 406 δέ
735 360 776 419 γ’
810 359 1035 406 Ἀπόλλων
1067 359 1202 419 ἥλιος.

794 483 859 525 13.

149 561 357 622 Ἀχαΐνην
389 564 568 617 στέατος
599 567 799 621 ἔμπλεων
830 565 1007 623 τράγον.

792 770 856 811 14.

154 854 293 908 Αρχει
324 849 406 907 μὲν
437 848 561 907 ἀγὼν
592 853 683 895 τῶν
714 854 962 895 καλλίστων

152 919 310 968 ἄθλων
340 925 518 980 ταμίας,
549 920 704 979 καιρὸς
735 921 784 967 δὲ
815 926 942 967 καλεῖ

153 993 306 1051 μηκέτι
337 995 526 1050 μέλλειν.

59 1134 169 1169 quem
201 1134 343 1160 morem
375 1123 538 1170 respexit
569 1123 758 1170 Aristoph.
784 1124 869 1159 Pac.
897 1127 983 1159 968:
1022 1119 1243 1169 εὐχώμεθα·
1281 1124 1336 1164 τίς
1372 1124 1482 1172 τῇὸε;
1520 1123 1594 1160 ποῦ

56 1168 165 1207 ποτ’
198 1169 270 1206 εἰσὶ
300 1170 429 1207 πολλοὶ
459 1167 641 1217 κάγαθοί.
696 1170 759 1207 ubi
798 1171 913 1207 schol.
949 1169 1190 1212 Σπένδοντες
1226 1169 1297 1216 γὰρ
1338 1170 1483 1219 ἔλεγον·
1523 1173 1596 1212 τίς

56 1218 181 1267 τῇδες
213 1214 298 1254 ἀντὶ
330 1219 397 1254 τοῦ
431 1220 486 1259 τίς
515 1215 707 1264 πάρεστιν,
740 1216 820 1255 εἶτα
848 1216 887 1255 οἱ
909 1215 1098 1264 παρόντες
1123 1216 1423 1265 εύφημιζόμενοι
1448 1218 1593 1265 ἔλεγον·

58 1266 221 1303 πολλοὶ
244 1263 300 1302 κά
339 1267 461 1302 αθοί.
505 1267 618 1303 τοῦτο
642 1265 687 1302 δὲ
714 1263 870 1303 ἐποίουν
896 1264 935 1302 οἷ
957 1265 1203 1312 σπένδοντες,
1229 1267 1293 1302 ἴνα
1318 1264 1358 1302 οἷ
1380 1265 1597 1308 συνειδότες

60 1327 97 1350 τι
123 1310 273 1355 ἑαυτοῖς
326 1327 442 1350 τοπον
470 1310 673 1360 ἑκχωροῖεν
699 1315 774 1350 τῶν
799 1314 985 1350 σπονδῶν.
1037 1314 1177 1350 Eadem
1203 1314 1401 1360 Appendix
1419 1313 1595 1351 Proverb.

59 1361 111 1398 IV
136 1365 183 1397 90
208 1361 272 1397 nbi
298 1361 407 1398 καλοὶ
443 1357 623 1407 κάγαθοί.
686 1362 843 1398 Peracta
880 1364 1006 1397 autem
1031 1361 1212 1398 libatione
1248 1362 1515 1407 precabantur,
1555 1364 1598 1398 ut

59 1409 174 1446 schol.
201 1408 312 1445 Arist.
339 1409 430 1444 Ran.
457 1412 526 1445 479
553 1409 678 1446 docet:
711 1405 734 1455 ἢ
760 1406 855 1454 πρὸς
880 1406 921 1445 τὸ
951 1406 992 1445 ἐν
1018 1413 1100 1450 ταῖς
1123 1410 1277 1450 θυσίαις
1310 1406 1594 1456 ἐπιλεγόμενον·

60 1453 220 1493 έπειδὰν
245 1453 317 1503 γὰρ
346 1454 740 1502 σπονδοποιήσωνται,
767 1454 1020 1502 ἐπιλέγουσιν·
1048 1454 1310 1513 ἐκκέχυται·
1337 1470 1370 1494 κ.
1397 1460 1437 1493 θ.

154 1503 213 1540 Fr.
241 1507 296 1540 12.
346 1503 525 1541 Heraclit.
558 1504 722 1550 Allegor.
748 1503 857 1540 Hom.
891 1516 920 1541 c.
949 1509 990 1540 6:
1028 1503 1093 1539 καὶ
1129 1517 1171 1540 το
1211 1505 1384 1550 δημῶὸες
1419 1501 1500 1540 ἄνω
1531 1504 1596 1540 καὶ

58 1548 160 1588 κάτω
197 1549 499 1597 θρυλλούμενον·
544 1547 670 1597 ἥλιος
706 1554 781 1588 κτλ.
844 1551 925 1588 Huc
961 1551 1098 1596 refero,
1136 1552 1237 1596 quod
1273 1551 1426 1588 Proelns
1465 1552 1594 1588 Theol.

60 1599 206 1636 Platon.
233 1597 283 1635 Vl
313 1602 356 1635 12
382 1598 454 1635 seri
483 1598 550 1635 sit:
577 1597 597 1635 ὁ
625 1595 753 1640 ’Ἤλιος
775 1596 954 1635 Ἀπόλλων
978 1596 1217 1646 ὑμνούμενος
1242 1601 1365 1645 χαίρει
1390 1597 1593 1645 διαφερόν-

57 1660 141 1693 τως,
166 1645 232 1683 καὶ
246 1643 428 1683 Ἀπόλλων
493 1649 572 1687 λιος
590 1643 912 1694 ἀνακαλούμενος,
937 1647 1073 1693 quibus
1094 1647 1246 1683 Lobeok
1265 1647 1466 1693 (Aglaoph.
1482 1648 1497 1683 1
1515 1648 1596 1693 111)

59 1693 308 1731 anacleticum
332 1694 443 1730 theur
471 1705 578 1730 orum
602 1694 784 1740 hymnum
809 1694 934 1732 notari
953 1694 1192 1739 existimavit,
1219 1706 1293 1731 non
1313 1696 1425 1730 reete.
1470 1695 1597 1731 Etiam

60 1742 184 1779 Schol.
209 1742 306 1778 Plat.
332 1741 424 1788 Rep.
529 1742 638 1778 509ss
664 1742 760 1779 Solis
797 1744 837 1779 et
859 1742 1044 1788 Apollinis
1073 1753 1208 1779 nomen
1241 1741 1448 1788 componit,
1481 1742 1597 1778 schol.

59 1789 252 1826 Demosth.
290 1789 380 1825 Mid.
419 1794 439 1825 9
476 1790 674 1835 praeterea
711 1789 899 1826 Bacchum
943 1789 1127 1836 adiungit.
1195 1790 1395 1827 Praeterea
1438 1789 1597 1826 latinum

59 1848 210 1874 carmen
235 1837 336 1883 apud
362 1837 512 1873 Festum
537 1848 574 1883 p.
601 1840 686 1873 318:
723 1842 765 1873 tu
788 1848 826 1874 ee
849 1838 996 1883 Apollo,
1022 1839 1079 1883 <tu
1103 1837 1167 1874 Sol
1190 1838 1233 1873 in
1258 1838 1352 1874 coelo
1376 1838 1490 1883 deus.)
1523 1849 1598 1874 non

58 1885 169 1921 decet
200 1884 511 1930 praetermittere.
540 1905 582 1910 —
613 1884 751 1921 Usener
780 1884 874 1922 Mus.
900 1885 1017 1922 Rhen.
1043 1885 1166 1921 XXIII
1191 1889 1261 1921 373
1293 1895 1439 1921 versum
1473 1896 1597 1931 segre-

61 1932 229 1978 gandum
253 1943 332 1967 esse
359 1933 494 1976 censet,
520 1932 659 1978 quippe
684 1931 748 1977 qui
773 1932 835 1968 vel
855 1932 1027 1979 Euripidi
1051 1933 1111 1969 vel
1138 1932 1356 1969 recentioris
1382 1934 1597 1969 comoediae

59 1981 194 2026 poetae
226 1978 278 2015 sit
309 1978 586 2023 attribuendus,
624 1981 665 2015 at
703 1980 886 2016 eiusmodi
927 1982 1191 2026 argumentum
1222 1991 1245 2016 a
1275 1991 1374 2016 nova
1405 1980 1599 2016 comoedia

62 2026 237 2070 alienum,
263 2037 384 2072 neque
409 2026 544 2073 tragici
569 2027 705 2073 poetae
730 2028 830 2063 huno
849 2039 997 2064 versum
1023 2036 1101 2063 esse
1127 2027 1254 2074 arguit
1278 2027 1435 2074 spondei
1454 2027 1597 2073 species

58 2073 147 2111 sede
166 2074 415 2120 paenultima:
441 2085 667 2120 quamquam
692 2075 849 2111 fortasse
869 2075 1076 2121 Aeschylus
1100 2075 1140 2111 in
1166 2075 1426 2111 Bassai-idibus
1447 2075 1598 2121 Orphea

59 2122 98 2159 in
129 2122 286 2158 eandem
316 2118 542 2158 sententiam
575 2121 830 2167 disputantem
868 2121 1032 2167 induxit,
1072 2117 1117 2158 ef.
1150 2123 1338 2159 Eratosth.
1365 2122 1506 2158 Catast.
1533 2126 1597 2158 24:

59 2167 126 2206 τὸν
140 2167 211 2216 μὲν
226 2166 415 2206 Διόνυσον
435 2165 506 2205 οὐκ
527 2166 646 2215 ἐτίμα,
672 2167 739 2205 τὸν
759 2168 802 2206 δὲ
820 2166 950 2206 Ἥλιον
970 2169 1146 2216 μέγιστον
1165 2171 1272 2206 θεῶν
1294 2167 1467 2215 ἐνόμιζεν
1487 2167 1598 2213 εἶναι,

61 2212 105 2253 ὃν
136 2216 203 2253 καὶ
234 2215 438 2253 Απόλλωνα
470 2214 793 2262 προσηγόρευσεν,
833 2214 1123 2263 ἐπεγειρόμενός
1156 2230 1196 2253 τε
1229 2218 1295 2263 τῆς
1331 2215 1468 2258 νυκτὸς
1498 2214 1595 2253 κατὰ

61 2260 130 2309 τὴν
158 2260 329 2309 ἑωθινὴν
354 2261 418 2300 ἐπὶ
443 2261 485 2299 τὸ
510 2261 598 2309 ὄρος
614 2261 667 2300 ’τὸ
690 2262 891 2310 Πάγγαιον
916 2263 1151 2310 καλούμενον
1178 2263 1383 2310 προσέμενε
1411 2262 1479 2305 τὰς
1503 2260 1593 2300 ἄνα-

65 2308 198 2351 τολᾶς,
222 2311 287 2346 ἴνα
312 2312 374 2358 ἴδῃ
400 2307 466 2346 τὸν
483 2306 613 2346 ’Ἦλιον
638 2311 800 2356 πρῶτον.

157 2357 216 2394 Fr.
245 2362 298 2393 13.
350 2357 485 2394 Athen.
511 2357 564 2392 111
591 2358 713 2394 109F=
750 2355 931 2404 Ἀχαΐνας·
964 2356 1099 2395 τούτου
1134 2359 1200 2394 τοῦ
1226 2356 1344 2404 ἄρτου
1369 2356 1599 2405 μνημονεύει

63 2406 194 2452 Σῆμος
220 2402 261 2441 ἐν
287 2402 412 2453 ὀγδόῳ
439 2402 627 2451 Δηλιάδος
651 2404 770 2452 λέγων
796 2411 878 2447 ταῖς
901 2403 1162 2452 θεσμοφόροις
1192 2407 1409 2452 γίγνεσθαι·
1450 2405 1522 2442 εἰσὶ
1554 2404 1596 2442 δὲ

62 2451 170 2511 ἄρτοι
201 2449 375 2511 μεγάλοι,
406 2452 470 2488 καὶ
504 2449 613 2498 ἕορτὴ
645 2456 815 2489 καλεῖται
846 2451 1111 2499 Μεγαλάρτια,
1144 2450 1394 2499 ἐπιλεγόντων
1426 2454 1500 2489 τῶν
1532 2467 1597 2498 φε-

63 2511 221 2545 ροντων·
247 2499 414 2546 Αχαΐνην
439 2498 614 2546 (ἀχαίνου
639 2500 684 2546 Β)
712 2513 765 2537 στ.
792 2499 963 2547 ἔμπλεων
989 2500 1056 2547 (sic
1082 2501 1160 2546 AD,
1187 2498 1334 2547 ἐμπλεῶ
1358 2500 1408 2544 Β,
1437 2500 1598 2546 ἔμπλεον

65 2549 143 2595 VL)
170 2546 319 2593 τράγον.
346 2548 443 2583 hano
467 2547 683 2593 imperativi
707 2549 866 2584 formam
885 2559 964 2584 esse
990 2559 1057 2594 pro
1078 2545 1146 2594 τρά
1173 2561 1190 2584 ε
1212 2548 1340 2585 docuit
1359 2547 1530 2584 Meineke
1550 2549 1598 2584 ad

63 2595 198 2633 Athen.
243 2594 484 2641 Syracusanis
509 2595 604 2631 hane
629 2596 787 2631 formam
812 2595 981 2632 vindieat
1007 2595 1150 2632 Choero
1201 2607 1302 2640 sous,
1335 2595 1408 2632 vid.
1435 2595 1597 2633 indicem

64 2655 100 2680 v.
125 2640 235 2679 εἶπον
260 2644 299 2679 et
323 2639 591 2687 Συρακούσιοι.
1123 2662 1127 2666 -

158 2690 218 2727 Fr.
260 2694 313 2727 14.
355 2694 410 2726 15.
451 2693 494 2725 16
537 2688 718 2735 reliquiae
756 2691 844 2726 sunt
879 2689 1106 2734 cantilenae,
1143 2702 1218 2736 qua
1254 2700 1390 2736 praeeo
1427 2691 1465 2726 in
1504 2690 1600 2727 ludis

65 2738 250 2784 gymnicis
269 2738 455 2773 utebatur.
498 2735 714 2783 Disputavit
733 2737 779 2773 de
798 2737 870 2773 hae
889 2737 1078 2774 cantilena
1095 2736 1240 2783 Haupt:
1267 2738 1310 2774 de
1330 2738 1422 2783 pede
1446 2749 1471 2774 α
1490 2749 1598 2783 prae-

67 2785 219 2821 coraibus
242 2786 394 2821 recitato
419 2784 459 2820 in
478 2783 597 2820 Instit.
619 2783 790 2831 Archeol.
811 2796 932 2821 unove
951 2784 1130 2820 Memorio
1150 2784 1248 2831 Lips.
1274 2788 1365 2821 1865
1385 2797 1422 2831 p.
1442 2788 1510 2821 209
1522 2796 1598 2831 seq.

160 2832 219 2868 Fr.
248 2837 302 2868 14.
343 2832 470 2868 Iulian.
492 2830 638 2868 Caesar.
658 2843 693 2877 p.
715 2835 800 2867 818:
826 2831 902 2868 Καὶ
928 2829 948 2868 ὁ
976 2829 1158 2878 Σειληνὸς
1182 2831 1341 2877 δηχθεὶς
1366 2829 1510 2868 ἐσιώπα
1535 2833 1600 2869 καὶ

66 2883 144 2921 τοῖς
168 2876 460 2926 ἀγωνιζομένοις
486 2876 528 2915 ἐκ
562 2875 697 2915 τούτου
731 2877 796 2915 τὸν
828 2879 922 2916 νοῦν
952 2884 1168 2926 προσεῖχεν·
1203 2877 1340 2926 Ἑρμῆς
1370 2877 1413 2916 δὲ
1446 2876 1598 2926 ἐκήρυτ-

66 2938 147 2963 τεν·
177 2923 323 2973 Ἀρχει
348 2926 430 2973 μὲν
454 2924 576 2973 ἄγων
601 2923 621 2962 ὁ
649 2926 735 2962 τῶν
762 2953 769 2962 .
798 2954 805 2962 .
834 2953 842 2961 .
869 2925 1063 2973 μέλλειν.
1114 2937 1341 2974 quamquam
1368 2925 1535 2965 lulianus
1559 2928 1598 2964 in

1241 2986 1314 3023 42*
