1864 3126
0 2933 15 2953 ὲ

0 2959 31 2994 ς.

806 161 1005 199 SAPPHO.
1614 160 1670 203 89

141 283 185 317 10
210 269 368 316 αὔτικα
399 272 490 329 χρῷ
522 272 612 327 πῦρ
644 261 1033 326 ὐπαὸεδρόμοῖκεν,

211 332 453 388 ὀππάτεσοι
484 340 526 386 δ’
562 339 698 386 οὐδὲν
730 339 882 398 ὄρημ’,
913 340 1117 399 ἐπιρρόμ-

423 415 538 469 βεισι
571 410 612 456 δ’
648 410 820 457 ἅκουαι.

210 483 239 530 ἆ
272 483 321 530 δὲ
352 486 522 542 μίδρως
552 483 800 542 κακχέεται,
831 483 996 542 τρόμος
1028 485 1077 530 δὲ

138 637 236 677 κατὰ
262 637 332 686 μὲν
363 639 534 685 γλῶσσαν
567 635 665 684 ἕαγ’,
703 636 752 674 ἄν
784 638 826 675 δὲ
860 637 1014 683 λεπτὸν,
1047 639 1110 675 ubi
1142 641 1222 677 cod.
1250 641 1332 676 Par.
1366 655 1397 676 κ.
1431 654 1466 686 μ.
1499 641 1669 686 γλῶσσαν

138 691 255 734 γελοπ
282 716 289 724 .
317 716 324 723 .
352 715 360 723 .
395 686 464 722 Pro
490 684 577 732 μὲν,
611 686 783 732 quamvis
808 688 958 723 tueatur
983 687 1099 732 Plut.,
1125 687 1254 724 malim
1289 701 1391 733 μευ,
1451 700 1520 724 uae
1551 689 1671 724 forma

138 747 214 772 non
239 736 295 771 est
320 734 463 771 Lesbiis
488 733 749 777 abiudicauda,
774 734 874 780 apud
901 735 1056 771 Theocr.
1084 736 1162 771 σεῦ
1182 735 1331 780 legitur.
1361 758 1401 762 —
1451 748 1532 781 αγε,
1552 736 1672 771 Cobet

139 783 274 819 Mnem.
301 783 346 819 N.
376 783 388 817 1
416 786 484 817 362
511 779 685 827 πέπαγε
713 782 878 828 corrigit,
904 794 947 818 ac
968 782 1126 828 simplex
1146 783 1299 820 verbum
1319 785 1463 829 aptum,
1489 784 1552 819 sed
1571 780 1668 819 κατὰ

137 830 174 868 h.
200 830 224 866 l.
252 829 422 866 additum
448 828 683 866 coniecturae
717 829 947 866 adversatur.
1000 830 1157 866 Tradita
1188 830 1259 866 scri
1288 832 1389 875 tura,
1428 843 1524 876 quae
1555 830 1669 866 etiam

137 877 177 914 in
208 876 422 923 corruptela.
452 887 511 922 ap.
543 876 640 914 Plut.
673 877 985 923 deprehenditur,
1018 889 1093 914 uon
1123 879 1181 914 est
1212 878 1268 914 sol
1286 877 1467 921 icitanda,
1506 877 1667 923 κατέαγε

135 925 283 971 γλῶσσα
310 926 368 961 est
397 924 517 960 fracta
541 925 581 960 et
605 923 805 961 debilitata
829 923 974 970 lingua,
1007 927 1051 961 ut
1074 926 1239 971 torpeat,
1272 926 1370 970 quod
1395 926 1492 961 alius
1524 926 1670 971 γλῶσσα

137 971 291 1009 δέδεται
324 972 402 1008 sive
432 971 554 1021 ναρκᾷ
588 971 662 1007 dici
695 973 800 1008 solet.
850 972 985 1009 Hiatus
1018 973 1262 1020 asperitatem
1295 972 1488 1009 sustuleris
1516 973 1669 1008 Aeolica

136 1019 314 1056 restituta
339 1019 479 1064 littera,
503 1030 626 1065 neque
651 1020 778 1056 tamen
803 1019 924 1067 ,Ρέαγε
951 1021 1052 1067 quod
1071 1020 1259 1067 plerisque
1278 1021 1433 1067 placuit,
1460 1021 1525 1056 sed
1544 1020 1670 1066 potius

137 1066 290 1114 fifoeys
317 1067 564 1110 scribendum,
590 1068 690 1113 quod
716 1067 831 1113 etiam
858 1068 984 1105 Christ
1008 1068 1175 1114 requirit.
1227 1069 1334 1112 Quod
1360 1069 1555 1114 praeterea
1580 1067 1668 1103 olim

137 1113 314 1162 proposui
343 1111 479 1160 γλῶσσ’
513 1111 648 1160 ἑῦαγε,
681 1116 861 1159 retracto,
899 1116 1203 1162 quandoquidem
1241 1115 1420 1152 diaeresis
1457 1115 1670 1161 exemplum

137 1162 238 1210 apud
261 1162 415 1199 Lesbios
440 1163 574 1208 poetas
598 1174 672 1198 non
698 1164 811 1199 extat.
857 1163 954 1200 Sane
979 1164 1018 1200 in
1045 1164 1167 1200 medio
1189 1164 1372 1200 vocabulo
1397 1162 1531 1199 melius
1557 1173 1669 1209 quam

135 1210 175 1246 in
209 1210 373 1257 primore
406 1211 574 1245 servatur
612 1209 742 1247 littera
771 1211 943 1257 Aeolica,
974 1213 1018 1247 ut
1049 1209 1223 1248 εὖάλωκα
1261 1213 1299 1247 et
1334 1207 1529 1247 εὖὲθωκεν
1564 1210 1670 1246 testi-

134 1258 310 1302 ficantur,
340 1258 454 1303 atque
485 1256 542 1293 ita
572 1258 672 1304 apud
703 1258 854 1294 Hesiod.
888 1260 954 1305 Op.
982 1263 1052 1295 534
1084 1253 1166 1296 οὔτ’
1195 1256 1258 1295 ἐπὶ
1283 1255 1383 1295 νῶτ’
1412 1255 1553 1304 εὔαγε
1582 1257 1671 1303 (nisi

134 1306 251 1341 νῶτα
286 1302 436 1350 fe'fays
481 1304 607 1348 malis)
645 1317 719 1341 non
755 1306 858 1341 νῶτα
898 1305 986 1352 ἔαγε
1026 1307 1280 1343 scribendum:
1319 1305 1504 1342 diaeresin
1541 1307 1667 1342 autem

134 1354 288 1390 tuentur
319 1349 444 1398 ἀϋτμή
477 1355 516 1389 et
547 1349 706 1399 α’ὕτμήν.
739 1373 784 1380 -
819 1354 859 1390 V.
889 1358 943 1390 10.
976 1356 1051 1403 χρῷ
1084 1354 1215 1400 scripsi
1247 1356 1359 1400 atque
1391 1354 1446 1390 ita
1477 1354 1557 1389 cod.
1585 1353 1667 1388 Par.

135 1399 246 1444 Plut.,
270 1400 467 1446 legebatur
492 1400 579 1446 χρῶ,
605 1401 750 1437 Ahrens
773 1401 884 1459 χοῶν.
921 1423 963 1428 -
998 1400 1316 1448 ὑπαδεδρόμακεν
1342 1402 1442 1446 Par.,
1474 1400 1559 1436 vat.
1587 1404 1620 1436 2.
1647 1404 1668 1435 3

134 1448 243 1485 Laut.
269 1445 595 1494 ὑπεδεδρόμακεν,
622 1447 738 1494 vulgo
763 1450 942 1495 υποδεὸρ,
978 1471 1019 1476 -
1052 1450 1096 1486 V.
1126 1453 1180 1485 11.
1207 1446 1418 1486 ὀπποὶτεσσι
1447 1449 1522 1491 (vel
1547 1444 1669 1484 ὁπποί-

134 1497 274 1541 τεσσιν)
298 1495 398 1540 libri,
423 1495 631 1531 Robortelli
658 1492 898 1542 ὄμμοὶτεσσιν.
927 1517 973 1523 -
1004 1494 1131 1543 ὄρημ’,
1159 1494 1427 1545 ἔπιρρὸμβεισι,
1453 1495 1482 1531 P
1507 1492 1599 1541 ὁρηῖ
1617 1493 1667 1541 μὴ

136 1539 387 1591 ἐπιρόμβεῖσι,
412 1541 497 1578 Vat.
525 1547 557 1579 2.
585 1547 605 1578 3
632 1539 746 1589 ὁρῆμ’
773 1540 917 1590 (ορῆμ’)
944 1541 967 1590 ἡ
994 1542 1240 1590 ἐπιρομβεῖσι,
1266 1545 1375 1580 Laur.
1404 1540 1515 1589 ορῆμ’
1543 1541 1566 1588 ἡ
1589 1539 1668 1579 ἐπι-

135 1586 320 1638 ρόμβεισι,
346 1590 409 1625 vul
438 1601 460 1626 ο
486 1587 764 1648 ἐπιςρομβεῦσι,
790 1592 982 1627 Manutius
1009 1588 1135 1638 ὅρημι·
1165 1592 1368 1640 βομβεῦσιν
1395 1588 1433 1627 δ’
1460 1589 1580 1626 ἀκοαί
1594 1603 1669 1636 μοι.

135 1635 218 1683 Ego
238 1637 381 1674 conieci
428 1638 716 1684 πιβρομεισι,
742 1638 870 1674 Heller
889 1636 1168 1685 ἐπιρροίσδεισι.
1189 1660 1234 1666 —-
1254 1639 1298 1676 V.
1314 1643 1367 1676 12.
1387 1636 1527 1674 ἄκοναι
1546 1639 1668 1682 Laut„

133 1684 252 1721 PVat.
277 1689 311 1720 2.
337 1688 359 1720 3
393 1682 524 1721 ἄκουε.
564 1706 606 1711 --
646 1686 690 1722 V.
725 1690 779 1721 13.
812 1682 836 1721 ἀ
870 1685 913 1722 δὲ
945 1688 1085 1733 μίδρως
1116 1685 1318 1733 κακχέεται
1349 1686 1508 1722 scribere
1541 1685 1669 1730 malui,

135 1743 248 1777 quam
281 1727 306 1768 ἆ
338 1730 380 1768 δὲ
412 1731 556 1778 ,Ρίδρως
581 1746 631 1778 κ.,
663 1733 827 1770 litteram
854 1737 897 1780 ᾗ,
929 1747 1042 1780 quam
1067 1735 1246 1771 librorum
1274 1736 1313 1770 et
1338 1732 1668 1780 grammaticorum

133 1790 334 1816 consensus
358 1780 497 1824 tuetur,
521 1791 596 1817 non
621 1791 732 1816 ausus
757 1781 967 1818 immutare.
1006 1782 1110 1818 Alias
1141 1793 1290 1829 quoque
1309 1787 1335 1827 μ
1353 1782 1502 1818 litterae
1520 1779 1552 1817 f
1569 1781 1668 1816 vica-

134 1827 192 1863 ria
210 1828 279 1872 est,
304 1827 409 1864 velut
427 1825 627 1874 μοξλευρον,
653 1839 728 1874 quo
754 1829 912 1865 Alcaeus
936 1830 1067 1875 utitur,
1095 1829 1232 1876 arguit,
1257 1830 1306 1866 ad
1332 1828 1491 1865 eundem
1516 1828 1668 1864 modum

128 1870 282 1911 tal-iant
314 1874 466 1911 nomina
497 1878 614 1917 Βίτως
645 1877 684 1911 et
714 1877 852 1922 Μίτος,
895 1879 1086 1923 Βελιστίχη
1121 1878 1351 1923 (Βελεστίχη)
1383 1877 1422 1912 et
1453 1876 1669 1921 Μελιστίχη,

133 1923 176 1957 ut
206 1933 364 1968 quorum
397 1922 502 1969 origo
534 1922 691 1960 obscura
721 1925 778 1960 est
811 1924 916 1961 velut
947 1924 1178 1971 μονθυηεύω
1211 1927 1248 1961 et
1275 1920 1475 1961 ὀνθυλεύω
1502 1924 1669 1970 praeter-

134 1969 295 2006 mittam.
339 1969 496 2007 Veteres
521 1971 671 2016 quidem
696 1972 934 2018 grammatici
954 1973 1146 2009 Aeolicam
1166 1973 1263 2009 hanc
1282 1973 1439 2009 formam
1460 1982 1534 2007 non
1554 1982 1668 2016 agno-

131 2020 251 2062 scunt,
276 2028 363 2054 nam
388 2029 472 2054 cum
498 2019 610 2063 ἴδοως
634 2029 678 2054 ex
704 2019 776 2055 hoc
800 2019 883 2066 ipso
909 2019 992 2056 loco
1019 2021 1226 2066 proferant,
1258 2031 1322 2056 eos
1346 2019 1585 2055 manifestum
1612 2020 1670 2054 est

132 2060 158 2100 οἳ
184 2063 228 2100 δέ
254 2060 294 2111 μ’
323 2065 436 2111 ἴδρως
460 2064 662 2112 κακχέεται
685 2066 841 2112 legisse,
868 2067 972 2103 verbi
1003 2069 1191 2104 structura
1214 2067 1325 2114 plane
1357 2066 1509 2109 vitiosa,
1542 2067 1668 2110 itaque

133 2123 208 2147 non
233 2112 404 2148 dubitavi
429 2113 490 2148 vel
513 2114 627 2150 nullis
658 2114 890 2158 auctoribus,
916 2115 979 2151 sed
1005 2115 1143 2152 rationi
1170 2116 1328 2151 confisus
1354 2115 1493 2159 μίδρως
1518 2125 1666 2148 novare.

132 2159 345 2206 Legebatm·
368 2161 444 2196 καδ
468 2157 506 2196 δ’
534 2158 646 2206 ἱδρώς
670 2158 816 2208 ’ψυχρὸς
840 2161 978 2208 χέεται,
1003 2162 1088 2198 Vat.
1115 2167 1136 2198 2
1171 2160 1213 2199 ἐκ
1246 2164 1289 2199 δε
1315 2159 1356 2207 μ’
1384 2159 1497 2205 ΐδρῶς
1522 2157 1666 2206 ψυχρὸς

133 2204 365 2252 κα,κχέεται,
396 2207 482 2244 Vat.
507 2212 528 2244 3
565 2207 678 2245 ἔκαδε
712 2206 753 2255 μ’
788 2207 902 2255 [donis
932 2218 972 2254 ψ.
1007 2223 1059 2255 κ.,
1091 2210 1173 2246 Par.
1206 2207 1320 2246 ἐκαδε
1355 2205 1395 2255 μ’
1429 2208 1606 2254 ἵδρῶςκψ.
1634 2222 1666 2244 ²¹·

134 2253 297 2300 Spengel
327 2254 425 2290 vidit
447 2253 593 2301 ψυχρὸς
618 2256 816 2293 delendum
843 2268 935 2301 esse,
967 2258 1064 2294 unde
1091 2256 1351 2293 Schneidewin
1383 2255 1544 2292 coniecit
1575 2251 1666 2291 κᾶν-

133 2297 227 2347 step)
261 2299 375 2347 ῑδρῶς
405 2301 479 2343 (vel
518 2299 641 2358 ἔκηδε
671 2302 830 2359 Ὲίδρφς)
869 2303 1088 2351 κακχέεται,
1124 2305 1311 2359 liet-mann
1344 2305 1419 2339 καδ
1449 2301 1490 2339 δὲ
1523 2302 1668 2348 fidenae

135 2347 1517 2445 ’1‘3‘3‘32'1‘32‘2‘2-S{3355¹2¹«ss9'ffc232’3533i'3333252glimo'zssi'f‘z322
1542 2350 1667 2433 Ῑκιῖῗῗὲ

136 2439 354 2479 ἀκόλουθον
386 2445 542 2493 θηλυκῷ
573 2443 693 2490 γένει·
722 2442 864 2492 'aidau’
898 2445 1038 2493 ἱδρώς
1067 2444 1210 2488 κακὸς
1243 2445 1417 2492 κέεται,
1450 2442 1583 2491 ὅμοιον
1616 2445 1666 2480 τῶ

136 2486 229 2544 ἦρός·
255 2488 351 2526 εἷται
375 2487 399 2537 ἡ
425 2489 556 2538 γενικὴ
584 2490 706 2537 ἰδρῶς.
745 2491 851 2529 Adde
876 2494 1000 2531 Schol.
1027 2495 1134 2531 Hom.
1156 2494 1196 2530 11.
1217 2507 1238 2539 χ
1258 2498 1290 2529 2.
1323 2493 1433 2539 Resp.
1455 2493 1547 2529 haec
1567 2482 1665 2527 Plut.

136 2539 202 2575 vlt.
230 2537 390 2576 Demetr.
417 2550 447 2574 c.
475 2543 539 2574 38:
571 2539 647 2585 Τῆς
671 2538 714 2576 δὲ
735 2541 990 2588 Στρατονίκης
1014 2542 1079 2577 καὶ
1105 2536 1198 2577 καθ’
1230 2537 1369 2577 ἕαυτ“ν
1395 2540 1455 2576 καὶ
1485 2537 1577 2587 μετὰ
1599 2540 1665 2575 τοῦ

136 2581 329 2621 Σελεύκου
355 2583 544 2632 φοιτώσης
568 2583 746 2628 πολλάκις
771 2584 915 2633 ἐγίνετο
947 2586 993 2624 τὰ
1019 2590 1085 2633 τῆς
1109 2590 1299 2634 Σαπφοῦς
1352 2592 1461 2624 κεῖνα
1486 2587 1572 2631 περὶ
1597 2583 1663 2622 αὖ·

137 2628 204 2667 τὸν
223 2629 366 2668 πάντα·
393 2635 523 2679 φωνῆς
543 2631 742 2679 ἐπίσχεσις,
768 2631 943 2682 ἐρύθημα
962 2637 1146 2681 πυρῶδες,
1172 2633 1301 2681 ὄψεων
1321 2633 1534 2678 ὑποδείξεις
1554 2633 1665 2680 (Toll.

138 2679 233 2716 coni.
259 2676 504 2726 ὑπολείψεις),
530 2679 686 2727 ΐὸρῶτες
711 2677 820 2727 ὀξεῖς,
845 2679 982 2727 ἀταξία
1013 2682 1078 2718 καὶ
1102 2681 1270 2742 θόρυβος
1303 2680 1344 2718 ἐν
1369 2687 1446 2723 τοῖς
1470 2685 1667 2727 σφυγμοῖς,

137 2724 241 2783 τέλος
270 2725 314 2763 δὲ
341 2727 406 2782 τῆς
435 2729 561 2775 ψυχῆς
591 2727 687 2764 κατὰ
720 2727 856 2774 κράτος
892 2727 1118 2777 ἡττωμένης,
1149 2731 1290 2774 απορία
1322 2730 1386 2765 καὶ
1416 2727 1568 2778 θάμβος
1602 2728 1667 2765 καὶ

137 2775 323 2819 ωχρίασις.
371 2776 463 2811 rtem
495 2776 542 2812 de
574 2776 726 2822 profect.
759 2775 797 2812 in
828 2777 956 2814 virtut.
983 2788 1014 2814 c.
1043 2780 1103 2812 10:
1135 2775 1181 2813 τὰ
1214 2774 1400 2822 Σαπφικὰ
1432 2775 1541 2812 ταυτὶ
1571 2789 1665 2821 παρ-

139 2818 281 2866 έπεται,
307 2819 419 2858 κατὰ
440 2822 521 2868 μὲν
541 2820 698 2869 γλῶσσ’
727 2820 822 2869 ἔαγ’
850 2820 904 2859 ἂν
930 2822 978 2860 δὲ
1004 2826 1035 2860 λ.
1055 2820 1122 2860 αὖ.
1148 2825 1235 2870 χρῶ
1261 2825 1349 2870 πῦρ
1375 2820 1664 2870 ὑποδέδρομε

139 2869 205 2903 καὶ
230 2868 269 2914 (1.
295 2865 599 2916 ὑποδεδρὸμηκε)
624 2867 750 2915 α’θόρυ
778 2883 822 2906 ον
847 2869 890 2907 δὲ
917 2868 1009 2915 ὄψιν
1028 2871 1093 2907 καὶ
1111 2873 1234 2922 πρᾷον
1254 2868 1370 2918 ὄμμα,
1396 2869 1665 2925 φθεγγομένου

141 2908 179 2950 δ’
205 2911 368 2952 ἀκοῦσαι
392 2916 614 2963 ποθήσειας.
660 2918 723 2965 qui
764 2930 851 2955 ocus
881 2918 921 2955 in
946 2918 1065 2955 Cram.
1087 2920 1154 2956 An.
1174 2919 1257 2956 Par.
1278 2920 1294 2955 1
1315 2923 1384 2956 399
1409 2919 1464 2955 sic
1488 2919 1659 2965 scriptus:
