1864 3126
89 146 93 148 ¹
176 134 264 176 232
519 185 520 188 Ἴ
741 132 935 168 POETAE
960 131 1139 168 nemci.

905 241 975 283 92.

299 328 429 367 Cram.
455 327 528 366 An.
556 326 626 366 Ox.
653 327 672 365 I
695 329 791 375 192,
814 329 856 365 1:
881 321 925 365 Ὁ
949 328 1048 379 γοῦν
1066 325 1305 379 Στησίχορος
1336 324 1434 377 φησὶ
1464 321 1703 377 ποταύδη,

179 388 201 432 ὃ
233 391 332 445 λέγει
363 387 384 432 ὁ
416 387 581 443 ποιητὴς
611 388 828 443 προσηύδα.

838 494 1045 547 93.[82]

300 581 412 620 Eust.
449 582 544 631 772,
577 581 620 619 3:
659 575 714 618 ‘H
741 576 784 618 δὲ
814 578 1003 631 παροιμία
1033 575 1124 628 τοὺς
1155 575 1383 632 φθονεροὺς
1413 578 1480 620 καὶ
1509 576 1707 633 ψογεροὺς

181 648 372 697 τελχῖνας,
413 641 465 693 ὡς
503 643 545 684 ἐκ
574 646 653 684 τῶν
684 643 917 697 εἰρημένων,
949 647 1074 684 καλεῖ·
1120 645 1357 697 Στησίχορος
1388 643 1450 696 δέ,
1487 645 1603 696 φασί,
1639 641 1709 694 τὰς

182 713 305 762 κῆρας
335 708 400 750 καὶ
430 706 498 758 τὰς
530 706 734 758 σκοτώσεις
772 712 987 761 τελχῖνας
1023 706 1322 762 προσηγόρευσε.
1385 710 1494 757 Quae
1525 711 1708 750 Eustath.

185 776 253 815 illo
284 776 370 815 loco
403 776 560 825 copiose
585 776 632 814 de
660 775 915 814 Telchinibus
942 775 1121 826 exponit,
1153 788 1200 814 ex
1220 765 1488 826 Aristophane
1514 775 1707 826 Byzantio

186 842 228 880 et
253 840 441 880 Suetonio
473 841 601 891 petita
632 842 743 889 sunt,
775 841 822 881 cf.
849 840 982 879 Miller
1008 842 1115 880 Misc.
1137 842 1236 890 417,
1267 840 1336 878 ubi
1361 830 1433 890 pro
1458 839 1710 892 Παρμενίδης

186 901 223 944 δ’
259 903 301 944 ἐκ
331 906 409 945 τῶν
435 901 670 953 Ἀκταίωνος
700 907 835 944 κυνῶν
865 903 1050 958 γενέσθαι
1087 902 1476 957 μεταμορφωθέντων
1505 901 1583 945 ὑπὸ
1614 901 1711 954 Διὸς

186 970 241 1018 εἰς
272 966 533 1023 ἀνθρώπους,
563 983 644 1010 non
669 983 758 1009 cum
783 971 960 1010 Nauckio
976 967 1247 1022 Ἐπιμενίδης,
1278 965 1593 1023 εοᾶἈρμενίδας
1619 970 1709 1010 scri-

186 1036 378 1082 bendum,
422 1035 755 1086 quemadmodum
795 1036 900 1085 apud
937 1036 1124 1075 Photium
1164 1037 1204 1074 et
1243 1034 1406 1074 Suidam
1436 1049 1472 1074 v.
1503 1031 1712 1087 Μακάρων

187 1102 302 1153 νῆσοι
333 1101 472 1140 eadem
502 1101 707 1141 nominum
737 1101 977 1151 permutatio
1010 1101 1330 1151 deprehenditur.

772 1260 776 1264 .
845 1204 914 1248 94
947 1204 1051 1258 [89.]

309 1290 436 1330 Schol.
457 1290 569 1329 Pind.
591 1289 650 1329 Ol.
671 1289 726 1328 IX
749 1291 851 1329 128·
884 1286 1047 1342 Χάρμα,
1079 1290 1155 1329 νῦν
1185 1285 1269 1329 ἀντι
1299 1291 1369 1330 τοῦ
1400 1285 1510 1342 χαρά.
1541 1286 1716 1341 ’Ὄμηρος

192 1353 235 1395 δὲ
267 1353 330 1395 ἐπὶ
359 1357 427 1407 τῆς
459 1365 598 1407 μαχης·
633 1354 674 1394 οἵ
702 1351 744 1394 δὲ
775 1352 863 1407 περὶ
883 1351 1046 1407 Ἴβυκον
1070 1370 1135 1394 και
1158 1355 1400 1408 Στησίχορον
1431 1351 1614 1407 χάρμην
1643 1351 1716 1407 τὴν

191 1419 441 1472 ἕπιδορατίὸα
472 1420 605 1470 φασίν.

849 1512 1085 1564 95.[81]

310 1598 423 1638 Eust.
457 1598 528 1638 Od.
560 1611 596 1648 p.
632 1599 764 1649 1441,
801 1595 871 1638 16:
920 1596 1159 1650 Στησίχορὸς
1197 1596 1259 1649 δέ,
1298 1593 1719 1651 ὗπερθυμέστατον

193 1659 394 1716 ἀνδρῶν.

312 1828 506 1867 Paeanem
526 1829 741 1868 Stesichori
767 1830 1049 1868 commemorat
1067 1827 1212 1867 Athen.
1228 1829 1284 1867 VI
1305 1829 1391 1869 250
1405 1829 1450 1868 B.
1483 1830 1544 1869 De
1562 1830 1719 1879 Hymno

195 1896 238 1934 in
256 1894 491 1938 Minervam,
518 1905 636 1943 quem
661 1893 842 1931 nonnulli
862 1892 1089 1931 Stesichoro
1108 1893 1306 1944 tribuunt,
1331 1894 1409 1933 vid.
1430 1894 1481 1938 ad
1499 1895 1719 1946 Lamprocl.

196 1961 243 1998 fr.
275 1961 311 1997 1.
362 1958 563 1997 Minervae
595 1958 755 2008 quidem
786 1959 941 1997 natales
973 1961 1092 2008 poeta
1121 1958 1281 1997 videtur
1310 1958 1352 1997 in
1383 1959 1555 1998 carmine
1586 1960 1720 2009 aliquo

196 2022 477 2079 celebravisse,
507 2023 585 2062 vid.
612 2023 660 2062 fr.
683 2024 735 2062 62
773 2018 843 2076 (ad
874 2023 980 2061 idem
1011 2035 1169 2061 carmen
1199 2023 1328 2072 possis
1361 2023 1481 2062 etiam
1512 2024 1558 2062 fr.
1582 2026 1637 2063 60
1662 2038 1722 2064 re-

196 2083 338 2141 ferre),
381 2090 623 2138 quapropter
661 2088 830 2127 fortasse
874 2087 1055 2126 nonnulli
1093 2087 1213 2126 etiam
1255 2088 1357 2126 illud
1395 2101 1570 2137 carmen,
1614 2090 1719 2139 quod

197 2152 442 2203 Lamproclis
468 2165 612 2192 nomen
630 2166 727 2203 prae
753 2166 794 2192 se
819 2153 987 2202 ferebat,
1010 2151 1236 2192 Stesichoro
1254 2153 1566 2193 vindicavelunt.
1590 2175 1640 2180 —
1663 2154 1721 2194 De

198 2219 351 2268 Eleqiis
388 2218 662 2269 similibusque
698 2218 955 2267 carminibus,
999 2229 1100 2268 quae
1139 2217 1364 2257 Stesichoro
1406 2218 1639 2258 tribuuntur
1680 2219 1722 2258 in

201 2283 380 2334 epistolis
407 2283 652 2323 Phalarideis
675 2286 728 2322 19
745 2296 863 2334 seqq.,
893 2282 993 2321 nihil
1024 2282 1185 2333 addam,
1201 2277 1305 2322 'cum
1337 2284 1468 2323 omnia
1498 2284 1595 2322 haec
1620 2296 1723 2322 com-

200 2348 388 2387 menticia
419 2361 507 2388 esse
539 2349 636 2388 satis
668 2350 833 2388 constet.
863 2368 914 2375 —
949 2348 1082 2386 Miller
1107 2348 1214 2387 Misc.
1239 2350 1323 2388 283
1351 2344 1437 2388 οἷον
1461 2343 1585 2398 λύσω,
1615 2347 1722 2387 λυσί-

118 2430 120 2432 ’
201 2413 344 2463 ζωνος,
382 2413 610 2463 λυσίπονος,
641 2413 880 2466 Στησίχορος
915 2413 1199 2464 grammaticus
1235 2426 1315 2453 non
1350 2414 1479 2453 utitur
1509 2412 1724 2452 Stesichori

202 2477 442 2517 auctoritate
485 2479 535 2516 ad
574 2479 856 2518 illustrandum
895 2478 1132 2518 vocabulum
1174 2477 1385 2525 λυσίπονος
1427 2472 1550 2530 (quod
1592 2476 1725 2526 potuit

203 2554 297 2582 sane
319 2541 570 2582 Stesichorus
595 2543 804 2595 adhibere,
836 2542 1166 2594 quemadmodum
1190 2556 1286 2582 usus
1312 2545 1374 2582 est
1391 2537 1623 2592 Pindarus),
1655 2541 1724 2580 sed

202 2620 347 2647 nomen
359 2600 605 2660 Στησιχόρου
625 2610 765 2648 eodem
784 2609 899 2649 modo
919 2609 1056 2648 fictum
1075 2621 1163 2647 esse
1181 2608 1317 2657 tradit,
1336 2620 1412 2658 quo
1431 2606 1652 2653 λυσίπονος.
1665 2627 1721 2633 -

205 2673 423 2713 Stesichori
447 2685 592 2712 nomen
618 2674 776 2724 saepius
803 2686 850 2713 ex
875 2687 1009 2714 errore
1034 2676 1177 2722 ortum,
1201 2673 1326 2713 veluti
1350 2673 1390 2711 in
1409 2671 1589 2721 Append.
1608 2671 1722 2710 Phot.

208 2739 304 2787 676,
327 2740 350 2777 7
379 2738 566 2778 scribitur
585 2738 823 2791 Στησίχορος
851 2751 925 2788 pro
946 2733 1179 2790 Φιλόχορος,
1211 2739 1252 2777 et
1274 2737 1317 2776 in
1339 2737 1403 2776 Et.
1424 2736 1475 2774 Μ.
1497 2737 1594 2784 465,
1615 2737 1670 2775 33
1688 2735 1726 2773 V

207 2803 312 2840 male
342 2802 579 2855 Στησίχορος
609 2801 652 2842 ἐν
682 2805 735 2859 τῷ
764 2801 852 2855 περὶ
881 2804 1039 2843 τελετῶν
1078 2816 1150 2854 pro
1182 2801 1479 2853 Στησίμβροτος.
1542 2800 1619 2839 Sed
1649 2801 1726 2839 for-

207 2869 314 2906 tasse
341 2867 437 2906 alibi
463 2867 679 2908 Stesichori
709 2869 841 2919 potius
872 2881 1014 2908 nomen
1046 2868 1339 2916 oblitteratum,
1371 2865 1483 2906 velut
1506 2878 1568 2916 ap.
1596 2865 1726 2905 Schol.
