1864 3126
201 94 289 136 290
703 69 705 72 ’
761 92 955 130 ΡΟΕΤΑΕ
981 93 1157 131 mmmm.

198 206 356 253 Crimen,-
388 219 459 244 nec
491 207 621 245 minus
654 209 838 256 suspecta
869 209 962 246 sunt
991 207 1146 257 priora,
1183 209 1302 257 atque
1339 207 1570 247 universum
1607 209 1718 248 seho-

196 272 278 310 lion
307 272 502 311 librorum
532 272 770 311 auctoritate
801 271 1051 313 destitutum.

830 388 1093 441 134.[109]

317 473 440 512 Orion
473 476 510 522 3,
547 475 617 512 11:
648 468 833 525 Ἀβρός,
870 470 891 513 ὁ
922 469 1086 524 κούφως
1115 474 1286 526 βαίνων,
1317 470 1413 513 κατὰ
1445 472 1622 526 στέρησιν
1650 476 1720 514 τοῦ

196 531 363 590 βάρους·
396 535 521 586 οὕτως
551 537 594 577 ἐν
624 534 874 590 ὑπομνήματι
900 534 1176 591 Ἀνακρέοντος
1206 531 1334 591 εὗρον.

844 654 938 697 135.
973 655 1077 708 [96.]

328 739 499 791 Hesyeh.
512 755 520 778 z
564 742 604 778 A
610 739 626 779 ι’
631 743 662 778 θ
670 755 683 779 ι
691 735 714 779 ό
719 754 749 779 π
757 755 782 778 α
789 755 802 778 ι
811 739 834 779 δ
841 755 867 778 α
875 749 884 758 ·
927 736 995 780 τὸν
1038 736 1248 780 Διόνυσον.
1311 736 1542 792 Ἀνακρέων.
1610 733 1720 780 ι’ἱλλοι

199 800 269 844 τὸν
307 800 437 855 οἶνον,
468 801 590 863 ἄλλοι,
607 799 647 844 w*
657 820 681 844 ν
702 801 894 856 Ἄρτεμιν.
955 805 1049 844 Cod.
1081 805 1291 853 Αἰθιοπεῖς
1321 805 1455 845 παῖδα.
1518 806 1721 856 Corrigas:
1749 806 1849 854 1041-

202 872 241 907 Α
250 869 265 908 ι’
271 873 302 908 θ
310 885 330 909 ο
338 885 367 909 π
375 870 392 909 ί
395 885 420 921 η
431 886 449 917 ς
479 885 509 909 π
517 886 542 909 α
550 870 597 909 ῖδ
603 885 640 910 α.
701 870 889 921 Hartung
919 870 1087 911 αἰθίοπα
1117 872 1181 911 vel
1212 871 1364 911 αἴθοπα
1393 871 1528 912 παῖδα.

831 986 926 1029 136.
959 986 1094 1039 [125]

315 1072 379 1109 Et.
412 1072 464 1112 M.
492 1073 589 1123 514,
617 1073 689 1111 28:
720 1068 892 1123 Κινάκη,
924 1068 945 1111 ὁ
971 1067 1162 1124 ἀκινάκης
1187 1069 1351 1124 κινάκης
1375 1069 1482 1124 παρὰ
1507 1076 1722 1123 Σοφοκλεῖ·

197 1130 239 1174 τὸ
272 1132 343 1187 μὲν
380 1132 454 1189 γὰρ
491 1133 808 1190 Ἀνακρεόντειον
847 1135 963 1189 χωρὶς
998 1139 1067 1177 τοῦ
1104 1138 1198 1177 ἰῶτα
1234 1134 1424 1191 γράφεται
1459 1138 1525 1178 καὶ
1561 1137 1721 1192 γέγονεν

196 1198 381 1251 ἕκθλιψις
411 1199 479 1242 τοῦ
511 1202 619 1253 ἰῶτα,
650 1201 715 1241 καὶ
745 1199 879 1254 κράσει
908 1204 978 1242 τοῦ
1004 1217 1063 1241 ωα
1092 1199 1348 1257 τῶκινάκῃ,
1381 1200 1507 1256 ὥσπερ
1534 1197 1564 1243 ὦ
1585 1200 1722 1244 Ἀπολ-

197 1268 267 1305 λον
287 1263 497 1308 Ὦπολλον.
559 1269 747 1307 Fortasse
779 1269 884 1319 quod
914 1268 1062 1307 ibidem
1093 1268 1243 1318 legitur
1274 1265 1361 1308 σὺν
1390 1269 1475 1323 τῇδ
1482 1283 1500 1308 ε
1529 1265 1722 1321 τήστρα-

195 1333 256 1385 a?
289 1330 372 1386 (vel
402 1335 448 1386 τῇ
479 1329 646 1388 στραπῇ)
678 1334 775 1374 item
806 1334 1067 1373 Anacreontis
1099 1336 1171 1373 esta.

780 1437 782 1439 ’
830 1456 1095 1509 137.[llO]

316 1541 440 1582 Bekk.
473 1542 548 1581 An.
579 1541 599 1580 I
632 1541 730 1590 373,
763 1543 836 1580 28:
868 1537 1192 1580 Ἀκταινῶσαι’
1232 1536 1320 1580 άντὶ
1361 1543 1430 1581 τοῦ
1466 1537 1628 1592 ’ὑψῶσαι
1657 1539 1723 1581 καὶ

197 1602 332 1658 ἐξᾶραι
362 1604 429 1645 καὶ
454 1606 694 1658 μετεωρίσαι·
727 1606 933 1658 πεποίηται
959 1603 1002 1645 δὲ
1027 1603 1166 1654 οὕτως·
1200 1605 1277 1645 ἔστι
1303 1603 1482 1658 δένδρον,
1506 1602 1529 1646 ὃ
1553 1609 1722 1646 καλεῖται

197 1666 309 1722 ἀκτή,
341 1666 413 1722 ἀφ’
449 1664 498 1711 οὗ
527 1667 574 1710 τὰ
605 1667 767 1712 ἀκόντια
797 1669 986 1723 τέμνεται·
1018 1668 1143 1719 οὕτως
1170 1665 1402 1724 Ἀνακρέων.

849 1799 1081 1852 138.[97]

290 1884 379 1924 Et.
410 1884 462 1923 Μ.
497 1886 594 1936 703,
628 1887 700 1924 28:
726 1881 878 1938 Ῥῆγος,
909 1881 950 1924 τὸ
981 1886 1218 1936 πορφυροῦν
1248 1881 1512 1937 περιβόλαιον.
1545 1916 1552 1924 .
1584 1913 1593 1923 .
1625 1915 1633 1924 .
1664 1881 1722 1924 ὅτι

199 1945 243 1987 δὲ
272 1948 402 2002 ρ”αγεῖς
434 1947 567 2002 ἔλεγον
597 1945 688 1996 τοὺς
718 1949 861 2001 βαφεῖς
890 1947 955 1987 καὶ
987 1947 1098 2001 ῥ’έγος
1128 1945 1170 1988 τὸ
1196 1945 1331 2000 βάμμα
1356 1946 1479 1999 σαφὲς
1500 1943 1722 2000 Ἀνακρέων

195 2016 316 2052 ποιεῖ·
353 2009 706 2066 Ἁλιπόρφυρον
750 2011 895 2065 ῥέγος.
956 2013 1110 2052 Similia
1147 2014 1210 2052 Et.
1250 2013 1350 2052 Gud.
1389 2015 1496 2062 492,
1539 2015 1590 2052 18
1633 2009 1721 2067 (ubi

195 2077 315 2132 ᾆῆγος
345 2076 551 2131 scribitur)
583 2082 624 2118 et
655 2079 793 2118 Zonar.
828 2080 953 2118 1608.

827 2205 1090 2258 139.[111]

314 2292 507 2343 Hesyeh.:
530 2289 720 2344 ’Ἀμιθα“
758 2290 899 2344 ἔδεσμα
938 2287 1055 2330 ποιὸν
1091 2290 1156 2331 καὶ
1194 2287 1366 2343 ἄρτυμα,
1407 2287 1460 2340 ὦς
1486 2287 1718 2345 Ἀνακρέων.

195 2357 411 2408 Exspeetes
451 2352 608 2410 Ἀμίθη.
658 2357 705 2396 cf.
742 2356 796 2397 ib.
838 2356 1019 2409 Σαμίθη·
1061 2353 1224 2410 ῥόφημά
1265 2372 1319 2407 τι,
1363 2353 1415 2404 ὦς
1457 2358 1654 2406 Γλαυκίας
1696 2354 1718 2398 ὅ

195 2419 333 2474 ἰατρός.
397 2422 545 2463 Contra
577 2422 758 2463 Schmidt
787 2424 907 2472 putat
937 2418 1064 2474 ἅμιθα
1097 2423 1359 2473 depravatum
1399 2435 1486 2462 esse
1517 2436 1564 2462 ex
1593 2419 1718 2475 ἅμμα-

194 2484 395 2539 μηθάὸης,
426 2490 530 2539 quod
562 2489 666 2528 idem
698 2488 792 2527 Hes.
821 2487 1112 2538 interpretatur
1148 2483 1306 2540 ἥδυσμά
1345 2502 1379 2526 τι
1411 2484 1620 2527 σκευαστὸν
1651 2484 1718 2528 διὰ

195 2554 322 2603 κρεῶν
353 2551 407 2599 εἰς
438 2548 556 2605 μικρὰ
587 2549 836 2604 κεκομμένων
868 2548 920 2591 δι’
955 2548 1196 2605 ἀρτυμάτων.

914 2680 1007 2722 140.

314 2765 428 2804 Eust.
455 2763 527 2803 Od.
557 2766 681 2814 1538,
709 2765 782 2804 50:
800 2760 926 2804 “Οθεν
956 2758 1190 2817 άνήλατός
1220 2776 1317 2816 φησι
1340 2760 1449 2816 παρὰ
1469 2760 1715 2817 Ἀνακρέοντι

194 2823 215 2867 ὁ
247 2824 431 2880 ἆπειθής,
462 2821 542 2868 άπὸ
572 2824 807 2883 ὑποζυγίων.
