1864 3126
779 165 1056 204 SIMONIDES.
1597 167 1682 210 431

149 278 326 330 equestri
357 278 545 319 cecidisse
582 279 833 320 testificatur.
895 279 1155 328 Plutarchus,
1192 279 1261 331 qui
1298 279 1341 318 in
1378 279 1463 319 vita
1494 279 1685 319 Aristidis

148 357 181 385 ο.
215 346 268 384 19
312 356 523 384 numerum
566 345 617 384 ab
662 345 864 385 Herodoto
908 346 965 384 IX
1003 347 1057 386 69
1102 344 1307 396 proditum
1344 347 1557 395 memorat,
1598 345 1685 384 iure

148 409 247 450 haec
287 409 417 450 addit:
460 406 695 461 θαυμαστὸν
737 402 812 450 οὖν
846 406 888 450 τὸ
920 405 1161 462 Ἡροδότου,
1199 412 1284 458 πῶς
1327 406 1477 462 μόνους
1523 406 1686 458 τούτους

148 474 273 527 φησίν
303 472 344 522 ἐς
383 478 512 527 χεῖρας
548 473 681 515 ἐλθεῖν
717 479 798 524 τοῖς
837 474 1055 527 πολεμίοις,
1102 476 1180 515 τῶν
1229 471 1267 514 δ’
1318 471 1448 515 ἄλλων
1483 470 1686 527 Ἑλλήνων

148 537 316 592 μηδένα·
348 538 413 580 καὶ
444 533 521 594 γὰρ
557 534 600 581 τὸ
641 541 802 593 πλῆθος
837 542 917 580 τῶν
952 536 1154 580 πεσόντων
1185 544 1376 593 μαρτυρεῖ
1400 539 1468 581 καὶ
1504 535 1551 581 τὰ
1589 537 1686 593 μνή-

148 600 297 659 ματα*)
338 599 477 646 κοινὸν
515 603 700 659 γενέσθαι
739 601 782 646 τὸ
821 599 1080 658 κατόρθωμα·
1125 604 1191 645 καὶ
1233 602 1302 646 τὸν
1341 602 1479 659 βωμὸν
1520 602 1594 647 οὐκ
1633 601 1686 646 ἂν

147 667 377 724 ἐπέγραψαν
417 667 561 721 οὕτως,
601 671 637 711 εἰ
677 667 794 723 μόναι
836 674 936 724 τρεῖς
972 667 1104 719 πόλεις
1143 667 1409 724 ἠγωνίσαντο,
1446 674 1525 712 τῶν
1556 669 1686 712 ἄλλων

148 730 295 787 ἀτρέμα
333 733 621 787 καθεζομένων.
682 736 854 776 Prorsus
886 738 991 776 enim
1023 737 1256 777 incredibile
1294 737 1343 777 de
1384 727 1444 777 tot
1482 738 1685 789 tantisque

149 800 345 839 sociorum
377 801 500 852 copiis
531 814 660 853 neque
690 802 891 853 prioribus
922 791 1084 853 proeliis
1117 815 1247 853 neque
1281 804 1322 842 in
1347 803 1433 853 ipso
1460 803 1686 844 discrimine

149 865 251 904 ullos
282 866 517 907 interemtos
549 880 648 908 esse.
710 867 904 908 Civitates
935 869 1097 918 praeter
1128 868 1189 908 fas
1222 881 1294 908 suo
1327 869 1476 908 honore
1507 869 1684 920 orbatae,

148 942 238 970 cum
275 931 325 970 de
356 931 511 972 iniuriis
545 935 897 984 conquererentur,
930 935 1072 983 postea
1107 934 1426 984 impetraverunt
1460 935 1607 973 tumuli
1644 938 1686 974 et

148 995 269 1046 elogii
313 996 473 1046 decora,
513 1011 558 1038 ac
594 998 767 1039 fortasse
809 998 932 1038 etiam
973 998 1128 1050 indigni
1171 999 1284 1039 velut
1326 999 1414 1038 Elei
1457 1002 1499 1039 et
1544 1000 1685 1039 Manti-

146 1073 290 1101 nenses
320 1062 362 1100 in
392 1062 553 1103 honoris
586 1066 816 1104 societatem
846 1067 1125 1114 pervenerunt.

267 1126 344 1173 Qui
373 1128 493 1177 primi
525 1130 827 1180 epigrammatis
859 1130 1062 1170 clarorum
1086 1132 1297 1180 poetarum
1323 1131 1560 1181 colligendis
1591 1143 1683 1182 ope-

146 1203 231 1230 ram
263 1190 469 1244 dederunt,
501 1206 620 1245 saepe
651 1195 718 1234 vel
747 1195 944 1234 incertam
975 1195 1105 1235 secuti
1132 1196 1413 1246 coniecturam,
1430 1197 1504 1242 ‚vel
1529 1199 1683 1247 mysta-

147 1269 342 1307 gogorum
376 1260 592 1300 memoriae
624 1262 744 1301 nimis
775 1262 913 1302 faciles
947 1274 1064 1301 aures
1089 1261 1328 1311 praebentes
1354 1262 1484 1301 aliena
1508 1264 1686 1302 carmina

148 1322 479 1373 interseruerunt,
510 1338 638 1376 neque
670 1330 806 1367 tamen
838 1327 1147 1367 existimandum
1178 1340 1245 1366 eos
1276 1341 1348 1378 per
1373 1329 1505 1366 omnia
1530 1341 1686 1368 summa

151 1387 318 1427 levitate
347 1388 422 1428 hoc
451 1402 617 1430 munere
647 1392 806 1432 functos
839 1405 940 1433 esse.
1002 1393 1094 1432 Non
1125 1392 1351 1442 defuerunt,
1389 1394 1457 1443 qui
1497 1394 1686 1444 religiose

148 1456 358 1504 poetarum
387 1455 549 1495 nomina
579 1456 890 1509 investigarent,
927 1458 969 1496 id
1000 1458 1106 1508 quod
1137 1457 1254 1497 docet
1285 1458 1532 1509 epigramma
1563 1459 1686 1497 Ther-

148 1519 321 1570 mopylis
353 1519 394 1558 in
426 1520 734 1572 Thespiensium
765 1524 921 1563 tumulo
953 1523 1191 1573 inscriptum
1223 1518 1321 1576 (vid.
1349 1535 1470 1573 supra
1500 1537 1538 1574 p.
1565 1519 1684 1577 428).

150 1585 289 1635 Neque
321 1584 524 1625 Simonidi.
545 1587 619 1627 hoc
658 1588 832 1639 elogium
870 1588 1187 1639 adscripserunt,
1226 1590 1332 1639 quod
1369 1589 1544 1640 proclive
1585 1592 1684 1638 erat,

146 1662 275 1701 neque
314 1650 548 1701 Thespiensi
592 1653 711 1692 alicui
747 1656 904 1704 poetae,
941 1654 1210 1705 gratificaturi
1246 1654 1456 1694 ambitioni
1495 1655 1684 1706 civitatis,

147 1729 266 1767 quam
303 1715 390 1755 iure
427 1718 720 1770 μουσοφίλητον
752 1719 926 1759 Corinna
965 1719 1085 1770 dixit,
1124 1718 1194 1758 sed
1232 1719 1406 1758 Philiadi
1443 1719 1684 1773 Megarensi,

147 1780 297 1820 homini
327 1782 537 1832 peregrino
568 1796 698 1835 neque
729 1785 899 1824 nominis
926 1784 1154 1824 claritatem
1178 1785 1339 1836 adepto,
1365 1786 1437 1825 hos
1462 1786 1683 1826 versiculos

147 1845 416 1894 vindicarunt,
455 1847 574 1897 plane
606 1851 652 1888 ut
683 1852 897 1899 appareat,
934 1862 1014 1889 non
1043 1849 1200 1890 levibus
1232 1851 1524 1901 suspicionibus
1555 1851 1684 1891 indul-

148 1910 268 1961 sisse,
307 1911 376 1950 sed
420 1911 654 1953 idoneorum
691 1915 858 1954 testium
898 1914 1180 1954 auctoritatem
1221 1919 1380 1956 secutos
1418 1929 1517 1957 esse.
1578 1917 1685 1956 Nam

148 1977 332 2026 quamvis
364 1976 588 2018 Simonides
619 1979 831 2030 praecipue
864 1980 1029 2031 egregia
1060 1980 1132 2019 illa
1162 1981 1338 2021 facinora
1368 1982 1578 2032 praeconio
1610 1995 1682 2021 suo

148 2041 429 2092 illustraverit,
461 2044 596 2083 tamen
626 2041 696 2083 alii
727 2057 883 2095 quoque
914 2046 1149 2085 memoriam
1173 2046 1283 2086 illius
1309 2047 1458 2087 saeculi
1484 2047 1682 2098 epigram-

149 2107 268 2146 matis
314 2112 657 2159 propagaverunt,
700 2109 779 2149 vid.
810 2109 976 2149 Aristid.
1014 2110 1065 2148 ΙΙ·
1096 2113 1178 2151 209
1218 2107 1313 2151 ὥστε
1360 2116 1441 2160 τοῖς
1482 2109 1684 2163 προτέροις

149 2169 276 2224 ἔργοις
307 2170 634 2226 ἐκπεπληγμένων
670 2176 748 2214 τῶν
785 2176 961 2226 ποιητῶν
1003 2179 1084 2223 τοῖς
1116 2171 1171 2215 ὅτ’
1209 2172 1388 2231 εἰσῄεσαν
1418 2177 1460 2217 οἷ
1489 2172 1683 2229 βάρβαροι

149 2239 395 2287 πραχθεῖσιν,
425 2233 531 2289 ὅμως
559 2254 617 2287 τις
647 2235 821 2292 ὕμνησεν
852 2236 984 2280 αὐτῶν
1014 2241 1069 2289 εἰς
1099 2243 1218 2281 ταῦτα
1247 2237 1497 2295 ῧστερον.**)

900 2357 941 2399 2.

270 2437 329 2476 De
375 2437 586 2477 Simonidis
631 2440 932 2491 epigrammatis
976 2442 1134 2493 largam
1178 2443 1427 2494 disceptandi
1470 2445 1682 2484 materiam

151 2502 350 2553 praebent
382 2503 646 2554 quaestiones,
678 2518 777 2555 quas
808 2505 1023 2558 Iunghahn
1054 2507 1180 2547 edidit
1203 2507 1333 2547 Berol.
1362 2509 1474 2548 1869
1508 2511 1550 2547 et
1579 2522 1682 2559 quae

246 2680 279 2726 *)
304 2680 549 2718 Monumenta
580 2682 674 2719 dicit
703 2683 742 2719 in
774 2683 945 2730 tumulis,
971 2696 1064 2731 quos
1088 2685 1217 2723 inanes
1242 2687 1354 2723 fuisse
1380 2689 1510 2725 auctor
1534 2689 1591 2726 est
1609 2689 1682 2727 He·

151 2727 319 2775 rodotus,
343 2729 479 2775 posita,
505 2741 600 2775 quae
625 2730 817 2767 Plutarchi
843 2733 966 2769 aetate
985 2733 1100 2769 etiam
1118 2734 1209 2770 tunc
1228 2733 1376 2782 integra
1394 2738 1544 2772 servata
1563 2739 1679 2775 erant.

248 2822 301 2868 **)
329 2822 543 2860 Cavendum
574 2826 631 2861 est
660 2835 707 2860 ne
740 2827 924 2871 quotquot
954 2827 1226 2873 epigrammata
1256 2830 1336 2865 eius
1366 2830 1501 2867 aetatis
1532 2833 1681 2870 servata

151 2870 256 2913 sunt,
293 2870 358 2905 uni
394 2870 575 2908 Simonidi
613 2873 863 2918 vindicentur;
898 2875 1002 2910 velut
1031 2875 1216 2911 distichon
1242 2888 1299 2923 ap.
1326 2876 1505 2935 Harpocr.
1530 2891 1566 2925 p.
1595 2885 1680 2917 160:

151 2912 357 2963 ἀρξάμενοι
382 2919 521 2964 πρῶτοι
546 2921 718 2966 τειχίζειν
744 2917 848 2956 τόνδ’
876 2918 1076 2968 ἀνέθηκαν
1110 2924 1250 2970 Βουλῆς
1274 2925 1339 2960 καὶ
1371 2927 1494 2972 δημου
1519 2929 1682 2974 δογμασι
