1864 3126
247 136 335 178 442
531 133 532 137 ’
810 136 1000 173 ΡΟΕΤΑΕ
1028 138 1205 175 MELICI.

243 249 477 288 Simonideis
515 249 697 287 versibus
739 251 923 298 utuntur,
962 248 1182 303 ἐπίγραμμα
1218 251 1282 290 vel
1325 249 1492 303 ἐλεγεῖον
1530 251 1683 301 dicunt,
1721 253 1767 292 ut

242 314 404 364 quaevis
443 315 526 353 fere
558 314 706 365 pagina
742 315 1009 354 adnotationis
1047 315 1194 366 arguit.
1256 315 1496 355 Simonidem
1533 317 1766 356 nominatim

245 379 451 428 appellant
483 379 567 418 eius
599 380 899 429 epigrammatis
939 380 1002 418 usi
1033 379 1260 419 Herodotus
1299 382 1340 418 et
1372 381 1609 420 Aristoteles
1645 384 1766 432 atque

242 455 377 481 omnes
421 443 618 493 deinceps.
691 444 961 483 Theodoridas
1008 445 1230 483 Mnasalcae
1274 446 1450 495 aequalis
1494 448 1635 496 poetae
1683 447 1763 497 epi-

241 511 467 557 grammata
498 509 571 547 sub
604 522 770 548 examen
801 523 944 549 vocans
970 511 1067 549 vitio
1099 510 1157 548 illi
1182 511 1316 559 vertit,
1347 512 1451 561 quod
1482 512 1678 561 presserit
1708 511 1764 549 Si-

242 573 412 612 monidis
443 574 615 624 vestigia
645 574 797 624 potius,
834 587 951 624 quam
990 578 1129 626 suapte
1161 578 1304 614 natura
1341 577 1493 624 valeat,
1531 576 1609 615 vid.
1641 576 1764 616 Anth.

241 638 281 676 Ρ.
313 638 411 676 XIII
445 641 518 677 21:

584 706 846 758 Μνασάλκεος
876 706 912 750 τί
951 713 1054 762 σᾶμα
1085 712 1136 750 τῶ
1167 711 1386 750 Πλαταιίδα
1457 706 1463 711 ’

694 778 746 815 τῶ
773 771 1033 828 ’λεγῃοπονῶ·

583 836 608 880 ἆ
640 843 774 880 Μῶσα
806 837 842 879 δ’
879 837 982 880 αὐτῶ
1013 842 1081 888 τᾶς
1112 841 1317 893 Σιμωνίδα
1350 837 1508 890 σπάθας

694 899 743 958 ἧς
774 901 1124 959 ἆποσποὶραγμα.*)

238 1014 440 1063 Meleager
498 1012 755 1061 Gadarensis,
813 1014 881 1063 qui
927 1014 1179 1064 antiquorum
1230 1014 1762 1065 epigrammatographorum

239 1079 414 1117 carmina
445 1079 674 1127 anthologio
706 1079 894 1130 inseruit,
926 1081 1086 1128 praeter
1117 1081 1268 1118 ceteros
1299 1080 1542 1119 Simonidem
1572 1079 1766 1127 adhibuit,

238 1143 279 1182 in
315 1145 500 1193 prologo,
549 1143 618 1181 ubi
654 1144 815 1182 honoris
853 1157 947 1194 ergo
988 1143 1176 1182 mulieres
1215 1144 1392 1195 Sappho,
1435 1144 1584 1194 Anyte,
1629 1145 1763 1184 Moero

237 1208 365 1258 primo
403 1210 488 1247 loco
527 1212 800 1257 recensentur,
844 1210 1030 1254 continuo
1075 1222 1163 1248 cum
1201 1210 1468 1260 Melanippide
1501 1209 1604 1248 Ceus
1646 1211 1766 1259 poeta

239 1274 496 1323 subsequitur
505 1289 512 1312 :

583 1343 650 1384 καὶ
680 1340 772 1384 νεὸν
803 1341 998 1396 οἰνάνθης
1028 1346 1156 1397 κλῆμα
1186 1345 1439 1397 Σιμωνίδεωί

239 1452 418 1501 Denique
449 1453 706 1491 manifestum
746 1454 824 1501 est,
857 1454 940 1490 tam
973 1464 1037 1491 eos
1070 1454 1227 1503 poetas,
1265 1453 1333 1503 qui
1369 1453 1557 1503 proximis
1597 1453 1764 1492 saeculis

238 1517 478 1565 floruerunt,
517 1530 637 1567 quam
675 1531 759 1566 eos,
805 1517 874 1567 qui
916 1519 1008 1567 post
1048 1517 1264 1556 Alexandri
1301 1518 1437 1568 Magni
1479 1520 1647 1557 mortem
1692 1518 1765 1556 hoc

239 1582 370 1632 poesis
391 1594 517 1632 genus
537 1584 854 1632 illustraverunt,
874 1582 1045 1632 Anyten,
1072 1582 1328 1634 Mnasalcam,
1349 1582 1646 1631 Callimachum,
1665 1583 1764 1622 alios

239 1661 521 1698 saepenumero
570 1649 666 1687 haec
715 1649 802 1698 ipsa
857 1660 958 1697 quae
1001 1647 1187 1685 feruntur
1231 1647 1443 1687 Simonidis
1481 1648 1639 1687 nomine
1685 1648 1763 1698 epi-

239 1717 463 1763 grammata
494 1714 671 1753 imitatos
703 1709 877 1765 esse.**)
930 1712 1043 1752 Adde
1068 1713 1162 1765 huc,
1194 1714 1298 1764 quod
1323 1726 1412 1752 cum
1443 1714 1664 1764 poetarum,
1697 1713 1764 1763 qui

238 1782 330 1818 ante
372 1779 614 1818 Simonidem
657 1780 722 1819 vel
765 1782 856 1829 post
901 1793 1024 1830 usque
1069 1779 1119 1818 ad
1159 1778 1516 1818 Alexandrinorum
1560 1778 1764 1817 saeculum

238 1845 432 1894 scripsere
452 1845 753 1895 epigrammata,
780 1848 920 1884 tenues
941 1845 1145 1895 reliquiae,
1170 1845 1406 1894 plerumque
1432 1844 1589 1894 singula
1606 1845 1764 1883 tantum

237 1910 436 1960 poematia
467 1913 620 1961 extent,
662 1911 777 1949 unius
812 1911 1025 1950 Simonidis
1057 1911 1215 1949 nomine
1251 1910 1470 1960 nonaginta
1500 1909 1584 1947 fere
1614 1908 1764 1948 tradita

239 1978 348 2024 sunt,
381 1978 426 2013 ut
451 1987 498 2013 ea
522 1975 859 2026 praetermittam,
891 1988 992 2026 quae
1018 1975 1230 2014 manifesto
1257 1986 1391 2012 errore
1417 1973 1508 2012 huic
1535 1976 1627 2012 sunt
1651 1973 1763 2012 attri-

236 2041 347 2079 buta.
403 2040 639 2079 Planissime
670 2040 794 2090 igitur
825 2041 991 2090 apparet
1021 2040 1219 2090 insignem
1244 2039 1414 2077 maxime
1437 2038 1561 2077 fuisse
1593 2039 1762 2088 poetam,

332 2225 367 2271 ³¹²)
394 2225 533 2270 Scripsi
558 2221 725 2270 σπάθας,
751 2225 830 2260 cod.
853 2225 933 2260 Pal.
954 2222 1116 2270 πλάθας,
1142 2223 1266 2270 vulgo,
1293 2234 1337 2259 ex
1358 2220 1530 2258 Salmasii
1548 2222 1592 2256 ut
1615 2220 1763 2257 videtur

242 2273 486 2317 correctione,
520 2269 672 2312 πλάτας.
726 2272 980 2308 Theodoridas
1012 2274 1099 2318 apte
1133 2270 1333 2307 Simonidis
1365 2271 1483 2305 artem
1515 2268 1554 2304 in
1584 2268 1643 2304 his
1673 2279 1761 2314 poe-

240 2320 351 2356 matis
378 2320 601 2356 collocatam
627 2330 712 2355 cum
737 2319 893 2355 textoris
920 2330 1033 2365 opera
1058 2318 1260 2365 componit.

312 2415 366 2458 **)
394 2414 465 2458 Qui
491 2414 720 2450 Simonidem
744 2414 789 2449 de
809 2415 948 2450 honore
968 2414 1114 2458 deiecit,
1140 2414 1238 2449 certe
1258 2412 1420 2448 debebat
1439 2422 1626 2456 quaerere,
1651 2422 1761 2456 quem

240 2463 279 2498 in
305 2462 383 2498 eius
408 2463 530 2498 locum
558 2461 815 2497 substitueret:
849 2473 936 2497 nam
962 2461 1164 2497 Simonidis
1199 2459 1346 2496 saeculo
1379 2460 1527 2495 constat
1550 2458 1620 2493 hoc
1645 2468 1761 2504 genus

240 2511 364 2555 poesis
390 2509 554 2556 primum
580 2509 681 2544 laeta
707 2508 847 2554 cepisse
873 2509 1117 2544 incrementa:
1144 2509 1192 2543 ab
1216 2507 1373 2552 antiqua
1391 2505 1490 2542 enim
1509 2504 1759 2550 simplicitate,

239 2569 351 2602 quam
378 2556 566 2602 germanis
594 2555 795 2591 Simonidis
822 2555 1004 2601 poematis
1030 2555 1196 2591 vindicat
1227 2553 1372 2598 Kaibel,
1402 2552 1602 2598 plurimum
1627 2551 1760 2587 abhor-

238 2607 319 2640 rent
339 2606 484 2650 poetae,
506 2603 571 2649 qui
590 2605 675 2648 post
695 2603 895 2639 Simonidis
915 2603 1115 2640 discessum
1135 2602 1173 2638 in
1187 2600 1354 2637 Siciliam
1374 2599 1536 2635 Cimonis
1557 2610 1614 2635 res
1633 2599 1760 2644 gestas

237 2651 404 2687 versibus
440 2651 723 2694 decoraverunt,
758 2651 796 2686 id
829 2651 927 2695 quod
959 2653 1121 2695 arguunt
1144 2649 1219 2684 tria
1243 2648 1516 2694 epigrammata
1541 2657 1637 2691 quae
1661 2650 1762 2691 post-

237 2710 349 2743 quam
382 2698 512 2735 Cimon
545 2710 627 2734 cum
662 2698 816 2743 collegis
849 2697 1085 2743 expeditione
1117 2697 1164 2733 ad
1192 2696 1423 2741 Strymonem
1459 2693 1516 2730 Ol.
1543 2697 1604 2738 ⁹17,
1630 2698 1651 2729 3
1677 2705 1760 2747 pro-

240 2758 345 2791 spere
372 2746 542 2781 confecta
568 2745 734 2780 Athenas
760 2745 881 2789 rediit,
909 2744 1057 2780 honoris
1084 2755 1172 2791 ergo
1196 2743 1284 2789 pilis
1309 2742 1426 2778 incisa
1451 2740 1664 2794 sunia-item
1684 2751 1759 2786 epi-

241 2795 453 2838 grammata
477 2793 515 2828 in
536 2792 752 2828 memoriam
774 2792 864 2827 belli
883 2792 931 2828 ad
950 2792 1263 2838 Eurymedontem
1283 2788 1379 2836 gesti
1399 2789 1502 2824 facta
1520 2788 1607 2842 (vid.
1623 2787 1760 2842 Simon.

243 2851 300 2884 ep.
330 2845 395 2875 105
424 2843 461 2876 et
489 2843 582 2884 142),
615 2851 709 2884 quae
743 2850 825 2875 cum
853 2839 1088 2875 Simonideae
1120 2838 1210 2875 artis
1236 2837 1337 2872 haud
1362 2836 1437 2871 sint
1461 2837 1643 2881 expertm,
1675 2835 1762 2870 hulc

240 2890 374 2931 poetae
401 2887 582 2922 attributa
607 2897 688 2922 esse
713 2898 787 2922 non
812 2886 1039 2922 mirabimur.
