1864 3126
524 166 772 204 APPENDIX
799 165 1283 204 ANACREONTEORUM.
1578 165 1666 209 367

211 276 310 334 τάχα
338 295 419 322 που
449 276 572 334 ῥόδον
602 280 748 332 κομίζει
1000 281 1175 320 Δαναῶν
1206 276 1315 328 ’ὅπως
1345 294 1401 328 τις
1432 278 1553 319 εἴποι·

212 343 401 399 δροσερὰς
432 344 582 399 φρένας
612 349 781 396 φυτοῖσκ
1000 345 1169 397 Παφίην
1200 340 1353 397 ὁρῶμεν
1382 341 1516 397 ἄλλην.

132 419 199 452 156
241 410 428 464 Βραδέως
451 411 574 467 ἔγνως
595 407 637 452 τὸ
657 414 849 464 κρεῖσσον,
1031 407 1217 463 Φρονέεις
1246 405 1368 451 πλέον
1397 412 1569 451 λαλοῦσα

212 476 391 531 βραδέως
417 475 460 518 δὲ
485 479 649 532 γνοῦσα,
675 472 848 525 Παλλάς,
999 473 1041 517 τὸ
1074 473 1195 529 ῥόδον
1226 472 1271 516 τὰ
1303 479 1393 528 νῦν,
1421 473 1587 530 Ἀθήνη.

210 539 356 596 ταχέως
387 543 502 584 δίδου
533 542 700 596 βεβαίαν
922 550 985 582 165
1023 538 1067 581 Ὁ
1087 539 1218 594 Ἔρως
1250 537 1271 581 ὃ
1302 544 1370 594 τῆς
1402 539 1613 595 Κυθήρης,

210 610 390 663 κραδίαις
420 613 540 650 τεαῖσι
566 609 710 649 πίστιν.
999 603 1042 647 τὸ
1076 603 1199 660 ῥόδον
1229 604 1350 647 πάλιν
1380 605 1597 662 Κυθήρης·

241 671 438 724 Πολέμοις
467 671 599 727 κόμιζε
630 676 778 727 μᾶλλον
999 669 1146 725 κατέχω
1179 669 1254 713 δύο
1285 676 1541 726 κρατοῦντας·

133 749 199 781 160
213 737 334 789 σάκος
364 739 407 780 ἔκ
439 736 584 794 ῥόδων,
612 734 781 793 Ἀθήνη,
1000 734 1022 779 ὁ
1052 735 1186 778 θέλων
1217 735 1348 792 μάχην
1367 736 1563 791 συνάψει.

883 904 923 946 2.

133 1003 182 1043 Τί
209 1003 311 1044 εἴποι
341 999 368 1056 ἡ
395 1000 608 1055 Ἀφροδίτη
641 1004 708 1054 τῆς
735 998 912 1054 Ἀθηνᾶς
952 998 1019 1041 διὰ
1051 998 1174 1055 ῥόδου
1205 1003 1433 1054 πεισθείσης
1464 1004 1668 1055 βοηθῆσαι

752 1077 833 1122 τοῖς
868 1074 1040 1126 Τρωσίν;

243 1166 442 1211 Καλύκων
473 1167 587 1224 χάριν
618 1171 819 1223 λαβοῦσαν
999 1163 1164 1221 ἀπαθὴς
1196 1166 1316 1221 φύσις
1346 1166 1421 1224 γὰρ
1453 1168 1595 1224 ὤφθη·

167 1260 172 1262 s
212 1231 465 1288 θεράπαιναν
491 1233 730 1293 Ἀφροδίτην
999 1229 1041 1275 τὸ
1075 1231 1209 1283 πάθος
1239 1231 1378 1288 πρέπει
1409 1237 1619 1290 βροτοῖσιν,

210 1297 354 1353 ῥοδέην
385 1297 535 1352 δέδεξο,
570 1298 741 1352 Παλλάς,
942 1309 987 1340 20
1001 1297 1175 1353 χαλεπὴν
1206 1300 1289 1354 ἔριν
1320 1299 1492 1343 τελέσσαι

213 1365 279 1405 ἵνα
309 1369 413 1424 γνῷς
437 1365 566 1408 πόθεν
591 1364 633 1407 τὸ
658 1370 850 1419 κρεῖσσον.
1031 1369 1232 1419 Ποταμῶν
1264 1360 1447 1408 θάλασσα
1477 1365 1639 1409 πάντων

178 1440 199 1469 6
242 1434 401 1485 Σοφίης
421 1430 551 1485 Ἔρως
582 1429 603 1473 ὁ
635 1429 778 1485 λάτρις,
852 1448 860 1454 ·
1000 1426 1151 1484 δέχεται
1181 1429 1285 1485 μόνη
1317 1427 1359 1474 τὸ
1392 1434 1531 1487 ῥεῦμα,

214 1494 379 1549 Χάριτες
408 1495 528 1538 πάλιν
559 1494 633 1538 σὺν
664 1497 819 1554 οἴστρῳ·
1007 1498 1148 1550 Παφίη
1182 1496 1225 1537 δὲ
1256 1501 1334 1538 τῶν
1355 1495 1537 1551 Ἐρώτων

212 1561 286 1615 ἔχε,
319 1560 491 1614 Παλλάς,
519 1557 754 1616 Ἀφροδίτης
1000 1557 1139 1615 ἀρετὰς
1170 1560 1283 1616 χάριν
1314 1566 1475 1617 κομίζει.-

210 1622 406 1682 γλυκερὴν
437 1625 535 1681 ὅλην
566 1625 771 1682 γενέθλην.
943 1638 986 1669 25
1035 1626 1088 1670 Τὸ
1120 1626 1235 1683 γένος
1265 1626 1307 1671 τὸ
1339 1633 1418 1671 τῶν
1445 1628 1626 1685 Ἐρώτων

243 1695 432 1746 Δαναοῖς,
461 1691 606 1745 θέλεις,
637 1690 790 1747 ἀμύνω,
999 1691 1149 1747 κρατέει
1180 1695 1329 1736 δοκοῦν
1360 1694 1570 1751 λατρεύειν.

158 1768 200 1798 10
216 1760 405 1815 Φρυγίοις
435 1757 556 1800 πάλιν
586 1755 738 1813 ἆρήγω·
1031 1761 1220 1814 Φρυγίοις
1251 1760 1428 1814 ἔλαμψεν
1459 1760 1541 1816 ὥρη

213 1821 397 1878 μερόπων
426 1826 465 1865 τί
493 1840 559 1878 μοι
589 1821 631 1865 τὸ
664 1826 825 1878 φίλτρον
999 1822 1140 1880 ῥοδέης
1170 1823 1344 1880 γέμουσα
1376 1828 1506 1881 νίκης·

213 1891 348 1943 φιλίης
378 1893 465 1943 τεῆς
495 1886 686 1945 τυχούσῃ;
970 1884 971 1887 ¹
998 1893 1119 1944 σοφίη
1150 1888 1296 1942 πόθοις
1326 1892 1492 1947 ἐπείσθη

247 1953 347 2009 Φέρε
377 1953 505 1997 πάντα
534 1958 613 1996 τῶν
640 1950 838 2009 Ἐρώτων·
940 1966 985 1998 30
999 1954 1188 2006 Δαναοὺς
1219 1955 1367 2011 μόνους
1399 1953 1559 2012 ὄρίνειν.

213 2022 252 2062 τί
279 2018 323 2061 δέ
352 2033 414 2062 σοι
445 2014 801 2075 χρέοςστενάζεινς
1032 2020 1154 2077 Μέγα
1180 2026 1255 2064 νῦν
1273 2021 1386 2073 κλέος
1405 2029 1636 2079 προσεῦρον.

158 2096 200 2127 15
213 2083 327 2139 ἐχέτω
359 2083 488 2140 μάχην
519 2082 561 2127 τὸ
591 2082 760 2140 θνητόν,
1002 2085 1094 2137 ξένα
1125 2085 1286 2138 Παλλὰς
1317 2089 1411 2144 ἔργα
1441 2089 1615 2145 πτήσσει,

216 2148 405 2206 μακάρων
435 2149 569 2194 πόθον
599 2149 642 2193 τὸ
674 2156 813 2204 φῦλον.
1002 2150 1144 2207 ῥοδόεν
1176 2151 1317 2206 στέφος
1347 2160 1542 2209 κρατοῦσα

240 2213 419 2271 Ἀγαπᾶν
448 2222 560 2267 θεοῖς
590 2215 792 2271 προσήκει,
1004 2221 1169 2272 Παφίης
1199 2217 1351 2270 πόνους
1381 2224 1560 2276 γεραίρει.

133 2390 248 2436 colos,
274 2389 388 2432 είςΒ.
417 2410 458 2416 -
479 2390 624 2427 V.15‘1.
652 2393 823 2475 βεΕῗιίαν,
848 2393 879 2428 Β
903 2394 1140 2451 βεβαιαν.-
1167 2393 1209 2428 V.
1234 2398 1312 2431 160.
1339 2394 1466 2440 σάκος,
1493 2396 1667 2438 Βσᾶκος.

134 2459 178 2465 -
205 2438 248 2475 V.
278 2442 356 2474 161.
383 2451 450 2483 τις,
476 2438 505 2474 Β
530 2438 595 2480 τὶς.
624 2460 667 2465 -
774 2444 851 2477 168.
880 2439 1047 2487 συνάψει
1072 2441 1114 2486 Β,
1141 2439 1308 2486 συνάψαι
1333 2442 1541 2487 Matranga.

227 2544 418 2591 Georgii
444 2556 593 2581 carmen
619 2549 651 2580 2.
703 2545 818 2581 Extat
849 2546 948 2592 apud
972 2546 1209 2601 Matrangam
1237 2552 1317 2583 654.
1368 2548 1525 2584 Carmen
1551 2549 1667 2584 semel

133 2593 297 2629 disticho
323 2593 541 2629 distinctum
568 2594 627 2628 est
651 2605 684 2628 v.
705 2597 761 2629 26.
782 2598 840 2638 26,
865 2593 921 2630 ita
941 2594 1040 2630 enim
1061 2595 1269 2641 strophae
1258 2608 1295 2631 m
1318 2595 1445 2631 codice
1465 2596 1668 2642 discriptae

133 2642 230 2685 sunt,
256 2652 279 2676 a
273 2651 379 2714 —quo
405 2640 577 2676 discessit.
603 2639 812 2698 Matranga,
838 2641 902 2686 qui
927 2654 961 2677 v
989 2645 1046 2679 29.
1072 2646 1118 2678 30
1142 2645 1320 2687 tanquam
1347 2643 1534 2679 distichon
1559 2655 1665 2702 sepa

134 2687 386 2725 ravit.1n
409 2688 523 2724 titulo
549 2688 578 2723 B
606 2686 808 2744 βοηθήσω.
836 2708 879 2714 —-
907 2688 950 2724 V.
973 2693 990 2723 1
1013 2701 1090 2734 seq.
1114 2689 1264 2725 videtur
1289 2690 1524 2727 scribendum
1544 2690 1666 2727 Καλύ-

135 2748 213 2771 κων
239 2733 349 2781 χάριν
374 2736 580 2791 λαβοῦσα
606 2732 852 2780 θεράπαιναν
875 2732 1142 2792 Ἀφροδίτης
1167 2735 1306 2783 ροὸέην
1333 2737 1477 2782 δέδεξο.
1505 2760 1549 2765 -
1570 2739 1613 2775 V.
1633 2744 1667 2775 4.

134 2783 242 2831 γνῷς,
269 2782 299 2817 Β
319 2795 427 2841 yvone.
447 2804 490 2809 —
520 2783 562 2819 V.
586 2787 619 2819 ὃ.
644 2781 782 2827 λάτρις,
808 2783 836 2818 Β
855 2781 1066 2829 λάτρης.-
1023 2784 1131 2819 —.V
1158 2790 1191 2820 9.
1220 2789 1400 2831 Δαναοῖς,
1420 2787 1577 2844 scripsit
1590 2787 1667 2833 opi-

133 2841 202 2866 nor
227 2829 415 2872 Δαναοὺς.
443 2851 485 2856 -
514 2830 557 2866 V.
582 2835 634 2867 12.
661 2828 824 2877 τυχούσῃ
845 2830 1081 2876 Piccolos,13
1106 2832 1283 2877 τυχοῦσα.
1303 2854 1351 2859 -
1376 2814 1419 2870 V.
1449 2838 1502 2871 16.
1527 2832 1668 2879 πόθον,

138 2878 165 2912 Β
190 2875 331 2923 παθὸν,
356 2878 523 2914 Piccolos
548 2875 685 2914 πόθεν.
706 2898 751 2904 -—
777 2879 899 2934 φῦλον
918 2877 1101 2924 Piccolos,
1128 2880 1157 2915 B
1176 2880 1332 2925 φῦλλον,
1358 2881 1555 2927 Matranga
1573 2879 1664 2927 φύλ-

136 2927 213 2960 λον.
239 2945 283 2951 -
310 2906 354 2961 V.
375 2928 431 2962 17.
456 2922 614 2972 ἀγαπᾶν
635 2926 677 2971 Β,
701 2937 775 2962 non
800 2922 966 2975 ἀγαπᾷν.
