1864 3126
203 149 291 192 432
529 132 531 137 ⁴
772 147 962 183 POETAE
987 146 1162 183 MELICJ.

203 262 309 299 illius
342 260 565 309 exemplum
607 261 765 298 secutus
796 258 941 297 Kaibel
978 259 1139 309 scripsit
1175 253 1235 311 (in
1265 259 1365 297 Mus.
1398 258 1522 297 Rhen.
1551 258 1725 297 XXVIII

206 327 290 363 436
314 338 392 374 seq.
426 327 466 362 et
496 325 537 362 in
562 324 692 362 Iahnii
717 324 938 362 Annalibus
968 319 1113 376 1873),
1139 336 1305 373 quorum
1331 336 1452 373 opera
1475 323 1723 374 potissimum

205 390 245 427 in
279 402 324 428 eo
357 392 419 428 est
448 389 590 439 posita,
623 391 666 427 ut
699 401 888 440 germana
919 389 1094 427 carmina
1131 389 1341 428 Simonidis
1380 391 1640 428 secernantur
1673 388 1724 427 ab

205 455 263 502 iis,
298 467 398 504 quae
430 455 547 492 huius
578 456 719 504 poetae
750 468 892 494 nomen
929 454 1032 493 falso
1070 467 1165 504 prae
1204 467 1246 494 se
1283 455 1428 494 ferunt.
1489 454 1583 493 Hoc¹
1605 466 1725 504 quam

204 520 372 558 arduum
405 520 458 558 sit
487 520 692 569 negotium
722 522 870 559 norunt
909 519 1045 569 periti3
1083 521 1257 558 ceterum
1295 519 1509 569 Iunghahn
1545 519 1724 570 quamvis

206 584 462 623 difficillimae
488 584 710 634 quaestioni
741 584 1005 634 expediendae
1035 584 1182 633 impar,
1221 587 1326 623 certe
1357 583 1577 623 industriae
1607 583 1725 622 laude

202 663 283 688 non
314 651 375 687 est
404 649 660 688 fraudandus.
722 650 775 687 Et
805 650 879 688 hoc
910 649 1068 698 quidem
1098 650 1185 687 1000
1216 650 1445 699 potissimos
1477 661 1630 688 errores
1661 661 1724 688 re·-

205 715 410 764 darguam,
436 714 483 752 de
509 715 664 763 ceteris,
696 715 736 752 et
768 715 800 752 si
831 715 927 763 quid
957 714 1219 763 probabiliter
1250 715 1574 764 disputaverunt,
1605 726 1723 764 quan-

206 783 293 818 tum
325 780 422 819 satis
455 781 517 818 est
548 779 701 818 dicetur
732 779 774 816 in
805 780 1100 819 commentario.

322 845 534 894 Iunghahn
566 844 757 883 Simonidi
789 845 919 883 omnia
950 845 1240 895 epigrammata
1264 844 1476 895 abiudicat,
1507 845 1548 883 in
1580 845 1723 894 quibus

205 922 423 960 pronomen
467 901 579 956 οὗτος
619 911 682 948 est
724 909 922 957 δεικτικῶς
965 910 1126 949 dictum.
1189 910 1292 961 Sane
1332 912 1490 949 constat
1528 910 1601 948 hac
1639 897 1725 949 ¹vice

207 977 440 1025 plerumque
477 970 543 1013 ’ὅδε
587 974 714 1024 fungi,
752 987 840 1013 011111
882 967 996 1022 οὗτος
1031 975 1114 1013 fere
1147 976 1199 1014 sit
1239 970 1502 1027 ἆναφορικόν,
1542 974 1611 1013 sed
1646 974 1724 1012 iam

206 1043 362 1080 veteres
406 1040 658 1090 grammatici
702 1040 1085 1089 animadverterunt,
1131 1040 1268 1079 eadem
1317 1040 1466 1090 passim
1502 1038 1725 1089 promiscue

206 1105 408 1155 usurpari,
439 1106 551 1144 velut
588 1105 822 1154 Apollonius
861 1106 977 1155 Dysc.
1011 1105 1059 1143 de
1090 1117 1200 1154 pron.
1234 1106 1317 1143 333
1356 1117 1423 1143 eos
1460 1103 1727 1153 reprehendit,

206 1172 274 1220 qui
306 1171 508 1220 negabant
539 1166 605 1209 ὅδε
637 1171 756 1209 etiam
787 1165 1039 1220 ἇναφορικῶς
1071 1167 1309 1222 adhiberi.'‘¹‘)
1358 1170 1468 1208 Idem
1500 1183 1610 1209 error
1640 1169 1728 1208 veri

207 1238 317 1275 tenet
347 1235 660 1286 Iunghahnium,
692 1235 760 1284 qui
792 1234 992 1273 contendit
1022 1235 1189 1274 comicos
1222 1235 1381 1284 quidem
1419 1237 1577 1284 poetas,
1619 1235 1728 1274 velut

207 1301 529 1350 Aristophanem,
562 1312 776 1350 pronomen
809 1291 923 1346 οὗτος
954 1298 1149 1346 δεικτικῶς
1179 1300 1445 1349 usurpavisse,
1479 1300 1546 1338 sed
1579 1299 1629 1337 ab
1660 1311 1726 1336 an-

202 1366 444 1415 tiquioribus
476 1366 581 1404 hunc
612 1378 729 1404 usum
762 1378 847 1417 esse
887 1365 1078 1415 alienum,
1117 1365 1296 1414 argutias
1328 1364 1616 1414 interpretandi
1647 1376 1726 1402 ma-

202 1432 402 1481 chinatus,
448 1433 494 1469 ut
535 1432 775 1479 removeret,
819 1443 920 1480 quae
963 1430 1055 1468 huic
1098 1430 1178 1479 legi
1223 1426 1385 1467 obstare
1429 1429 1539 1468 vidit.
1608 1428 1727 1478 Apud

203 1497 420 1534 Pindarum
453 1495 513 1535 Ol.
545 1495 603 1534 IV
636 1497 689 1534 26
724 1496 852 1535 victor
890 1507 980 1533 cum
1018 1494 1264 1543 pervenisset
1295 1494 1347 1532 ad
1378 1493 1563 1532 curriculi
1594 1493 1727 1532 termi-

201 1574 308 1611 num,
341 1553 454 1608 οὗτος
485 1556 560 1613 ἐγὼ
591 1562 770 1612 ταχυτᾶτι
802 1561 915 1610 dicit,
947 1560 1052 1609 quod
1083 1559 1317 1609 Apollonius
1350 1559 1398 1597 de
1428 1571 1538 1607 pron.
1569 1572 1607 1608 p.
1641 1559 1723 1596 332

203 1626 424 1676 composuit
455 1638 544 1664 cum
572 1626 781 1665 Homerico
813 1624 931 1665 ἔνδον
962 1621 1033 1676 μὲν
1064 1619 1113 1675 δὴ
1147 1620 1208 1664 06’
1244 1619 1360 1671 αὐτὸς
1391 1618 1478 1676 ἐγώ.
1486 1618 1553 1675 **)
1615 1623 1727 1668 Quod

203 1691 238 1729 si
267 1703 392 1729 novae
430 1691 512 1740 legi
549 1690 922 1741 obtempelandum,
960 1691 1093 1729 actum
1130 1692 1193 1728 est
1230 1690 1277 1727 de
1321 1690 1395 1728 hoc
1431 1689 1620 1736 carmine,
1658 1687 1727 1726 sed

202 1769 280 1794 non
312 1756 427 1795 credo
460 1768 699 1805 quemquam
731 1768 777 1794 οο
810 1755 997 1793 audaciae
1028 1768 1350 1805 progressurum,
1382 1757 1427 1792 ut
1458 1753 1627 1791 Pindaro
1659 1752 1725 1790 ab-

203 1820 350 1859 iudicet
389 1833 540 1870 poema.
602 1820 713 1858 Nihil
751 1821 837 1870 agit
880 1820 1103 1870 Iunghahn,
1141 1821 1209 1870 qui
1239 1833 1275 1870 p.
1311 1821 1362 1857 11
1407 1818 1539 1857 nescio
1582 1817 1726 1867 quibus

204 1884 494 1934 interpretandi
537 1885 729 1922 machinis
779 1897 874 1923 usus
929 1885 1228 1924 Homericorum
1273 1884 1492 1923 carminum
1536 1882 1726 1931 exempla,

203 1962 304 1998 quae
336 1949 461 1998 ipsius
503 1949 704 1988 doctrinae
745 1948 1022 1998 adversantur,
1064 1961 1267 1988 removere
1308 1951 1489 1996 conatur,
1529 1948 1641 1986 velut
1679 1946 1725 1983 Il.

211 2015 256 2050 Ψ
283 2015 366 2051 618
398 2014 444 2064 τῆ
476 2028 551 2052 νυν
581 2011 647 2051 καὶ
684 2011 746 2052 σοὶ
784 2014 911 2061 τοῦτο,
949 2011 1083 2066 γέρον,
1120 2009 1321 2064 κειμήλιον
1358 2011 1452 2050 ἔστω
1494 2015 1534 2050 et
1570 2011 1650 2049 alia
1686 2010 1726 2048 id

204 2091 347 2129 genus,
390 2078 487 2116 item
528 2079 565 2116 K
598 2079 695 2127 341,
727 2077 797 2116 ubi
827 2077 963 2116 Ulixes
1004 2078 1253 2127 conspicatus
1295 2077 1584 2127 speculatorem
1624 2087 1726 2114 com-

195 2144 330 2192 pellat
366 2143 585 2181 Diomeden
616 2135 729 2189 οὗτός
759 2157 834 2192 τις,
864 2138 1080 2194 Διόμηδες,
1118 2138 1196 2182 ἀπὸ
1229 2143 1390 2193 στρατοῦ
1428 2139 1573 2192 ἔρχεται
1610 2135 1725 2191 ἀνήρ,

205 2337 432 2385 πειθόμενοι
462 2339 584 2385 potuit
618 2339 778 2384 quilibet
808 2349 970 2385 pangere
1003 2320 1122 2383 neque
1153 2349 1302 2374 neeesse
1335 2338 1402 2382 est,
1432 2337 1503 2372 hoc
1534 2334 1725 2381 negotium

206 2387 424 2422 mandatum
450 2397 529 2422 esse
556 2386 749 2430 Simonidi,
776 2386 945 2432 quamvis
972 2386 1223 2421 Themistocle
1248 2366 1483 2420 familiariter
1507 2384 1557 2419 sit
1579 2394 1676 2419 usus,

323 2444 357 2490 *)
384 2445 579 2481 Homerico
600 2457 707 2480 versu
727 2445 799 2502 ‚Od.
821 2458 845 2480 α
867 2449 933 2481 185
959 2445 1052 2490 νηῦς
1072 2442 1114 2479 δέ
1134 2457 1195 2490 μοι
1220 2440 1283 2489 ἥδ’
1313 2442 1467 2499 ἔστηκεν
1491 2454 1578 2477 110110
1603 2441 1725 2477 addit:

210 2492 390 2551 μεμπτέοι
414 2490 486 2538 γὰρ
513 2490 551 2528 οἷ
573 2493 690 2537 ψιλῶς
715 2489 956 2538 ἀναγνόντες.
989 2493 1052 2527 ινα
1078 2490 1097 2527 ὁ
1125 2491 1200 2527 καὶ
1225 2491 1369 2547 νοῆται,
1400 2486 1727 2547 ὑπολαμβάνοντες

208 2538 328 2586 αὐτὴν
354 2540 549 2580 δεικτικῶς
574 2538 697 2586 μόνως
721 2541 912 2575 τίθεσθαι.
964 2539 1085 2575 801101.
1111 2538 1218 2573 Hom.
1243 2535 1284 2572 τὸ
1310 2533 1378 2583 ἥδε
1405 2533 1650 2581 ἄναψορικῶς
1674 2536 1725 2570 εἶ’-

206 2601 320 2633 ρηκεν
346 2584 431 2623 ἀντὶ
456 2587 523 2622 τοῦ
549 2586 759 2630 δεικτικῶς,
784 2586 911 2643 itaque
931 2586 1161 2622 Herodianus
1179 2579 1248 2630 ἥδε
1269 2584 1502 2620 scribendum
1523 2593 1602 2618 0000
1621 2593 1725 2627 prae-

208 2636 322 2680 cepit:
358 2633 434 2670 ἔστι
464 2632 536 2680 γὰρ
569 2631 785 2680 ἄντωνομία
816 2630 1045 2690 ἄναφορική.
1088 2632 1218 2678 Neque
1242 2643 1328 2668 vero
1354 2631 1440 2666 inde
1459 2628 1725 2666 conficiendum

207 2682 388 2726 placuisse
420 2681 676 2735 grammaticis
706 2681 990 2716 circumflecteie
1021 2674 1104 2726 ἥδε,
1134 2680 1258 2725 τῆνδε,
1290 2677 1383 2721 οἵδε,
1407 2677 1540 2712 τοῦσδε
1565 2675 1619 2711 ibi
1643 2677 1724 2711 tan-

206 2730 298 2774 tum,
323 2729 388 2764 ubi
413 2739 617 2774 pronomen
648 2728 698 2764 sit
721 2724 976 2774 ἆναφορικόν,
1001 2727 1066 2763 0οᾶ
1091 2727 1221 2763 eodem
1245 2727 1373 2761 tenore
1399 2723 1511 2760 etiam
1536 2720 1725 2758 δεικτικὸν

204 2775 483 2821 insigniverunt.

300 2834 354 2879 **)
379 2835 495 2870 Recte
521 2834 635 2871 schol.
661 2834 814 2870 Pindari
837 2831 878 2869 τό
906 2827 1015 2873 οὗτος
1041 2830 1113 2878 ἐγὼ
1138 2831 1317 2878 ταχυτᾶτι
1342 2827 1530 2866 δεικτικόν
1556 2829 1615 2865 vel
1641 2826 1722 2864 εἷπε

207 2881 400 2921 δεικτικῶς
426 2877 533 2922 οὗτος
559 2879 888 2927 ἐγώ.Ι1111811111111
911 2880 1045 2915 maluit
1068 2880 1291 2916 recentiores
1315 2878 1536 2923 interpretes
1561 2876 1675 2921 sequi.
