1864 3126
211 125 267 166 72
718 120 720 123 ’
769 125 961 160 ΡΟΕΤΑΕ
988 124 1166 161 MELICI.

210 237 303 288 δρος
346 234 441 284 Διὸς
476 235 542 276 καὶ
584 233 862 288 Μνημοσύνης
897 239 1134 290 γενεαλογεῖ,
1177 238 1308 277 nescio
1352 250 1403 276 an
1433 233 1605 289 Ἀλκμὰν
1635 225 1728 278 scri-

209 303 384 341 bendum
416 303 478 341 silz.

859 358 1104 447 120.[96.]v

328 479 519 529 Hesych.:
546 475 724 517 Ἀἄνθα
755 475 895 531 (vulgo
917 475 1112 533 ’Ἇανθα)·
1151 476 1254 528 εἶδος
1290 479 1452 520 ἐνωτίου
1489 476 1595 533 παρὰ
1620 476 1731 520 Ἀλκ-

210 545 304 595 μᾶνι
349 539 374 595 ἢ
415 539 695 595 Ἀριστοφάνει.
762 543 911 582 Eadem
953 543 1081 583 Cram.
1120 546 1194 585 An.
1232 546 1322 584 Par.
1359 547 1418 584 IV
1450 547 1524 596 84,
1565 538 1617 584 1'8
1663 546 1732 585 ubi

209 606 358 649 ἆοὶνθα.
391 639 399 648 .
420 639 428 648 .
450 639 457 647 .
488 604 514 660 ἢ
542 604 827 661 Ἀριστοφάνει,
859 610 1063 659 corrigunt
1091 608 1158 648 καὶ
1184 605 1277 661 Ἀρ,
1303 610 1450 649 conieci
1481 605 1533 657 ὦς
1559 605 1727 662 Ἀριστο-

210 670 356 725 φάνης,
387 677 433 713 ιιΐ,
463 674 714 725 grammatici
746 675 903 724 glossae
934 674 1150 713 Laconicae
1182 675 1477 726 inbelligantur,
1514 675 1590 714 nisi
1627 676 1731 714 forie

209 732 490 790 Aristophanis
510 741 816 779 commentarius
835 740 1117 790 intelligendus
1138 742 1210 790 est,
1230 740 1319 780 vide
1337 741 1386 779 fr.
1409 743 1460 780 16
1483 741 1555 780 col.
1574 740 1593 778 I
1612 754 1648 780 v.
1663 742 1731 780 32.

928 854 1023 897 121.

329 941 459 981 Cram.
490 940 572 981 An.-
594 939 665 980 Ox.
696 940 716 978 Ι
748 941 816 987 55,
845 943 887 979 7:
915 935 1063 992 Ἀγοὲζω
1096 972 1104 980 .
1125 973 1133 980 .
1155 970 1163 979 .
1188 937 1231 981 τὸ
1262 937 1468 993 θαυμάζω,
1499 938 1595 992 ὅπερ
1625 936 1731 992 παρὰ

207 1003 304 1060 ἆγῶ,
336 1005 437 1046 ἔστιν
469 1003 511 1045 δὲ
542 1002 634 1057 παρ’
665 1001 870 1056 Ἀλκμᾶνι·
910 1000 1068 1044 Αὐτὸν
1104 1000 1203 1060 ἆγᾷ.
1266 1006 1435 1045 Videtur
1466 1007 1598 1055 ipsum
1628 1006 1733 1045 hunc

208 1085 368 1112 versum
401 1071 590 1110 adhibere
631 1071 843 1109 Herodian.
874 1084 914 1110 π.
946 1086 982 1121 μ.
1017 1073 1048 1109 λ.
1081 1072 1156 1120 22,
1192 1072 1262 1110 15:
1300 1070 1376 1110 ἔστι
1414 1067 1505 1148 γὰρ,
1525 1070 1591 1111 καὶ
1626 1085 1734 1123 περι-

211 1133 418 1188 σπώμενον
450 1133 513 1174 ἐπὶ
545 1132 726 1186 δευτέρας
752 1135 940 1191 συζυγίας
966 1130 1107 1187 (ἆγῶ)·
1139 1128 1233 1174 εὖτ’
1269 1152 1327 1175 αν
1357 1132 1455 1190 τῇδ’
1489 1132 1570 1188 ἅγε
1601 1134 1735 1188 χρέος

206 1198 398 1253 ανδρας.
447 1201 556 1239 Fort.
585 1200 699 1239 scrib.
726 1195 812 1238 εὖτ’
847 1215 904 1239 αν
934 1197 1027 1240 τόδ’
1062 1197 1151 1256 ἆγᾷ
1181 1200 1316 1254 χρέος
1341 1198 1483 1253 ἀνήρ,
1516 1203 1585 1241 sed
1616 1202 1733 1242 Doris

208 1262 284 1319 ἀγῇ
321 1266 497 1316 flagitafi,
537 1265 672 1315 itaque
717 1265 817 1303 nihil
856 1266 982 1305 audeo
1027 1268 1247 1306 decernere.
1312 1268 1497 1318 Hartung
1545 1268 1642 1306 haec
1683 1268 1734 1306 ab

209 1332 400 1370 Alcmane
432 1330 563 1369 aliena
594 1332 739 1378 cense‘n,
771 1331 974 1381 corrigens
1006 1327 1088 1371 τόδ’
1123 1328 1235 1384 ἄγῃ.
1257 1362 1294 1371 ..
1320 1329 1491 1408 ἄνδρας,
1509 1333 1612 1382 quod
1640 1345 1734 1371 sane
1770 1383 1773 1386 v

207 1395 410 1446 Apollonii
441 1396 550 1434 locus
583 1394 732 1445 Argon.
763 1395 783 1432 I
817 1397 900 1434 236
940 1397 1216 1436 commendare
1253 1397 1412 1436 videtur
1449 1392 1527 1435 εὖτ’
1568 1412 1620 1435 αν
1655 1393 1734 1450 ἄγῃ

209 1459 319 1513 χρέος
349 1457 498 1511 ανδρας
529 1455 659 1512 υπεὶρ.
680 1456 755 1499 αλα
792 1460 1085 1512 ναυτίλλεσθαι,
1129 1462 1200 1501 sed
1239 1462 1474 1501 adversatur
1515 1461 1735 1501 Herodiani

214 1526 449 1565 auctoritas.
505 1524 633 1564 Lehrs
677 1525 921 1565 Callimacho
958 1527 1118 1577 ssrffluit,
1159 1518 1236 1566 εὖτ’
1283 1521 1334 1565 ἂν
1376 1522 1458 1566 τόδ’
1505 1521 1583 1581 ἆγᾷ
1624 1523 1735 1578 χρέος

209 1586 356 1642 ἀνδρός
387 1590 575 1640 scribens,
607 1591 670 1629 cui
701 1603 888 1630 assensus
920 1594 981 1630 est
1013 1592 1058 1632 O.
1085 1591 1309 1641 Schneider,
1341 1592 1418 1631 nisi
1449 1591 1555 1643 quod
1585 1587 1734 1643 ἄνδρας

208 1657 357 1695 tuetur.

839 1748 935 1792 122.
970 1749 1103 1802 [115]
1400 1771 1405 1775 ¹
1748 1769 1817 1801 866

328 1833 441 1871 Eusiz.
472 1832 518 1870 Il.
553 1833 652 1882 314,
684 1834 758 1871 41:
784 1829 1034 1886 ’Λγέρωχοι
1065 1832 1108 1874 δὲ
1139 1834 1180 1874 οἱ
1207 1831 1310 1887 ἅγαν
1339 1832 1454 1887 γέρας
1483 1833 1634 1886 ἔχοντες
1665 1865 1675 1875 .
1694 1865 1704 1875 .
1725 1866 1734 1875 .

211 1897 331 1949 δηλοῖ
356 1895 400 1936 δέ
430 1907 553 1947 φασιν
584 1893 709 1945 οὕτως
738 1893 764 1949 ἡ
796 1896 894 1946 λέξις
923 1896 1015 1948 τοὺς
1046 1895 1226 1951 σεμνούς,
1259 1895 1311 1947 ὦς
1337 1895 1508 1951 Ἀλκμὰν
1538 1895 1732 1951 βούλεται,

205 1958 384 2009 Ἀλκαῖος
416 1960 459 2001 δέ
496 1973 594 2012 φασι
631 1961 697 2001 καὶ
729 1958 949 2016 Ἀρχίλοχος
986 1961 1185 2018 ἀγέρωχον
1222 1980 1291 2005 τον
1327 1961 1503 2016 ἄκοσμον
1539 1962 1606 2003 καὶ
1645 1960 1736 2004 ἄλα-

210 2023 305 2074 ζόνα
345 2022 438 2066 οἶδε.
502 2027 668 2077 Proprie
713 2029 948 2068 dicebantur
990 2031 1097 2069 tauri
1138 2043 1262 2081 grege
1305 2030 1599 2080 superbientes,
1643 2042 1735 2068 nam

210 2093 316 2132 idem
349 2093 412 2132 est
443 2093 548 2142 quod
579 2088 846 2146 ἆγέλαυχοι.

851 2209 947 2252 123.
981 2210 1086 2263 [99]

329 2295 461 2345 Etym.
494 2295 545 2333 M.
580 2296 647 2343 22,
680 2296 755 2334 3οε
789 2291 890 2343 ’Ἀζω
930 2325 968 2336 ..
989 2326 998 2335 .
1030 2291 1051 2335 ὁ
1095 2293 1138 2335 δὲ
1174 2291 1422 2349 “Ηρωδιανὸς
1465 2294 1509 2335 ἐν
1551 2297 1603 2350 τῷ
1647 2294 1736 2348 περὶ

211 2361 356 2399 παθῶν
387 2357 498 2411 λέγει,
529 2355 588 2398 ’ὅτι
617 2355 857 2413 παράγωγόν
889 2359 993 2400 ἔστιν
1024 2356 1103 2401 ἀπὸ
1140 2362 1210 2401 τοῦ
1249 2357 1344 2414 ἄγος
1381 2357 1499 2413 ἆγίζω
1537 2358 1603 2399 καὶ
1638 2351 1736 2400 κατὰ

211 2419 415 2477 συγκοπὴν
451 2420 529 2470 ἄξω
570 2453 578 2462 .
600 2455 636 2464 ..
674 2420 804 2464 πόθεν
841 2422 884 2465 δὲ
922 2426 1044 2477 δῆλον
1084 2424 1127 2465 ἐκ
1165 2427 1235 2466 τοῦ
1274 2421 1343 2465 τὸν
1378 2421 1574 2476 Ἀλκμᾶνα
1612 2425 1736 2465 εἰπεῖν

211 2486 405 2542 ἆγίσδεο
443 2485 529 2528 ἀντὶ
560 2490 629 2529 τοῦ
660 2486 769 2541 ἅζεο,
809 2491 878 2530 sed
908 2490 987 2530 Va:
1026 2487 1219 2544 ἆγίσδεο
1256 2484 1415 2538 αυτᾶς
1446 2485 1532 2529 ἆντι
1561 2505 1636 2543 γαρ
1665 2492 1736 2530 τοῦ

212 2550 340 2607 ἆγίζεο
370 2552 438 2594 καὶ
468 2550 547 2601 αζω
578 2550 667 2606 η’τοι
691 2554 879 2607 ξηραίνου
905 2556 1047 2607 εἰπεῖν,
1078 2552 1270 2609 ἆγίσδεο
1301 2550 1419 2596 εἶπεν.
1462 2555 1572 2595 Fort.
1601 2548 1736 2607 ἆγίσ-

214 2619 292 2660 δεο
324 2615 360 2659 δ’
395 2616 560 2668 αὔτως.

855 2712 1089 2766 124.[88]

333 2797 469 2848 Steph.
502 2797 594 2847 Byz.
626 2793 814 2850 Αἰγιαλός
847 2827 884 2836 ..
906 2828 914 2837 .
945 2793 987 2837 τὸ
1019 2793 1183 2837 ἐθνικὸν
1214 2792 1442 2851 Αἰγιαλεύς,
1480 2792 1523 2836 τὸ
1554 2793 1735 2848 θηλυκόν

215 2858 419 2914 Αἰγιάλεια
449 2860 515 2901 καὶ
546 2864 586 2900 Α
592 2860 769 2915 ἰγιαλὶς
799 2858 907 2914 παρὰ
932 2857 1128 2913 Ἀλκμᾶνι.
