1864 3126
0 0 107 46 5²21*ss
146 3 148 6 ’

817 110 1031 151 ALOMAN.
1632 118 1688 159 23

221 220 409 271 Φοίναις
440 217 491 263 δὲ
521 218 595 263 καὶ
627 219 676 263 ἐν
707 217 940 264 θιάσοισιν

216 286 442 348 ἀνδρείων
473 287 591 347 παρὰ
624 289 970 348 δαιτυμόνεσσιν

216 362 370 421 πρέπει
402 363 571 407 παιᾶνα
602 361 851 421 κατάρχειν.

805 574 813 577 -
890 555 957 597 23.

274 643 454 693 Insignes
487 643 562 682 hae
594 643 787 693 reliquiae
818 642 1006 682 carminis
1040 642 1247 682 Parthenii
1274 657 1320 683 ex
1346 645 1689 697 Aegyptiacorum

155 710 429 761 sepulcrorum
460 709 542 749 situ
573 709 615 747 in
646 709 775 749 lucem
806 710 1035 759 protractae
1069 710 1179 748 sunt:
1212 711 1391 760 repperit
1422 712 1496 751 hoc
1527 713 1689 752 chartae

154 774 427 826 fragmentum
459 773 647 814 Mariette
679 786 782 814 anno
820 775 932 814 1855
965 773 1007 812 in
1038 774 1232 825 sepulcro,
1264 775 1378 826 quod·
1395 776 1473 816 fuit
1498 778 1605 817 haud
1632 780 1689 818 ita

153 841 294 891 procul
330 852 355 879 a
391 840 564 880 secunda
600 840 834 892 Pyramide,
878 852 1046 890 eamque
1083 840 1266 879 chartam
1303 841 1464 893 Eggero
1507 844 1690 900 permisit

155 906 242 958 qui,
279 906 494 956 postquam
525 905 680 945 Brunet
715 905 765 944 de
796 905 935 944 Presle
979 908 1087 945 recte
1124 907 1329 958 perspexit
1359 907 1564 948 Alcmanis
1603 921 1689 948 esse

154 983 312 1020 versus,
353 969 478 1010 edidit
514 970 557 1010 in
598 971 719 1022 libro,
757 971 827 1022 qui
863 971 1081 1022 inscriptus
1119 975 1198 1012 est:
1245 972 1455 1013 Messmoires
1497 973 1690 1014 d'histoirc

154 1027 340 1077 ancienne
370 1039 404 1075 et
433 1037 480 1076 de
502 1037 711 1086 philoloqie
740 1036 907 1076 Parisiis
942 1038 1054 1077 1863
1088 1052 1126 1088 p.
1161 1039 1244 1078 159
1267 1050 1373 1089 seqq.

213 1115 223 1124 ·
273 1101 451 1152 Paginae
485 1104 579 1142 sunt
603 1104 704 1152 tres,
738 1102 807 1141 sed
832 1102 984 1152 primae
1008 1104 1179 1154 paginae
1205 1115 1299 1154 pars
1325 1105 1490 1144 sinistra
1514 1105 1691 1145 abscissa

153 1168 213 1207 ita
242 1169 290 1206 ut
324 1168 459 1207 nunus
489 1181 632 1208 versus
671 1169 724 1208 sit
760 1169 936 1220 integer3
974 1169 1120 1209 tertiae
1158 1170 1328 1221 paginae
1366 1171 1584 1210 deterrima
1628 1173 1691 1211 est

153 1233 340 1278 conditio,
373 1246 467 1272 nam
498 1234 620 1274 etiam
651 1236 867 1290 postquam
898 1234 1055 1275 iteratis
1095 1235 1238 1274 studiis
1272 1236 1500 1276 examinata
1532 1239 1595 1277 est
1619 1238 1690 1276 illa

153 1299 266 1350 pars,
297 1298 470 1349 plurima
504 1294 681 1350 incerta}
720 1298 925 1339 commode
961 1300 1088 1352 igitur
1125 1301 1287 1352 accidit,
1325 1303 1371 1340 ut
1411 1303 1519 1341 certe
1558 1303 1691 1342 media

154 1365 303 1416 pagina
333 1363 417 1404 fere
448 1365 608 1416 integra
639 1366 693 1405 sit
725 1367 897 1406 servata.
954 1365 1007 1405 'In
1036 1379 1128 1417 pag.
1161 1366 1181 1405 I
1213 1369 1254 1406 et
1284 1366 1325 1406 II
1359 1368 1433 1418 34,
1465 1368 1507 1406 in
1538 1367 1601 1407 111
1634 1370 1687 1408 33

153 1442 294 1470 versus
325 1430 527 1482 leguntur.
587 1430 740 1470 Addita
771 1434 864 1470 sunt
895 1431 935 1470 in
967 1425 1268 1485 marginibus*)
1295 1432 1458 1484 scholia,
1484 1434 1589 1472 lectu
1616 1433 1690 1472 dif-

151 1495 320 1535 ficiliora
350 1499 396 1535 ut
439 1496 528 1534 fieri
565 1497 668 1536 solet
705 1499 746 1536 et
781 1497 931 1548 partim
962 1497 1140 1537 evanida.
1202 1497 1383 1548 Apparet
1420 1500 1555 1538 autem
1592 1499 1690 1539 haec

154 1575 203 1602 ex
239 1562 383 1612 amplis
421 1563 604 1601 veterum
641 1564 995 1613 grammaticorum
1033 1563 1328 1602 comment-ariis
1365 1564 1407 1602 in
1443 1564 1688 1603 breviarium

153 1627 317 1666 redacta
348 1628 389 1666 et
420 1626 570 1666 selecta
601 1640 706 1667 esse:
738 1641 831 1667 nam
862 1627 1099 1668 difficillima
1137 1629 1235 1668 haec
1272 1632 1477 1680 poemata,
1515 1630 1548 1669 si
1586 1642 1688 1681 quae

153 1693 242 1742 alia,
274 1692 540 1743 interpretum
572 1693 813 1733 industriam
844 1695 1121 1733 exercuerunt:
1154 1693 1224 1733 sed
1254 1694 1459 1746 integrum
1489 1707 1687 1735 commen-

153 1758 305 1798 tarium
333 1770 415 1797 non
445 1758 658 1808 capiebant
687 1759 829 1799 harum
860 1760 1102 1810 paginarum
1134 1759 1356 1811 angustiae.

271 1823 455 1875 Eggerus
496 1823 657 1874 quidem
697 1825 796 1864 satis
838 1825 981 1865 habuit
1020 1825 1298 1876 apographum
1340 1826 1505 1866 chartae
1541 1826 1689 1865 litteris

153 1888 388 1929 minusculis
428 1889 579 1939 publici
620 1890 719 1930 iuris
759 1891 908 1940 facere,
948 1890 1084 1941 paucis
1127 1891 1367 1941 quibusdam
1407 1892 1502 1931 locis
1546 1895 1690 1942 poetae

156 1955 282 1995 verba
317 1955 545 1995 instaurare
582 1956 646 1996 vel
683 1957 943 2007 interpretari
980 1959 1164 1996 conatus:
1202 1956 1274 1996 sed
1311 1957 1498 1997 continuo
1535 1957 1580 1998 B.
1620 1960 1690 1996 ten

63 2034 79 2047 ·
153 2019 280 2060 Brink
321 2020 364 2059 in
404 2020 616 2072 Philologo
658 2021 752 2060 XXI
789 2035 826 2072 p.
869 2024 950 2062 126
992 2035 1074 2072 seq.
1110 2022 1264 2073 negotii
1305 2022 1542 2062 difficultate
1583 2023 1690 2061 haud

154 2169 213 2206 clv
239 2169 305 2205 καὶ
329 2169 400 2205 νῦν
435 2168 490 2206 ἔτι
519 2172 723 2207 καλεῖσθαι
755 2169 870 2218 (λέγει
896 2168 1086 2229 Ἔφορος),
1119 2168 1222 2215 παρὰ
1255 2169 1297 2207 δὲ
1324 2175 1402 2212 τοῖς
1432 2169 1690 2228 Σπαρτιάταις

154 2214 204 2263 μὴ
231 2218 426 2262 διαμεῖναι
455 2216 674 2265 καλούμενα
707 2215 845 2276 ὁμοίως
875 2217 1077 2265 πρότερον·
1111 2216 1204 2264 παρ’
1235 2215 1437 2264 Ἀλκμᾶνι
1469 2219 1563 2264 γοῦν
1589 2232 1688 2255 ουτω

156 2266 326 2301 κεῖσθαι
361 2266 551 2307 Φοίναις
584 2293 591 2300 .
620 2294 627 2302 .
656 2294 664 2302 .
699 2264 963 2313 κατάρχειν.
999 2288 1038 2292 -
1073 2266 1117 2303 V.
1148 2271 1178 2302 1.
1214 2267 1384 2309 Φοίναις,
1418 2267 1550 2311 φοίνες
1573 2266 1604 2301 Β
1630 2268 1690 2312 (ex

154 2323 248 2349 corr.
275 2313 470 2371 φθοίναις,
496 2315 539 2349 ut
563 2313 622 2357 K),
646 2315 801 2354 θοίναις
825 2326 851 2350 n
876 2315 914 2359 (a
938 2326 986 2351 m.
1013 2316 1057 2359 s)
1083 2328 1115 2360 0,
1141 2315 1313 2360 φοίνινες
1337 2313 1472 2350 CDhis.
1507 2335 1549 2340 —
1584 2313 1687 2388 V.
1655 2318 1687 2349 2.

153 2357 354 2404 ἀνδρείων,
381 2357 548 2404 α’νδρίων
574 2359 720 2406 BCDhi,
745 2358 934 2406 ἀνδρεΐων
959 2343 1143 2398 Meinek’e.
1171 2382 1215 2388 —
1241 2357 1357 2407 παραὶ,
1384 2361 1504 2398 Cobet
1528 2375 1615 2407 παρ.

153 2407 199 2444 V.
224 2412 257 2444 3.
283 2405 420 2452 πρέπει
448 2407 612 2453 Ursinus,
638 2409 753 2454 vulgo
778 2407 908 2454 πρέπε.
949 2409 970 2417 χ

251 2538 286 2584 *)
313 2538 356 2575 In
381 2549 466 2585 pag.
493 2538 527 2574 II
559 2542 622 2580 24,
659 2542 722 2583 26,
748 2543 793 2576 26
820 2539 933 2576 etiam
959 2540 1161 2577 intervalla
1186 2550 1358 2576 versuum
1383 2523 1689 2575 adnotationibus

156 2587 406 2632 interpretum
430 2586 655 2632 recipiendis
680 2586 895 2625 inserviunt.
946 2588 1145 2623 Praeterea
1170 2587 1207 2622 in
1235 2587 1310 2623 ima
1342 2586 1509 2632 margine
1536 2585 1611 2622 alia
1636 2586 1688 2622 le-

155 2636 305 2681 guntur,
332 2644 428 2680 quae
455 2646 632 2679 quorsum
659 2636 840 2680 spectent,
865 2634 1137 2681 incompertum
1164 2633 1266 2670 velut
1291 2634 1360 2670 sub
1386 2646 1421 2679 p.
1449 2634 1462 2669 1

790 2706 1058 2742 ΝΟΙΚΑΠΟΙ·

790 2753 1081 2789 Θ..ΝΟ..ΟΝ

156 2823 207 2860 Et
229 2825 322 2862 haec
347 2824 499 2871 quidem
524 2824 665 2861 maiore
691 2823 898 2860 interstitio
923 2809 1090 2860 diremta'
1110 2826 1195 2860 sunt
1220 2835 1242 2860 a
1268 2824 1402 2870 poetae
1430 2823 1595 2860 versibus
1615 2834 1651 2868 p.
1672 2822 1687 2856 Ι

159 2874 198 2909 et
218 2871 267 2918 11,
292 2872 358 2909 sed
382 2885 418 2919 p.
445 2872 497 2909 III
524 2871 676 2908 scholiis
703 2871 921 2919 subscriptis
948 2871 1136 2919 contigua.

1703 569 1772 600 824
