1864 3126
226 173 311 216 368

249 293 292 323 35
338 282 432 332 Διός
464 284 566 324 ε’στιν
593 282 818 338 Ἀφροδίτη,

307 346 478 400 δ”Ερως
509 346 627 390 πάλιν
659 346 872 403 Κυθήρης·

307 411 327 454 ὁ
357 411 488 454 θέλων
510 411 664 466 ’Έρωτα
695 418 811 455 νικᾶν

307 480 377 518 Διῒ
402 476 474 531 τὴν
505 477 635 532 μάχην
666 477 848 532 συνάψει.

794 174 986 210 ΡΟΕΤΑΕ
1012 175 1189 212 MELICI.

1105 284 1226 339 Ὅπερ
1258 281 1332 327 οὖν
1362 284 1487 340 πάρος
1519 286 1684 339 δοκεύω,

1029 360 1073 390 40
1087 349 1260 404 γελόωσα
1290 355 1366 392 νῦν
1397 350 1566 394 δοκεύω·

1088 413 1184 469 ὅπερ
1215 415 1263 458 οὗ
1294 415 1424 466 πόθος
1454 422 1681 471 προσεῦρεν,

1088 483 1252 534 Παφίης
1282 478 1403 536 ῥόδον
1433 486 1660 537 προσεῦρεν.

1656 682 1672 712 1
1681 681 1745 713 102

255 766 303 804 Τί
332 765 432 805 εἴποι
464 761 485 804 ὁ
507 762 629 816 ’Ἀρης
659 766 728 815 τῆς
755 760 989 815 Ἀφροδίτης
1020 766 1235 816 τρωθείσης
1260 762 1338 806 ὑπὸ
1364 763 1545 819 ἀκάνθης
1577 764 1717 820 ῥόδου;

339 868 392 911 Τὸ
425 868 546 924 ῥόδον
578 866 661 909 δύω
692 866 899 922 τιτρώσκει,

306 934 346 975 σὲ
379 934 449 988 μὲν
480 935 519 984 ές
551 934 681 987 δέμας,
714 932 902 987 Κυθήρη,

305 1000 445 1054 ἐμέθεν
477 998 513 1040 δ’
549 1000 711 1053 ἔπληξεν
742 993 849 1053 ἦτορ,

305 1063 361 1106 ὅτι
394 1062 635 1113 σοι-πόνους
665 1064 895 1117 προπέμπει.

268 1140 287 1170 5
335 1129 434 1183 Φέρε
464 1127 535 1183 τὴν
565 1127 752 1170 ἄκανθαν
784 1129 878 1178 ἕλξω

306 1193 383 1236 άπὸ
417 1198 498 1236 σῶν
530 1199 670 1247 μελῶν,
703 1192 891 1247 Κυθήρη,

306 1261 371 1300 ἵνα
402 1257 455 1312 μὴ
487 1259 606 1301 πλέον
636 1263 797 1300 τυπεῖσα

304 1326 476 1382 μεταδῷς
498 1323 616 1378 ’Ἁρηϊ
643 1323 814 1378 κέντρον.

336 1385 388 1431 Τὸ
422 1387 492 1431 σὸν
522 1388 664 1441 ἄνθος,
691 1383 721 1430 ῶ
748 1385 938 1443 Κυθήρη,

247 1465 290 1495 10
304 1456 391 1496 ἴσον
423 1455 500 1496 ἐστὶ
530 1459 576 1511 τῇ
608 1456 780 1510 μελίσσῃ,

300 1518 357 1561 ὅτι
388 1520 454 1561 καὶ
484 1518 633 1569 πόνους
664 1521 809 1573 κομίζει

302 1580 426 1638 φέρον
456 1581 613 1639 ἡδονὴν
642 1583 684 1626 τὸ
716 1585 887 1639 κέντρον.

333 1654 502 1704 Παφίην
534 1649 655 1705 ῥόδον
684 1648 893 1704 τιτρώσκει,

301 1715 342 1757 τὸ
375 1715 496 1771 ῥόδον
528 1716 570 1757 δὲ
601 1719 677 1757 νῦν
699 1713 741 1756 τὸ
768 1715 936 1769 πλῆττον

241 1791 283 1822 15
299 1781 475 1835 ποτέροις
506 1779 650 1830 πόθοις
682 1778 849 1834 ἐτρώθη,

299 1845 357 1888 ’ὅτι
388 1844 565 1900 Κύπριδι
595 1850 839 1899 προσῆλθεν;

324 1908 486 1964 Ῥοδέην
517 1909 704 1952 ἄκανθαν
734 1912 822 1951 εἴθε

298 1977 500 2029 Κρονίδης
520 1974 647 2029 ’Ἀρηα
678 1977 821 2028 τεῦξεν,

297 2043 363 2082 ’ἵνα
395 2045 475 2082 σῶν
507 2045 632 2094 μελῶν
663 2037 836 2095 μετάσχω

238 2116 283 2147 20
296 2110 468 2162 γλυκερῷ
499 2103 633 2159 βαλών
664 2118 706 2146 σε
736 2105 892 2162 κέντρῳ.

323 2169 410 2212 Ἐπ’
446 2171 541 2224 ε’μον
573 2170 705 2223 δέμας,
737 2169 925 2224 Κυθήρη,

297 2237 391 2290 φέρε
423 2250 495 2278 σου
527 2234 700 2289 βάδισμα
730 2235 903 2289 πέμψον,

298 2303 364 2342 ἴνα
395 2299 447 2354 μὴ
479 2299 599 2342 πάλιν
630 2314 672 2341 σε
703 2298 830 2355 πλήξῃ

296 2370 457 2420 χλοεροῦ
484 2366 652 2420 δένδρου
683 2362 725 2406 τὸ
757 2364 930 2419 κέντρον.

238 2441 280 2471 25
326 2429 454 2472 Μάθε
478 2435 546 2472 τοῦ
572 2429 694 2485 ῥόδου
718 2428 761 2471 τὸ
787 2428 930 2485 νύγμα,

295 2494 400 2549 μάθε
424 2500 502 2537 τῶν
527 2494 664 2538 πόνων
690 2494 731 2538 τὸ
753 2495 927 2550 κέντρον,

1089 871 1154 910 ἵνα
1184 875 1265 919 τοῖς
1295 868 1444 919 πόθοις
1474 875 1670 925 κρατοῦσα
1703 898 1711 906 ι

1087 931 1164 976 ὑπὸ
1195 938 1273 975 τῶν
1305 933 1434 989 ῥόδων
1463 934 1649 992 κρατύνῃ.

1119 1001 1286 1056 Χθονίῳ
1319 1003 1459 1055 βραχεῖ
1482 1002 1653 1058 βελέμνῳ

1029 1074 1074 1104 30
1087 1066 1256 1118 Παφίην
1276 1064 1406 1120 ’Ἐρως
1437 1063 1613 1120 δαμάζει,

1087 1128 1276 1184 γλυκερὸν
1306 1131 1418 1183 βέλος
1449 1130 1608 1184 φυτεύει

1087 1193 1220 1249 ῥόδον,
1251 1192 1273 1236 ὃ
1305 1201 1438 1250 κρατεῖ
1463 1195 1711 1240 ποθούντων.

1115 1258 1210 1302 Ἀπὸ
1237 1264 1318 1302 σῶν
1338 1258 1432 1314 αἷμα
1451 1266 1578 1315 μελῶν
1597 1261 1720 1314 στάξε,

1224 1370 1226 1372 v
1406 1325 1594 1381 Κυθήρην

1088 1395 1280 1445 γλυκερῶς
1328 1388 1524 1445 ἡμετέρων
1581 1393 1720 1435 ἔνδοθι

1405 1455 1574 1501 κόλπων.

1028 1531 1072 1561 35
1122 1522 1170 1561 Τι’
1191 1526 1332 1571 ποθεῖς
1355 1519 1499 1563 πόθων
1523 1528 1719 1576 κρατοῦσα

1086 1584 1154 1628 τὸν
1175 1584 1350 1627 ’Ἀδωνιν
1381 1584 1428 1628 οὗ
1460 1593 1679 1640 ποθοῦντα,

1085 1649 1152 1692 τὸν
1174 1650 1299 1704 ’Ἀρην
1331 1650 1374 1692 δὲ
1405 1651 1471 1692 καὶ
1500 1656 1706 1694 ποθοῦντα

1084 1715 1265 1770 στυγέεις,
1296 1714 1393 1769 καλὴ
1426 1712 1620 1770 Κυθήρη;

1115 1779 1260 1834 Βροτός
1291 1781 1407 1834 ἔστιν,
1439 1779 1488 1822 ὃν
1518 1781 1685 1834 διώκεις,

1025 1856 1070 1886 40
1084 1848 1240 1899 Παφίη,
1270 1843 1315 1886 τὰ
1347 1850 1424 1887 νῦν
1453 1851 1654 1888 ποθοῦσα·

1082 1906 1180 1960 θεὸς
1211 1905 1311 1952 οὖσα
1342 1910 1385 1951 δὲ
1416 1910 1608 1962 στενάξεις

1082 1971 1182 2015 θεὸν
1213 1973 1307 2015 ὄντα
1337 1991 1383 2028 με
1414 1980 1618 2030 στυγοῦσα.

1108 2037 1272 2091 Ἐθέλω,
1301 2039 1406 2080 θέλω
1440 2042 1612 2093 δαμῆναι

1082 2102 1258 2159 ῥοδόεντι
1288 2108 1343 2161 σῷ
1374 2104 1563 2161 βελέμνῳ·

1021 2178 1068 2209 45
1081 2165 1219 2223 μόνον,
1252 2164 1283 2211 ῶ
1313 2174 1422 2212 θεῶν
1452 2174 1658 2224 κρατοῦσα,

1080 2234 1232 2276 τέλεσον
1261 2232 1375 2289 χάριν
1405 2239 1610 2277 ποθοῦντι.

1103 2297 1148 2340 Ὁ
1168 2299 1298 2352 ’Έρως
1317 2298 1443 2355 ’Ἀρην
1474 2299 1634 2354 δαμάζει

1079 2364 1261 2418 παρέχων
1291 2363 1440 2414 πόνους
1473 2364 1656 2422 Κυθήρῃ.

1111 2432 1291 2483 Χαρίτων
1321 2428 1435 2484 χάριν
1464 2432 1608 2483 κομίζει

1021 2505 1065 2536 50
1081 2493 1127 2537 τὸ
1148 2491 1283 2549 ῥόδον,
1302 2493 1344 2536 τὸ
1363 2499 1456 2548 πῦρ,
1474 2493 1515 2536 τὸ
1535 2495 1708 2549 κέντρον,

309 2670 351 2707 V,
380 2675 434 2707 3¹2.
461 2670 573 2706 νικᾶν
595 2670 634 2715 Β,
659 2671 772 2719 νικᾷν
794 2670 839 2706 Μ.
870 2692 907 2695 -
937 2670 981 2705 V.
1009 2674 1065 2705 39.
1092 2666 1248 2714 δοκεύω,
1275 2669 1402 2704 malim
1429 2665 1599 2704 δόκευον.

306 2777 501 2823 Georgii
528 2788 675 2812 carmen
701 2781 733 2812 3.
780 2776 895 2812 Extat
919 2776 1018 2822 apud
1043 2776 1280 2820 Matrangam
1306 2778 1385 2810 655.
1407 2795 1447 2799 —
1476 2773 1521 2808 V.
1542 2778 1572 2809 1.
1599 2771 1677 2809 δύω
1698 2774 1737 2819 Β,

212 2821 283 2859 δύο
309 2824 506 2870 Matranga.
531 2846 574 2851 —
600 2825 644 2860 V.
671 2829 703 2860 8.
725 2824 754 2857 B
774 2824 954 2869 μεταδῶς.
978 2845 1020 2849 —
1041 2823 1085 2857 V.
1107 2826 1163 2858 22.
1190 2821 1341 2868 πέμψον
1366 2821 1508 2866 scripsi,
1534 2822 1563 2855 B
1587 2821 1736 2866 πέμψω.

214 2892 253 2895 --
284 2872 326 2907 V.
349 2876 403 2907 34.
431 2873 618 2918 γλυκερῶς
638 2872 815 2915 Piceolos,
837 2871 864 2905 Β
883 2874 1086 2916 γλυκεροῖς.
1108 2891 1150 2895 -
1172 2870 1216 2905 V.
1237 2873 1292 2905 36.
1321 2869 1350 2903 Β
1374 2864 1529 2903 ἅδωνιν.
1549 2888 1594 2894 —
1615 2867 1658 2903 V.
1679 2873 1735 2904 44.

214 2919 264 2964 σῷ
292 2918 332 2961 B,
359 2920 407 2965 τῷ
436 2921 642 2963 Matranga.
664 2939 708 2945 -
734 2919 777 2954 V.
798 2922 854 2954 46:
881 2918 1069 2953 ποθοῦντι
1095 2916 1236 2962 scripsi,
1264 2915 1294 2950 B
1312 2915 1521 2951 ποθοῦντα.
1543 2935 1585 2941 -
1614 2916 1655 2952 V.
1677 2919 1735 2951 48.
