1864 3126
230 146 317 188 390
535 131 537 136 ’
797 143 988 180 POETAE
1013 143 1188 180 MELmI.

229 259 332 296 quae
370 246 622 296 Thrasybulo
661 245 896 284 Xenocratis
939 244 1021 283 filio
1059 244 1278 296 inscripsit,
1315 245 1500 285 laudibus
1538 246 1750 297 decoravit,
1805 294 1807 297 .

231 312 390 350 easdem
434 311 621 350 victorias
665 312 794 349 ctiam*
823 312 1018 349 memorat
1054 310 1096 348 in
1133 310 1304 349 carmine
1349 309 1408 350 Ol.
1451 310 1490 349 II
1528 312 1603 361 49,
1646 311 1751 361 quod

231 375 403 414 Theroni
428 376 662 415 Xenocratis
694 376 810 414 fratri
842 375 1074 426 destinavit,
1106 375 1175 414 ubi
1200 375 1305 425 quod
1334 375 1376 413 in
1401 376 1559 414 scholiis
1583 376 1751 426 legitur:

233 435 414 490 Ολύμπια
445 437 516 490 μὲν
555 435 629 491 γὰρ
666 435 783 486 αὐτὸς
820 434 1006 492 (Θήρων)
1043 438 1157 492 γέρας
1194 439 1341 490 ἔδεκτο,
1385 436 1470 479 ἀντὶ
1505 443 1588 481 τοῦ.
1613 436 1750 492 μόνος·

231 502 370 544 Πύθια
403 502 444 543 δὲ
476 503 541 544 καὶ
567 501 728 556 ’Ἰσθμια
758 501 1002 556 Ξενοκράτης
1040 501 1131 558 (scr.
1163 504 1239 544 καὶ
1264 502 1524 558 Ξενοκράτης,
1558 506 1621 545 hic
1647 506 1752 550 enim

229 572 425 620 interpres
459 570 602 609 statuit
639 573 850 619 utrumque
891 570 1056 619 Delphis
1088 572 1128 609 et
1164 571 1206 608 in
1242 571 1394 610 Isthmo
1431 568 1611 624 vicisse)·
1655 567 1751 610 κατὰ

230 633 272 674 δὲ
303 631 374 686 τὴν
404 637 474 674 τοῦ
500 630 779 686 Ἀριστοτέλους
810 634 1060 686 Πυθιονίκης
1098 629 1219 686 μόνος
1266 632 1410 687 Θήρων
1453 631 1751 690 ἀναγέγραπται.

230 701 399 739 adversa
429 699 560 737 fronte
591 702 746 749 pugnat
782 711 871 737 cum
903 700 1022 739 schol.
1054 700 1168 739 Isthq
1187 700 1247 751 113
1286 703 1329 739 at
1363 698 1506 753 Θήρων
1543 715 1753 752 perperam

231 765 423 815 scriptum
448 778 520 814 pro
546 759 859 815 Ξενοκράτης,
890 767 936 802 ut
966 765 1047 803 iam
1072 764 1231 803 Boeckh
1257 765 1556 807 animadvertit:
1583 762 1752 819 Ἰσθμια·

231 832 353 869 νικῶν
385 831 565 880 catalogo
597 830 786 868 carebant
818 829 1095 878 Alexandrini,
1134 830 1270 880 itaque
1309 830 1356 868 de
1387 830 1556 869 Isthmia
1586 831 1754 871 victoria

230 909 314 934 rem
345 896 386 933 in
418 895 548 934 medio
579 895 822 944 relinquunt.
854 916 911 920 —
937 894 1158 934 Simonides
1189 895 1347 934 videtur
1377 908 1423 934 eo
1454 897 1644 945 tempore,
1675 909 1753 946 quo

229 962 269 998 in
302 960 436 999 Sicilia
467 962 734 999 commoratus
770 962 846 1011 est,
880 961 1143 1000 encomium
1174 960 1216 999 in
1247 960 1510 999 Xenocratem
1535 961 1753 1014 scripsisse,

229 1026 269 1063 in
300 1038 378 1075 quo
410 1026 620 1076 utriusque
651 1026 840 1065 victoriae
870 1026 1111 1064 mentionem
1143 1025 1248 1076 fecit,
1279 1038 1407 1076 neque
1431 1026 1649 1076 peculiaria
1673 1039 1755 1066 car-

233 1092 341 1130 mina
371 1092 432 1129 his
463 1091 640 1130 victoriis
673 1091 919 1129 celebrandis
953 1091 1226 1130 destinavisse.

904 1265 941 1306 7.
975 1266 1080 1318 [17.]
1115 1263 1119 1267 ·

658 1343 893 1384 ΑΝΑΞΙΛΑι
916 1347 1115 1381 ΡΗΓΙΝΩι
1140 1348 1332 1381 ΑΠΗΝΗι

335 1432 344 1446 ¹
373 1436 634 1452 υυυυυυ
659 1430 871 1452 &Lo-.-

326 1475 502 1535 Χαι”ρετ
538 1475 825 1521 ἀελλοπόδων
856 1477 1103 1579 θύγατρες
1108 1479 1265 1522 ίππων.

904 1634 942 1676 8.
975 1634 1081 1688 [2ο]

629 1716 849 1749 ΓΛΑΤΚΩι
873 1715 1133 1749 ΚΑΡΤΣΤΙΩι
1158 1715 1354 1749 ΠΤΚΤΗι.

328 1800 800 1823 ....-’.υυυ,-,έψ-

325 1860 490 1879 -Ιυ-.-
516 1859 824 1879 uuuuuuu

451 1961 614 2007 ,Οὐδὲ
647 1962 956 2014 Πολυδεύκεος
987 1966 1063 2019 βια

326 2043 474 2091 χεῖρας
505 2031 744 2078 ἄντειηναιτ
779 2031 837 2077 ἂν
871 2035 1075 2077 ἐναντίον
1107 2032 1249 2094 αὐτῷ,

327 2103 434 2149 οὐδὲ
466 2105 677 2163 σιδάρεον
705 2103 950 2161 Ἀλκμάνας
979 2105 1114 2155 τέκος.

327 2272 386 2308 Fr.
415 2276 445 2307 7.
495 2270 780 2329 Aristot5Rhet.
807 2270 923 2329 111‚2:
957 2268 998 2306 Ο
1022 2272 1240 2329 Σιμωνίδης
1269 2283 1331 2306 οτε
1367 2269 1453 2327 μὲν
1464 2268 1592 2306 ἔδιδον
1618 2270 1758 2317 μισθὸν

232 2316 359 2377 ὀλίγον
386 2316 486 2376 αὐτῷ
514 2317 534 2355 ὁ
562 2316 719 2364 νικήσας
744 2322 821 2359 τοῖς
845 2315 1009 2375 ὀρεῦσιν,
1043 2315 1112 2354 οὐκ
1133 2315 1253 2363 ,ἤθελε
1281 2322 1404 2354 ποιεῖν
1431 2315 1480 2359 ὡς
1504 2319 1759 2376 δυσχεραίνων

233 2366 287 2407 εἰς
324 2363 506 2412 ἡμιόνους
537 2371 671 2402 ποιεῖν.
723 2363 806 2402 ἐπεὶ
838 2362 875 2400 δ’
904 2364 1038 2401 ἴκανὸν
1071 2365 1230 2409 ἔδωκεν,
1263 2362 1433 2410 ἐποίησε
1471 2363 1655 2422 Χαίρετ’
1683 2368 1757 2401 κτλ.

233 2412 311 2459 (ubi
337 2414 483 2456 QYbe
508 2412 743 2459 θυγατέρες).
801 2414 934 2448 Καίτοι
966 2413 1030 2448 καὶ
1057 2413 1131 2448 τῶν
1157 2411 1256 2448 ὄνων
1276 2412 1503 2469 θυγατέρες
1539 2407 1647 2458 ἦσαν.
1702 2412 1756 2448 Of.

174 2487 178 2492 .
233 2461 421 2497 Heracliti.
453 2460 557 2496 Pont.
591 2460 701 2496 Polit.
735 2473 764 2496 c.
791 2464 854 2496 25·
894 2458 1121 2519 ἐτυράννησε
1161 2458 1203 2495 δε
1238 2456 1364 2494 αὐτῶν
1372 2455 1577 2516 Ἀναξίλας
1608 2457 1759 2505 Μεσσή

233 2522 330 2564 νιος,
364 2508 430 2544 καὶ
460 2506 617 2553 νικήσας
646 2505 826 2564 Ὀλύμπια
841 2504 1039 2565 ἡμιόνοις
1059 2505 1219 2543 εἴστίασε
1258 2520 1346 2547 τους
1372 2503 1568 2552 ’Ἕλληναςυ
1607 2507 1676 2541 καί
1703 2520 1759 2547 τις

233 2552 351 2591 αὐτὸν
379 2553 600 2615 ἐπέσκωψεν
627 2553 760 2591 εἰπών·
801 2549 920 2595 Οὗτος
951 2557 990 2590 τί
1016 2551 1065 2590 ἂν
1093 2551 1213 2590 ἐποίει
1237 2552 1392 2599 νικήσας
1422 2555 1564 2595 ΐπποις;
1605 2550 1754 2599 ἐποίησε

234 2602 275 2638 δε
297 2603 361 2638 καὶ
382 2600 567 2638 ἐπινίκιον
589 2604 819 2648 Σιμωνίδης·
846 2599 1002 2647 Χαίρετ’
1023 2605 1098 2637 κ.τλ
1142 2601 1391 2644 Enabuudus,
1410 2603 1453 2636 ut
1470 2601 1628 2645 videtur,
1653 2601 1757 2646 haec,

235 2661 330 2694 quae
349 2651 395 2685 de
408 2649 569 2686 Anaxila
587 2653 852 2693 memorantur,
877 2650 925 2685 ad
945 2649 1025 2684 eius
1045 2649 1160 2684 filium
1177 2648 1447 2704 Cleophronem
1465 2647 1611 2683 rettulit
1619 2629 1757 2683 Athen.

237 2699 246 2731 l
275 2697 356 2732 3E:
390 2694 649 2757 Ἀλκιβιαδηςη
678 2726 686 2733 .
715 2694 873 2737 ,θύσας
901 2693 1086 2753 Ὀλυμπίῳ
1120 2696 1184 2731 Aci·
1212 2693 1280 2740 τὴν
1311 2692 1524 2751 πανήγυριν
1553 2706 1681 2730 πασαν
1706 2708 1758 2730 ει-

234 2746 377 2780 στίασε
416 2743 458 2780 τὸ
485 2741 577 2779 αὐτὸ
612 2742 762 2789 ἐποίησε
796 2743 860 2779 καὶ
890 2741 1083 2788 Λεώφρων
1109 2745 1191 2788 (scr.
1219 2739 1480 2788 Κλεόφρων)
1504 2738 1756 2788 ”,Ολυμπιασιν

236 2788 420 2828 ἐπινίκιον
445 2789 663 2837 γραψαντος
687 2792 754 2828 τοῦ
779 2792 895 2826 Κείου
921 2792 1148 2848 Σιμωνίδου.

330 2839 386 2874 Fr.
414 2843 445 2876 8.
496 2838 649 2875 Lucian.
681 2851 748 2896 pro
773 2839 888 2898 Imawg
915 2842 1032 2874 c.19:
1064 2834 1162 2873 Ἀλλα
1188 2837 1266 2878 πῶς
1292 2833 1448 2896 ἔπήνεσε
1475 2833 1630 2882 ποιητὴς
1654 2835 1756 2872 δόκι-

235 2898 301 2929 μος
338 2883 403 2920 τὸν
439 2887 630 2932 Γλαῦκον,
669 2883 788 2922 Ουδε
824 2887 986 2921 Πολυδ.
1020 2886 1124 2932 βίαν
1162 2896 1287 2930 φησας
1323 2873 1664 2920 ανατείνασθαι
1701 2897 1757 2929 αν
