1864 3126
823 94 1055 134 CORINNA.
1615 95 1700 140 551

165 205 352 263 γενέσθαι
381 206 573 264 λέγουσιν,
605 208 852 261 Χαιρησίλεω
884 208 1020 258 παῖδα,
1050 211 1122 251 τοῦ
1148 205 1308 259 Ἰασίου,
1336 211 1407 250 τοῦ
1436 204 1702 262 Ἐλευθῆρος·

164 274 306 316 τοῦτον
336 267 376 314 δ’
406 269 652 322 Ἀπόλλωνός
682 288 720 313 τε
750 271 817 313 καὶ
843 270 1055 327 Αἰθούσης
1079 269 1182 315 εἶναι
1205 276 1274 327 τῆς
1299 274 1569 323 Ποσειδῶνος·
1603 274 1701 316 Ποί-

166 339 345 393 μανδρον
376 337 420 380 δὲ
451 335 620 394 γυναῖκα
651 350 775 390 φασιν
806 331 1026 393 ἀγαγέσθαι
1055 335 1279 393 Τάναγραν,
1304 338 1503 394 θυγατέρα
1530 335 1700 381 Αἰόλου·

166 404 346 460 Κορίννῃ
377 404 422 446 δέ
451 404 554 447 ἔστιν
585 403 624 454 ἐς
657 400 782 456 αὐτὴν
812 402 1070 456 πεποιημένα,
1098 398 1280 446 Ἀσωποῦ
1311 405 1437 445 παῖδα
1468 400 1580 445 εἶναι.

898 520 967 563 29.

283 608 391 648 Plut.
423 609 472 648 de
504 609 605 648 Mus.
636 620 667 647 c.
702 609 775 646 14:
813 601 870 646 ‘H
907 604 951 647 δὲ
990 602 1171 660 Κόριννα
1211 605 1278 647 καὶ
1318 606 1564 659 διδαχθῆναί
1600 618 1699 659 φησι

163 668 233 715 τὸν
259 666 436 715 Ἀπόλλω
469 668 538 714 ὑπ’
568 668 746 725 Ἀθηνᾶς
776 668 922 713 αὐλεῖν.

897 789 966 832 30.

286 875 415 916 Schol.
447 875 580 926 Apoll.
613 874 791 915 Rhod.1
823 875 927 914 551:
957 868 1188 927 Ἀρμενίδας
1220 871 1263 914 δὲ
1295 873 1339 914 ἔν
1369 878 1450 923 τοῖς
1484 875 1701 927 Θηβαϊκοῖς

162 935 453 992 Ἀμφικτύονος
483 936 575 980 υἱὸν
595 936 760 980 Ἴτωνον
784 938 829 979 ἐν
856 940 1049 996 Θεσσαλία
1072 941 1334 994 γεννηθῆναι,
1357 937 1425 979 καὶ
1446 932 1702 992 Ἀλέξανδρος

161 1003 207 1046 ἐν
235 1006 289 1060 τῷ
321 1000 365 1044 α’
395 1006 474 1045 τῶν
505 1004 707 1056 Κορίννης
738 1000 816 1060 (ita
847 1006 931 1045 cod.
963 1006 1095 1057 Laur„
1126 1006 1250 1056 vulgo
1282 1002 1490 1059 Καρικῶν)
1522 1001 1701 1057 ὑπομνη-

162 1066 307 1124 μάτων.
369 1069 689 1112 Consentaneum
729 1074 792 1112 est
827 1071 988 1111 Itonum
1024 1071 1076 1111 ab
1118 1071 1207 1122 ipsa
1239 1070 1413 1110 Corinna
1442 1071 1485 1110 in
1515 1070 1699 1111 carmini-

163 1136 240 1176 bus
270 1135 396 1177 fuisse
428 1138 793 1177 commemoratum.

894 1252 965 1296 31.

281 1338 412 1380 Schol.
441 1338 574 1390 Apoll.
605 1338 825 1379 Rhod.-III
860 1340 992 1379 1178:
1026 1334 1213 1392 ’.Ωκγυγίας
1250 1335 1294 1379 δὲ
1330 1333 1399 1386 τὰς
1440 1334 1578 1391 Θήβας
1618 1333 1698 1378 ἀπὸ

155 1400 329 1458 Ὠγύγου
359 1406 430 1444 τοῦ
462 1400 638 1457 (πρῶτον
668 1404 781 1443 addit
811 1398 970 1458 Unger)
1001 1400 1305 1457 βασιλεύσαντος
1335 1399 1484 1443 αὐτῶν·
1516 1399 1697 1457 Κόριννα

163 1466 206 1509 δὲ
243 1464 314 1510 τὸν
341 1465 519 1522 Ὤγυγον
558 1470 736 1509 Βοιωτοῦ
778 1464 887 1509 υἱόν·
932 1461 1012 1509 ἀπὸ
1054 1463 1196 1509 τούτου
1240 1466 1283 1509 δὲ
1322 1466 1388 1508 καὶ
1428 1470 1507 1508 τῶν
1550 1468 1699 1521 Θηβῶν

159 1530 294 1576 πύλαι.
342 1534 495 1575 Eadem
526 1534 737 1574 Philemon
767 1535 863 1576 128.
912 1533 1095 1575 Pertinet
1117 1535 1290 1574 fortasse
1316 1534 1368 1574 ad
1393 1546 1566 1586 carmen,
1591 1534 1697 1589 quod

159 1594 333 1648 Βοιωτὸς
362 1599 442 1640 fuit
471 1599 723 1650 inscriptum.

893 1715 963 1760 32.
1606 1727 1698 1759 1213

279 1803 427 1845 Anton.
451 1802 626 1843 Liberal.
652 1815 684 1842 c.
717 1804 792 1842 10:
817 1798 1048 1851 Μινυᾶδες·
1066 1797 1233 1855 Ἱστορεῖ
1250 1802 1481 1856 Νίκανδρος
1506 1801 1696 1855 ἓτεροιου-

161 1865 294 1919 μένων
325 1863 367 1907 δ’
403 1866 470 1908 καὶ
506 1864 734 1920 Κόριννα.
794 1863 964 1908 Μινύου
994 1869 1066 1908 τοῦ
1091 1863 1328 1920 Ὀρχομενοῦ
1358 1865 1540 1921 ἐγένοντο
1570 1870 1698 1921 θυγα-

159 1930 263 1984 τέρες
294 1932 510 1985 Λευκίππη
541 1927 816 1986 (Plutarchus,
848 1933 917 1983 qui
947 1933 989 1972 in
1020 1932 1183 1980 Quaest.
1215 1924 1354 1974 Graec.
1380 1946 1412 1973 ο.
1439 1934 1495 1973 38
1528 1933 1698 1973 eandem

161 1998 309 2038 famam
339 1998 499 2050 attigit,
525 1993 734 2050 ’Λρσινόην
766 1994 982 2051 appellat),
1010 1992 1229 2051 Ἀλκαθόη,
1259 1997 1326 2039 καὶ
1356 1994 1562 2051 ἀπέβησαν
1592 1994 1698 2038 ἐκτό-

163 2078 248 2112 πως
285 2063 482 2118 φιλεργοί,
518 2066 676 2104 πλεῖστα
714 2059 758 2103 δὲ
789 2061 855 2102 καὶ
885 2058 954 2111 τὰς
984 2060 1103 2112 ἄλλας
1133 2067 1325 2118 γυναῖκας
1355 2062 1601 2116 ἐμέμψαντο,
1639 2059 1697 2102 ’ὅτι

160 2126 390 2169 ἐκλιποῦσαι
431 2124 504 2180 τὴν
546 2123 664 2170 πόλιν
708 2126 751 2167 ἐν
793 2130 876 2176 τοῖς
918 2124 1049 2181 ὄρεσιν
1068 2123 1074 2126 ”
1091 2126 1324 2183 ἐβάκχενον,
1367 2126 1457 2182 ἄχρι
1497 2124 1697 2176 Διόνυσος

160 2191 357 2242 εἰκασθεὶς
386 2190 486 2247 κόρῃ
515 2189 740 2248 παρῄνεσεν
771 2189 909 2242 αὐταῖς
945 2188 998 2245 μὴ
1037 2192 1227 2235 ἐκλείπειν
1262 2191 1411 2242 τελετὰς
1441 2188 1468 2246 ἢ
1501 2189 1697 2245 μυστίρια

159 2259 230 2298 τοῦ
260 2260 379 2298 θεοῦ·
411 2258 456 2297 αἰ
484 2256 527 2298 δὲ
559 2251 608 2299 οὗ
649 2261 877 2311 προσεῖχον·
914 2254 1014 2311 πρὸς
1051 2255 1101 2312 δὴ
1140 2262 1261 2300 ταῦτα
1299 2254 1522 2313 χαλεπήνας
1552 2253 1574 2298 ὁ
1604 2251 1698 2298 Διό-

160 2335 282 2372 νυσος
312 2319 399 2363 ἀντὶ
428 2319 549 2375 κόρης
585 2321 735 2377 ἐγένετο
776 2325 922 2376 ταῦρος
957 2322 1024 2363 καὶ
1060 2323 1161 2365 λέων
1197 2324 1263 2365 καὶ
1299 2321 1511 2376 πάρδαλις,
1550 2320 1617 2362 καὶ
1654 2321 1697 2362 ἐκ

159 2390 238 2429 τῶν
268 2385 481 2430 κελεόντων
511 2384 632 2441 ἐρρύη
669 2386 807 2440 νέκταρ
848 2384 953 2445 αὐτῷ
992 2388 1060 2429 καὶ
1095 2386 1206 2443 γάλα.
1255 2386 1355 2442 πρὸς
1393 2387 1436 2430 δὲ
1472 2384 1518 2428 τὰ
1557 2391 1698 2440 σημεῖα

159 2450 228 2503 τὰς
265 2450 387 2507 κόρας
424 2452 537 2506 ἔλαβε
576 2453 701 2506 δεῖμα.
749 2452 817 2493 καὶ
852 2449 932 2505 μετ’
974 2450 1022 2495 οὗ
1059 2451 1162 2496 πολὺ
1198 2451 1369 2507 κλήρους
1407 2454 1462 2502 εἰς
1498 2450 1619 2507 ἄγγος
1655 2453 1701 2492 αἱ

159 2522 259 2572 τρεῖς
290 2517 530 2572 ἐμβαλοῦσαι
567 2512 789 2571 ἆνέπηλαν·
828 2517 911 2558 ἐπεὶ
948 2515 985 2558 δ’
1027 2515 1048 2560 ὁ
1085 2522 1227 2573 κλῆρος
1263 2517 1416 2568 ἐξέπεσε
1447 2518 1697 2571 Λευκίππης,

156 2582 305 2637 ἠὔξατο
347 2587 461 2638 θῦμα
502 2586 554 2641 τᾳ*
596 2585 681 2640 θεῷ
724 2579 881 2632 δώσειν,
925 2584 991 2625 καὶ
1021 2582 1221 2626 Ἵππασον
1267 2581 1337 2625 τὸν
1380 2582 1523 2636 ἑαυτῆς
1565 2582 1692 2623 παῖδα

161 2648 343 2691 διέσπασε
374 2646 450 2690 σὺν
479 2653 563 2698 ταῖς
593 2645 800 2701 ἀδελφαῖς·
831 2652 1114 2690 καταλιποῦσαι
1139 2647 1183 2690 δὲ
1213 2645 1259 2688 τὰ
1291 2648 1415 2689 οἰκεῖα
1439 2649 1509 2688 τοῦ
1533 2643 1695 2700 πατρός,

160 2711 376 2768 ἒβᾶκχευον
419 2714 462 2755 ἐν
504 2718 586 2762 τοῖς
640 2710 771 2765 ὄρεσιν
820 2711 886 2753 καὶ
930 2712 1112 2767 ἐνέμοντο
1162 2710 1300 2754 κισσὸν
1341 2711 1408 2753 καὶ
1449 2712 1591 2765 μίλακα
1633 2711 1699 2753 καὶ

161 2776 343 2833 δάφνην,
385 2777 498 2834 ἄχρις
535 2775 658 2828 αὐτὰς
699 2774 848 2832 Ἑρμῆς
883 2774 1091 2832 ἁψάμενος
1133 2781 1179 2834 τῇ
1218 2775 1354 2835 ῥάβδῳ
1395 2777 1601 2832 μετέβαλεν
1640 2779 1696 2828 εἰς

164 2842 346 2900 ὄρνιθας·
386 2845 454 2887 καὶ
490 2841 622 2887 αὐτῶν
658 2840 685 2899 ἡ
721 2843 794 2900 μὲν
831 2842 980 2900 ἐγένετο
1023 2845 1217 2898 νυκτερίς,
1252 2839 1278 2897 ἡ
1319 2841 1363 2885 δὲ
1402 2844 1543 2898 γλαῦξ,
1582 2839 1608 2898 ἡ
1649 2841 1696 2886 δὲ
