1864 3126
196 131 281 173 516
493 152 495 156 v
762 130 951 167 POETAE
977 129 1156 165 MELIGI.

315 242 505 280 Simonidi
536 243 680 281 tribuit
712 242 985 282 Schneidewin
1022 242 1183 292 elegans
1221 243 1486 293 epigramma,
1518 241 1623 291 quod
1654 223 1717 280 est

196 320 257 356 ap.
289 306 447 345 Diodor.
481 307 537 345 XI
573 310 655 346 114
689 302 849 358 (Arsen.
883 301 979 360 97):

314 385 472 439 Μνᾶμοῖ
501 385 533 427 τ’
568 385 808 441 ἆλεξᾶνὸρου
839 387 1010 441 πολέμου
1041 387 1106 428 καὶ
1137 386 1312 441 μάρτυρα
1343 388 1455 436 νίκας

373 453 527 504 Δελφοί
555 468 599 505 με
631 455 788 504 στᾶσαν,
819 453 919 493 Ζανὶ
949 450 1193 506 χαριζόμενοι

314 513 389 556 σὺν
421 518 570 572 Φοίβῳ,
601 518 868 570 πτολίπορθον
899 514 1151 571 ἀπωσάμενοι
1183 518 1290 570 στίχοι
1320 514 1483 569 Μήδων

373 580 439 620 καὶ
469 581 784 634 χαλκοστέφανον
814 580 1026 637 ῥυσάμενοι
1055 582 1222 634 τέμενος.

197 672 265 709 sed
296 673 431 709 tamen
461 685 623 721 prorsus
655 673 807 711 incerta
837 673 935 711 haec
967 672 1203 711 coniectura.
1254 671 1312 710 Of.
1339 672 1459 711 etiam
1491 683 1593 720 quae
1617 670 1719 710 dixit

196 736 392 774 Wieseler
435 736 577 776 Philol.
615 737 708 774 XXI
747 738 848 784 274,
893 736 963 775 sed
1003 749 1084 775 non
1126 738 1233 775 recte
1277 737 1347 775 ille
1389 732 1720 787 χαλικοστέφανον

197 801 396 850 corrigere
427 801 570 850 voluit,
611 802 659 840 de
690 802 862 840 maceria
899 801 1100 852 cogitans,
1138 813 1216 851 qua
1252 801 1447 851 templum
1483 800 1606 839 fuerit
1642 801 1719 854 οἰτέ

196 867 443 906 cumdatum:
481 864 797 918 χαλκοστέφανον
833 866 1086 905 referendum
1122 866 1185 904 est
1222 866 1273 904 ad
1303 865 1600 904 multitudinem
1629 866 1720 905 ahe-

195 945 362 971 nearum
400 933 642 982 statuarum,
678 932 859 982 Delphici
900 932 985 970 fani
1025 931 1195 970 maxime
1231 930 1386 980 insigne
1426 931 1561 981 decus,
1598 933 1719 981 atque

193 998 260 1036 vel
302 998 515 1046 propterea
551 996 616 1036 hic
658 996 800 1035 titulus
844 996 894 1034 ad
936 995 1197 1035 recentiorem
1240 996 1415 1034 aetatem
1456 995 1718 1035 revocandus:

193 1062 381 1102 videntur
407 1062 512 1100 enim
536 1061 683 1111 Delphi
714 1062 918 1111 aliquanto
944 1063 1036 1111 post
1059 1060 1161 1099 illud
1185 1062 1396 1110 tropaeum
1420 1060 1462 1098 in
1486 1060 1719 1099 memoriam

194 1127 341 1168 Medici
370 1127 568 1166 tumultus
600 1127 687 1166 Iovi
718 1128 759 1165 et
789 1126 968 1176 Apollini
999 1126 1308 1175 consecravisse,
1342 1125 1411 1164 sed
1443 1127 1536 1164 ante
1566 1124 1719 1175 Ephori

193 1192 374 1232 historici
410 1194 601 1230 aetatem:
646 1205 739 1230 nam
781 1191 978 1231 Diodorus
1022 1191 1128 1230 haud
1171 1190 1289 1229 dubie
1333 1190 1431 1228 haec
1473 1201 1629 1240 quoque
1671 1201 1720 1228 ex

193 1257 354 1306 Ephoro
385 1256 605 1306 descripsit,
637 1256 704 1306 qui
734 1255 874 1294 titulos
900 1256 1009 1294 haud
1031 1257 1283 1306 neglexerat,
1315 1255 1362 1293 cf.
1388 1253 1500 1293 Diod.
1525 1252 1625 1291 XIII
1649 1254 1718 1291 41.

195 1343 250 1349 ——
271 1322 377 1361 Item
401 1321 453 1359 ad
478 1320 719 1360 Simonidem
745 1320 1019 1361 Schneidewin
1049 1321 1190 1359 retulit
1220 1320 1468 1370 epigramma
1493 1331 1555 1368 ap.
1573 1317 1718 1357 Athen.

194 1387 274 1426 XII
305 1388 390 1426 536
405 1387 458 1425 B:

313 1474 456 1533 Μὶιᾶμ’
491 1476 628 1533 ἆρετᾶς
658 1476 830 1534 ἀνέθηκε
860 1477 1112 1523 Ποσειδάωνι
1141 1477 1279 1522 ἄνακτι

372 1547 621 1599 Παυσανίας,
653 1545 785 1601 ἅρχων
808 1542 998 1595 Ἑλλάδος
1029 1543 1246 1600 εὐρυχόρου

312 1609 461 1653 πόντου
493 1609 555 1652 ἐπ’
590 1609 802 1663 Εὐξείνου,
834 1608 1151 1664 Λακεδαιμόνιος
1180 1610 1306 1665 γένος,
1330 1607 1417 1658 υἱός

372 1674 663 1730 Κλεομβρότου,
694 1673 857 1731 ἀρχαίας
881 1672 1093 1729 Ἡρακλέος
1122 1679 1269 1730 γενεᾶς.

196 1776 301 1827 quod
333 1774 577 1824 epigramma,
614 1771 861 1822 Goettlingio
900 1784 990 1810 cum
1020 1772 1116 1816 ,aliis
1153 1771 1396 1822 nominibus,
1433 1774 1521 1810 tum
1555 1772 1720 1821 propter
1779 1789 1784 1793 ·

195 1841 435 1882 adiectivum
471 1834 684 1889 εὖρύχορος
723 1839 952 1887 suspectum
989 1841 1029 1876 et
1067 1836 1324 1876 subditicium
1359 1836 1536 1876 videtur:
1572 1835 1719 1874 iniuria

195 1908 352 1958 opinor3
391 1905 551 1944 videtur
581 1902 799 1941 Pausanias
835 1905 1134 1942 monumentum
1175 1913 1444 1950 consecrasse,
1482 1913 1571 1940 cum
1607 1899 1718 1939 tituli

195 1975 360 2022 honore,
404 1981 522 2020 quem
560 1966 727 2016 Delphis
775 1970 1056 2016 usurpaverat,
1098 1968 1203 2006 esset
1245 1967 1409 2005 orbatus
1453 1968 1494 2005 et
1536 1961 1719 2015 Byzantii

196 2039 323 2077 denuo
366 2035 549 2085 privatus
589 2033 835 2080 versam-‚etur
880 2031 952 2070 hoc
995 2033 1057 2070 est
1101 2029 1162 2070 01.
1193 2029 1379 2068 LXXVII
1417 2032 1440 2069 2
1481 2031 1546 2070 vel
1585 2031 1609 2069 3
1649 2023 1718 2082 (cf

196 2105 319 2142 etiam
357 2099 545 2139 Schaefer
581 2098 630 2136 de
667 2109 744 2136 rer.
774 2098 876 2147 gest.
906 2099 1072 2145 tempor.
1109 2108 1146 2144 p.
1186 2088 1279 2148 14):
1316 2095 1452 2145 itaque
1487 2094 1621 2145 potuit
1657 2092 1716 2132 Si-

195 2166 365 2207 monidis
398 2176 483 2203 esse
515 2163 772 2214 epigramma.

313 2231 417 2269 Item
448 2227 724 2267 Schneidewin
748 2226 942 2266 Simonidi
972 2225 1116 2265 tribuit
1145 2237 1301 2273 versus,
1336 2224 1404 2276 qui
1433 2225 1624 2275 leguntur
1654 2237 1717 2276 ap.

195 2298 300 2338 Plut.
332 2295 477 2336 consol.
509 2293 560 2332 ad
589 2293 771 2342 Apollon.
803 2304 835 2331 c.
870 2293 936 2330 15.
966 2291 1037 2331 vit.
1069 2291 1203 2340 Pelop.
1229 2303 1258 2330 c.
1289 2293 1325 2328 1.
1357 2289 1467 2330 Stob.
1496 2288 1629 2329 OVIH
1661 2290 1716 2328 83

198 2359 288 2417 (ubi
319 2357 407 2401 οὔτε
437 2355 479 2398 τὸ
512 2358 583 2409 ζῆν
615 2388 624 2397 .
646 2389 654 2397 .
674 2386 685 2396 .
716 2351 840 2411 οὔτε);

318 2455 372 2495 Οἳ
398 2449 530 2493 θάνον
562 2448 611 2493 οὐ
639 2447 682 2492 τὸ
713 2452 785 2504 ζῆν
814 2449 977 2503 θέμενοι
1006 2446 1128 2490 καλὸν
1158 2443 1253 2491 οὐδὲ
1281 2443 1324 2491 τὸ
1354 2444 1558 2502 θνήσκειν,
1639 2483 1641 2485 .

375 2515 471 2559 ἄλλα
502 2532 545 2558 το
576 2515 696 2557 ταῦτα
726 2518 854 2564 καλῶς
884 2511 1071 2568 ἀμφότερ’
1106 2513 1304 2555 ἐκτελέσαι.

196 2614 269 2658 ubi
299 2615 464 2666 corrigit
492 2614 534 2654 ὀἳ
563 2609 598 2653 δ’
634 2611 784 2652 ἔθανον
813 2608 856 2652 τὸ
887 2612 959 2663 ζῆν
982 2614 1025 2650 θ.
1049 2626 1084 2650 κ.
1110 2607 1198 2650 οὔτε
1222 2613 1311 2662 ιιι-λη,
1342 2612 1480 2650 contra
1509 2608 1715 2658 Goettling

199 2683 342 2733 Opusc.
373 2680 395 2719 I
427 2681 512 2719 320
543 2679 703 2718 eosdem
732 2690 873 2717 versus
908 2677 1069 2726 Zyrtaeo
1093 2675 1292 2715 vindicare
1318 2675 1464 2724 studet,
1494 2686 1573 2712 non
1596 2674 1716 2722 recte,

198 2762 289 2786 nam
328 2747 577 2797 epigramma
607 2757 693 2783 esse
724 2743 839 2782 docet
876 2742 992 2781 Teles
1030 2754 1093 2791 ap.
1126 2739 1234 2779 Stob.
1272 2734 1553 2794 (ἐπιγράφουσι
1589 2739 1716 2776 Λακε-

200 2808 415 2863 δαιμόνιοι,
453 2811 560 2849 Plut.
591 2809 726 2859 Pelop.
758 2802 984 2859 ἐπικήδειον
1023 2801 1176 2859 voeat);
1215 2805 1425 2856 legebatur
1463 2803 1635 2842 fortasse
1673 2802 1731 2842 in

198 2877 405 2918 Leuctrico
436 2875 603 2917 tumulo.
