1864 3126
775 147 1058 186 ANAcssos.
1335 114 1342 122 ’
1596 146 1679 191 261

808 259 877 301 20.
912 258 1020 311 [18.]
1055 270 1059 274 ’

844 343 921 393 Τίς
952 341 1168 398 ἐρασμίην

240 412 402 469 τρέψας
433 410 586 470 θυμὸν
618 413 661 465 ἐς
694 410 811 469 ἥβην
841 410 1034 469 τερένων
1065 407 1272 468 ἡμιόπων
1307 408 1379 455 ὑπ’
1415 408 1568 455 αὐλῶν

242 492 459 542 ορχεῖταις

640 643 752 689 ΕΙΣ
788 645 822 688 Α
835 642 1177 688 ΡΤΕΜΩΝΑ.

806 757 875 799 21.
909 756 996 810 [19
999 758 1015 810 j
1384 762 1387 764 ’
1589 765 1679 797 1018

640 839 799 897 Ξανθῇ
833 838 886 882 δέ
915 836 958 895 γ’
994 835 1241 896 Ευρυπύλῃ
1273 837 1390 894 μέλει

355 906 380 953 ὁ
411 907 711 967 περιφόρητος
738 906 978 967 Ἀρτέμων·

141 1066 330 1108 καλειται,
366 1060 416 1105 ὥς
450 1060 543 1109 παρ’
575 1060 880 1122 Ἀνακρέοντι’
911 1060 1082 1109 Ἀρθεὶς
1117 1065 1191 1098 κτλ.
1225 1062 1344 1099 Affert
1369 1062 1483 1099 etiam
1510 1061 1679 1119 Apost015

141 1111 318 1155 111900,
353 1113 392 1148 et
422 1111 537 1148 verba
551 1109 727 1169 μεθύων
754 1110 862 1169 ξρωτι
886 1110 1060 1147 Philostr.
1088 1110 1248 1156 Imag.1
1276 1114 1330 1147 15.
1359 1131 1402 1137 ——
1435 1110 1479 1146 V.
1509 1114 1538 1146 1.
1565 1104 1677 1156 δηῦτ’

141 1158 213 1195 scri
258 1159 282 1203 i,
309 1158 423 1204 vulgo
449 1155 487 1194 δ’
516 1153 618 1205 ηυτ’,
643 1161 676 1195 A
702 1161 748 1205 δη
752 1155 826 1195 ὖτ’.
854 1180 898 1185 -
932 1157 1144 1202 Λευκάδος,
1171 1158 1257 1194 fort.
1283 1155 1469 1199 λευκάὸος
1505 1159 1676 1247 Stuestat3

247 1173 837 1254 urip.cyclop.166'.Ha1-tung
854 1203 1030 1247 λισσάδος
1050 1186 1270 1252 suspicatur.
1291 1227 1338 1233 —
1358 1206 1401 1244 V
1421 1209 1452 1243 2.
1525 1206 1591 1250 ,A
1612 1204 1675 1246 εἰς.

141 1274 187 1281 -
162 1206 398 1301 ίἱιιολυμβῶ,
395 1218 683 1291 ySchneidewin
707 1253 912 1303 κολυμβέω.

233 1325 292 1361 Fr.
318 1329 376 1361 20.
425 1325 562 1362 Athen.
594 1325 646 1360 IV
674 1323 802 1362 177A.
835 1326 1005 1372 Οἴδαμεν
1037 1323 1079 1362 δὲ
1111 1324 1176 1361 καὶ
1207 1321 1295 1366 τοὺς
1326 1321 1513 1383 ἡμιόπους
1538 1327 1674 1360 καλου-

141 1372 294 1432 μένους,
319 1372 406 1431 περὶ
432 1368 484 1409 ὧν
504 1384 620 1431 φησιν
643 1369 906 1431 Ἀνακρέων·
935 1374 1014 1414 Τίς
1040 1370 1092 1419 ἐρ.
1118 1371 1291 1431 τρέψας
1317 1371 1495 1429 (θρέψας
1503 1371 1612 1417 PVL)
1633 1374 1673 1409 θ’.

142 1418 306 1468 έσέβην
332 1418 482 1466 τερεν’
509 1417 565 1463 ὦς
575 1417 792 1478 ἡμίοπον
816 1417 891 1461 ὑπ’
925 1417 1074 1456 αὐλῶν
1107 1417 1322 1466 ὀρχεῖται
1347 1420 1442 1466 (ΑΒ,
1475 1417 1674 1478 ὀρχεῖσθαι

139 1468 261 1512 PVL).
297 1488 340 1494 -
366 1468 410 1504 V.
438 1472 471 1504 2.
500 1466 539 1509 ἐς
568 1464 642 1517 ἥβη
645 1481 667 1503 ν
699 1468 852 1512 correxi,
884 1468 1013 1514 itaque
1038 1468 1239 1504 Mehlhorn
1259 1467 1484 1512 emendavit,
1511 1466 1675 1513 τερένων

141 1513 317 1562 ἡμιόπων
349 1515 588 1551 Casaubonus
621 1515 798 1561 correxit,
830 1514 876 1551 cf.
909 1516 1045 1551 Athen.
1077 1514 1129 1550 IV
1163 1515 1284 1551 1820.
1323 1514 1394 1550 εἰσὶ
1426 1512 1466 1550 δ’
1497 1513 1538 1551 οἱ
1554 1481 1675 1551 ραύτοὶ

139 1567 219 1605 τοῖς
243 1564 435 1604 παιδικοῖς
459 1562 719 1622 καλουμένοις,
745 1544 800 1604 οἷς
826 1559 896 1599 οὐκ
922 1556 1029 1599 οὖσιν
1057 1560 1278 1620 ἐναγωνίοις
1302 1560 1397 1608 πρὸς
1421 1559 1488 1603 τὰς
1514 1558 1675 1608 εὐωχίας

137 1611 317 1656 χρῶνται,
350 1607 410 1646 διὸ
443 1610 509 1646 καὶ
539 1609 731 1656 τέρενας
761 1607 902 1652 αὐτοὺς
940 1607 1156 1664 (ἡμιόπους)
1193 1608 1375 1655 κέκληκεν
1407 1607 1427 1646 ὁ
1459 1607 1672 1655 Ἀνακρέων.

138 1657 289 1695 Conieci
326 1658 374 1694 ab
411 1657 519 1694 initio
555 1658 663 1704 pueri
706 1669 843 1694 nomen
879 1657 1113 1694 intercidisse
1151 1669 1195 1694 ac
1227 1658 1463 1694 scribendum
1495 1668 1575 1693 esse
1607 1657 1674 1699 τὶς

138 1702 320 1752 ἐρασμίην
346 1734 354 1742 .
376 1733 384 1742 .
407 1735 414 1743 .
441 1702 688 1751 ὀρχείσθω,
724 1705 770 1743 cf
798 1707 865 1742 lon
889 1705 933 1742 fr.
960 1710 994 1751 2,
1022 1710 1065 1741 10
1097 1702 1285 1751 ὀρχείσθω
1317 1719 1382 1746 τις.
1434 1705 1494 1741 Ad
1518 1704 1674 1750 Bathyl-

136 1753 215 1789 lum
239 1752 308 1789 hos
332 1764 459 1789 versus
484 1753 673 1807 pertinere
699 1753 775 1790 iam
802 1753 892 1789 olim
919 1753 1130 1799 suspicatus
1156 1765 1254 1798 sum,
1287 1752 1390 1789 cuius
1421 1754 1558 1789 nomen
1584 1764 1673 1789 sane

140 1801 182 1837 in
206 1800 396 1855 germanis
420 1799 666 1837 Anacreontis
690 1799 860 1846 reliquiis
886 1812 1068 1846 nusquam
1097 1803 1300 1846 comparet,
1328 1812 1411 1836 cum
1431 1801 1604 1846 frequens
1625 1801 1675 1837 sit

138 1848 178 1884 in
204 1847 412 1884 subditiciis
444 1847 653 1894 cantilenis,
683 1850 724 1885 at
753 1850 1026 1884 Anacreontem
1062 1848 1223 1884 multum
1257 1848 1370 1884 fuisse
1395 1847 1434 1884 in
1461 1848 1533 1884 hoc
1558 1859 1673 1895 puero

95 1907 106 1910 ·
136 1895 327 1932 laudando
363 1895 490 1932 idonei
526 1897 642 1932 testes
679 1898 852 1943 arguunt,
891 1896 977 1932 vide
1013 1907 1110 1942 quae
1147 1895 1187 1931 in
1224 1896 1282 1931 ed.
1314 1896 1448 1932 Anacr.
1480 1897 1604 1942 (1834)
1636 1908 1672 1950 Ρ.

140 1947 207 1980 107
221 1954 297 1989 seq.
325 1942 465 1990 scripsi.
515 1943 640 1980 Etiam
668 1943 827 1999 aliorum
852 1954 1051 1990 puerorum
1074 1942 1230 1979 nomina
1260 1943 1420 1979 fortasse
1446 1954 1544 1979 nunc
1569 1943 1673 1990 peni-

136 1993 196 2027 tus
222 1990 458 2035 oblitterata,
490 1991 555 2027 sed
586 1991 687 2037 quod
717 1991 757 2027 in
788 1991 941 2028 vasculo
971 1991 1074 2037 picto
1105 1990 1287 2027 Volcente
1321 1990 1493 2036 (Cabinet
1518 1991 1672 2026 Durand

135 2050 171 2076 ιι.
198 2041 282 2083 428)
308 2038 372 2074 ubi
398 2003 676 2076 ANAKPEqON
697 2038 832 2074 fidibus
858 2050 993 2075 canens
1019 2034 1246 2084 conspicitur
1265 2037 1508 2074 adstantibus
1528 2038 1672 2074 duobus

134 2085 426 2122 adulescentulis
457 2085 567 2123 alteri
597 2086 826 2133 adscriptum
858 2087 917 2122 est
948 2088 1129 2122 ΝΤΦΕΣ
1150 2088 1336 2131 ΚΑΛΟΣ,
1366 2097 1442 2122 ιιοιι
1468 2086 1560 2122 satis
1585 2086 1668 2121 tuto

136 2132 294 2180 colligas
318 2144 455 2169 nomen
479 2131 649 2180 Νυμφης
674 2145 720 2170 ex
719 2099 880 2181 ppoetae
906 2134 1033 2180 aliquo
1059 2133 1224 2171 carmine
1249 2114 1412 2180 peti’tum
1437 2144 1527 2170 esse.

231 2204 290 2240 Er.
316 2208 374 2242 21.
423 2203 561 2242 Athen.
590 2205 659 2240 XII
685 2205 817 2242 533E.
850 2206 1076 2262 Χαμαιλέων
1108 2201 1146 2240 δ’
1175 2202 1195 2241 ὁ
1228 2201 1417 2245 Ποντικὸς
1444 2201 1485 2240 έν
1499 2205 1561 2260 τῷ
1587 2204 1674 2248 περὶ

137 2249 399 2307 Ἀνακρέοντος
418 2253 577 2297 προθεὶς
601 2250 664 2288 τό·
690 2253 854 2311 Ξανθῇ
894 2249 930 2288 δ’
960 2249 1208 2310 Εὐρυπύλῃ
1229 2266 1265 2297 μ.
1285 2249 1306 2287 ὁ
1326 2265 1364 2288 π.
1382 2249 1437 2295 ’A.‚
1469 2249 1537 2297 τὴν
1562 2263 1673 2296 προσ-

138 2300 294 2344 ηγορίαν
327 2295 469 2343 ταύτην
500 2301 631 2348 λαβεῖν
662 2297 730 2336 τὸν
759 2297 964 2358 Ἀρτέμωνα
996 2298 1061 2336 διὰ
1093 2298 1135 2335 τὸ
1151 2300 1364 2355 τρυφερῶς
1389 2299 1546 2346 βιοῦντα
1572 2311 1673 2355 περι-

139 2345 332 2406 φέρεσθαι
366 2342 428 2381 ἐπὶ
459 2347 603 2403 κλίνης.
635 2347 700 2383 καὶ
731 2361 802 2393 γαρ
831 2344 1037 2393 Ἀ’νακρέων
1069 2344 1189 2383 αὐτὸν
1216 2344 1258 2385 ἐκ
1283 2348 1418 2387 πενίας
1444 2345 1498 2386 εἰς
1524 2343 1672 2403 τρυφὴν

137 2394 304 2449 ορμησαί
326 2405 441 2438 φησιν
468 2391 509 2429 ἐν
535 2406 699 2435 τουτοις·
726 2394 843 2440 Πρὶν
869 2393 952 2441 μὲν
977 2398 1051 2432 κτλ.
1078 2415 1122 2421 --
1150 2395 1194 2431 V.
1224 2399 1254 2430 1.
1281 2394 1419 2441 Ξανθῇ
1447 2392 1491 2429 δέ
1516 2407 1537 2439 γ
1583 2394 1672 2429 scri-

137 2441 206 2488 psi,
232 2440 291 2478 CL
318 2440 443 2488 ξανθῇ
472 2436 525 2486 δ’,
550 2441 616 2478 sed
642 2441 706 2478 Pv
731 2442 855 2496 ξανθῇ
869 2408 921 2477 μέθ’
951 2439 1003 2479 ἐν.
1043 2442 1217 2488 Hartuug
1241 2452 1376 2477 nomen
1401 2441 1568 2477 mulieris
1594 2452 1672 2476 cor·

138 2490 291 2547 ruptum
318 2499 398 2524 esse
425 2489 564 2532 censet,
592 2490 632 2524 et
656 2489 819 2528 coniecit
842 2490 966 2537 ξανθῇ
995 2488 1037 2526 δὲ
1059 2491 1140 2525 Νεο
1143 2491 1244 2536 φ.ίλῃ
1273 2510 1316 2515 -
1343 2488 1386 2524 V.
1408 2492 1438 2523 2
1466 2486 1671 2533 περιφόρη·

137 2549 200 2578 τος
221 2533 401 2581 Ἀρτέμων
427 2546 524 2582 resp.
554 2515 679 2572 ’Schol.
710 2534 827 2572 Arist.
851 2535 1012 2573 Acharn.
1038 2540 1118 2572 830.
1157 2536 1254 2572 Plut.
1282 2535 1348 2572 vit.
1381 2535 1513 2572 Pericl.
1546 2547 1577 2573 c.
1609 2539 1672 2579 27·

138 2584 185 2620 cf.
212 2583 327 2620 etiam
351 2583 596 2629 Paroemiogr
597 2583 675 2620 .T.
701 2583 718 2618 Ι
742 2586 810 2619 441
844 2584 883 2619 et
908 2582 1032 2620 Miller
1056 2584 1159 2619 Misc.
1185 2587 1265 2620 356.
1294 2604 1335 2609 -
1363 2582 1536 2636 Ceterum
1562 2583 1672 2620 valde

138 2631 270 2667 dubito
301 2642 350 2667 an
380 2642 413 2667 v.
444 2635 461 2666 1
495 2631 534 2666 et
558 2635 579 2667 2
612 2630 839 2667 cohaereant
868 2642 952 2667 cum
985 2631 1173 2676 reliquisr
1188 2630 1362 2667 videntur
1393 2629 1492 2666 enim
1526 2629 1566 2665 hi
1598 2630 1672 2667 duo

138 2690 267 2715 versus
291 2678 339 2714 ad
365 2677 469 2714 aliud
494 2689 644 2715 carmen
668 2677 865 2723 referendi,
889 2678 990 2723 quod
1015 2679 1179 2714 dimetris
1211 2678 1378 2714 iambicis
1408 2677 1672 2725 conscriptum,

139 2727 182 2761 ut
213 2726 289 2761 iam
320 2726 546 2771 anapaestus
577 2737 643 2772 pro
675 2725 801 2762 iambo
834 2725 871 2760 in
902 2724 1051 2762 nomine
1083 2725 1236 2771 proprio
1267 2724 1362 2760 nihil
1394 2725 1532 2762 habeat
1557 2725 1671 2762 o‘ffen-

140 2772 266 2809 sionis.
319 2771 459 2816 Quodsi
490 2786 524 2809 v.
554 2778 571 2809 1
610 2774 648 2808 et
679 2777 700 2808 2
733 2772 954 2816 seiunxeris
988 2772 1084 2808 nihil
1108 2772 1184 2808 iam
1210 2773 1346 2816 obstat,
1378 2772 1576 2818 quominus
1602 2773 1672 2809 hoc

139 2830 290 2856 carmen
327 2819 514 2866 integrum
561 2822 600 2857 et
642 2820 745 2856 omni
783 2831 827 2855 ex
870 2822 976 2866 parte
1019 2820 1231 2856 absolutum
1272 2830 1351 2855 esse
1398 2820 1594 2865 credatur,
1633 2820 1671 2856 id

142 2868 241 2913 quod
267 2867 381 2903 etiam
409 2867 551 2904 Blaesio
578 2867 708 2905 visum.
761 2867 813 2903 Et
842 2866 881 2903 in
912 2867 978 2903 illo
1010 2867 1160 2912 quidem
1193 2867 1356 2903 carmine
1381 2866 1538 2903 fortasse
1547 2869 1672 2926 poeta

140 2914 340 2951 mollitiem
370 2914 585 2953 Artemonis
617 2915 882 2962 perstrinxerat
919 2914 1053 2951 lectica
1089 2915 1245 2961 utentis,
1283 2914 1380 2951 unde
1417 2912 1671 2962 περιφόρητος
