1864 3126
790 142 1064 181 SIMONIDES.
1609 140 1697 184 395

11 303 14 307 ,
256 252 363 299 ἑπτὰ
397 250 684 310 ἰοπλοκάμων
715 254 855 310 φιλᾶν
886 253 1146 310 θυγατρῶν,
1179 251 1250 295 ταὶ
1282 250 1516 296 καλέονται

0 332 14 374 ἔ
209 337 231 371 5
258 323 500 377 Πελειάδες
531 322 754 382 οὐράνιαι.

789 444 891 487 *19.
924 443 1062 499 [103.]
1605 454 1695 485 112³

280 529 489 574 Aristotel.
519 532 640 584 Phys.
674 509 795 571 A-usc·
826 530 884 570 IV
921 532 991 572 13:
1031 530 1073 571 οἱ
1099 527 1171 582 μὲν
1206 526 1435 581 σοφώτατον
1467 529 1600 583 ἔλεγον
1629 524 1698 570 τὸν

159 594 317 652 χρόνον,
348 593 370 639 ὃ
403 596 446 639 δὲ
471 593 753 651 Πυθαγόρειος
777 592 930 648 Πάρων
960 591 1246 648 ἀμαθέστατον,
1278 592 1337 636 ὅτι
1363 591 1698 636 ἐπιλανθάνονται

162 662 207 705 ἕν
237 660 354 721 αὐτῷ.
422 665 472 703 ad
510 677 628 715 quem
665 664 795 703 locum
829 661 1005 712 Simplic.
1037 661 1081 700 T.
1114 661 1173 700 IV
1205 663 1310 702 393:
1355 658 1514 710 εἰκότως
1551 661 1593 702 οἱ
1627 658 1698 713 μὲν

160 726 408 782 σοφώτατον,
447 729 488 770 οἱ
516 727 559 769 δὲ
590 724 862 781 ἀμαθέστατον
898 722 1080 781 λέγουσιν
1112 721 1214 767 εἶναι
1243 722 1311 767 τὸν
1342 723 1505 780 χρόνον·
1543 728 1698 778 Σιμω-

160 796 300 849 νίδης
325 793 408 848 μὲν
433 791 519 848 γὰρ
545 791 845 846 σοφώτατον,
871 789 930 833 ’ὅτι
954 791 1129 846 γίνονται
1154 788 1407 844 ἐπιστήμονες
1431 787 1510 833 ὑπὸ
1538 786 1699 845 χρόνου,

160 857 311 914 Πάρων
349 859 392 901 δὲ
429 856 450 901 ὅ
488 856 767 914 Πυθαγόρειος
810 854 1102 911 ἀμαθέστατον,
1145 853 1202 898 ὅτι
1243 853 1579 898 ἐπιλανθάνονται
1619 852 1697 897 ὑπὸ

159 923 317 979 χρόνου.
367 918 482 975 οὗτος
507 919 545 965 δ’
574 924 701 966 ἔοικεν
726 920 846 974 εἶναι,
878 916 926 964 οὗ
951 920 1018 962 καὶ
1037 918 1229 975 Εὔδημος
1254 918 1477 975 ἆνωνύμως
1501 918 1697 975 ἐμνήσθη,

159 988 284 1046 λέγων
324 989 368 1031 ἔν
401 987 627 1046 Ὀλυμπία
659 989 890 1042 Σιμωνίδου
927 984 997 1029 τὸν
1033 984 1179 1042 χρόνον
1216 986 1492 1038 ἐπαινοῦντος,
1530 982 1589 1036 ὡς
1621 999 1700 1028 σο·

158 1053 396 1108 φῶτατον,
428 1055 535 1106 εἴπερ
567 1054 610 1095 ἐν
641 1050 747 1111 αὐτῷ
778 1054 824 1094 αἰ
849 1050 1045 1106 μαθήσεις
1077 1054 1254 1113 γίνονται
1285 1051 1351 1092 καὶ
1380 1052 1424 1092 αἱ
1445 1048 1699 1105 ἀναμνήσεις,

157 1117 334 1174 παρόντα
364 1116 452 1161 τινὰ
482 1122 562 1160 τῶν
594 1121 732 1171 σοφῶν
763 1119 909 1170 εἰπεῖν,
946 1120 984 1160 τί
1013 1116 1074 1170 δέ,
1108 1111 1139 1159 ὦ
1171 1118 1400 1198 Σιμωνίδη,
1442 1114 1516 1159 οὐκ
1548 1117 1701 1159 ἐπιλαν-

158 1182 373 1238 θανόμεθα
404 1181 535 1237 μέντοι
567 1184 612 1225 ἕν
635 1187 701 1242 τῷ
712 1180 860 1239 χρόνῳ;
893 1184 960 1225 καὶ
991 1181 1139 1238 μήποτε
1164 1182 1230 1224 καὶ
1255 1179 1362 1236 παρὰ
1382 1179 1633 1236 Ἀριστοτέλει
1659 1183 1703 1224 ἐν

158 1254 229 1307 τῷ·
260 1246 282 1292 ὅ
315 1249 358 1291 δὲ
389 1247 670 1304 Πυθαγόρειος
700 1261 856 1303 παρων·
898 1246 941 1291 τὸ
978 1264 1119 1303 παρων
1150 1246 1224 1291 οὐκ
1256 1245 1412 1290 εἷναι”
1389 1265 1517 1302 ονομα
1547 1265 1703 1303 κυριον,

158 1313 254 1357 ἄλλά
274 1313 451 1369 μετοχήν.
487 1317 644 1357 Similia
658 1317 904 1357 Themistius
925 1317 967 1356 et
982 1316 1229 1367 Philoponus
1251 1315 1301 1355 ad
1321 1316 1360 1355 h.
1376 1316 1401 1355 l.
1440 1316 1700 1367 Apophtheg-

159 1384 279 1422 matis
298 1384 394 1422 haec
415 1383 586 1432 speciem
606 1383 804 1432 referunt,
831 1382 900 1427 sed
926 1382 1063 1433 potuit
1083 1381 1305 1421 Simonides
1326 1381 1449 1420 etiam
1467 1382 1509 1420 in
1528 1381 1703 1427 carmine

158 1448 198 1487 in
213 1447 530 1499 Olympionicam
551 1448 698 1498 scripto
718 1449 816 1487 haec
836 1447 978 1498 dicere,
999 1460 1101 1499 quae
1116 1447 1399 1499 Pythagoreus
1424 1446 1493 1486 ille
1513 1460 1702 1498 praesens
1726 1461 1731 1465 ·

158 1512 365 1564 praesenti
396 1515 540 1563 poetae
572 1514 786 1564 opprobrio
818 1513 953 1553 vertit.

793 1693 831 1738 Υ
849 1693 894 1738 Μ
913 1692 952 1737 Ν
975 1693 1013 1738 O
1034 1693 1066 1737 l.

680 1793 760 1826 ΕΙΣ
786 1793 867 1826 AIA
893 1792 1170 1826 OATMHION.

827 1877 897 1919 20.
925 1877 1030 1930 [34]

282 1962 434 2003 Himer.
456 1963 566 2003 Orat.
587 1963 623 2001 V
646 1966 689 2002 2:
713 1955 862 2002 Ἠλεῖοί
883 1977 975 2002 ποτε
999 1965 1068 2014 τῆς
1087 1962 1318 2015 Σιμωνίδου
1338 1959 1458 2015 λύρας
1477 1958 1701 2015 λαβόμενοι,

160 2024 222 2068 ὅτε
259 2027 323 2068 ἐπὶ
359 2022 434 2081 τὴν
466 2031 599 2068 Πῖσαν
636 2027 845 2078 ἔσπευδεν,
882 2024 1018 2083 ῧμνῳ
1056 2030 1251 2080 κοσμῆσαι
1289 2021 1359 2068 τὸν
1396 2029 1493 2079 Δία,
1532 2029 1702 2083 δημοσία

164 2095 282 2147 φωνῇ
314 2086 387 2146 τὴν
417 2090 534 2134 πόλιν
564 2089 641 2147 πρὸ
674 2090 771 2142 Διὸς
801 2091 915 2150 ᾅδειν
947 2092 1139 2135 ἐκέλευον.

161 2194 364 2232 novissima
401 2199 533 2240 verba,
570 2207 666 2242 quae
704 2207 764 2243 ap.
791 2197 879 2232 Ath.
911 2197 1000 2243 post
1034 2197 1238 2242 θυγατρῶν
1277 2197 1454 2243 leguntur
1491 2196 1573 2233 loco
1611 2196 1702 2233 eatis

163 2242 412 2287 incommodo,
437 2244 510 2280 huc
535 2244 720 2280 revocavi.
751 2264 790 2270 —
818 2244 903 2280 Non
928 2244 1134 2281 audiendus
1159 2243 1285 2288 mass,
1322 2244 1387 2290 qui
1413 2244 1565 2279 Iindari
1591 2245 1699 2280 scho-

163 2290 311 2326 liastam
344 2290 418 2327 alio
450 2290 650 2327 Simonidis
681 2291 764 2327 loeo
799 2304 907 2328 usum
939 2302 1018 2328 esee
1051 2293 1172 2335 ratus,
1205 2292 1403 2328 verborum
1436 2291 1603 2327 ordinem
1636 2291 1701 2347 qui

164 2338 263 2383 apud
289 2337 524 2374 Athenaeum
558 2339 636 2381 est,
672 2340 814 2384 tuetur,
854 2340 1043 2386 corrigens
1076 2338 1219 2376 ἔτικτεν
1244 2336 1370 2380 ’Ἄτλας
1402 2336 1496 2374 ἔπτὰ
1525 2369 1532 2375 .
1560 2367 1568 2374 .
1596 2367 1604 2375 .
1631 2336 1701 2375 τὰν

164 2384 314 2431 ἔξοχον,
354 2386 389 2420 h.
416 2396 447 2420 e.
480 2383 550 2421 τάν
585 2384 729 2422 ἔτικτεν
754 2368 895 2431 Ἄτλας,
934 2387 1042 2432 quasi
1074 2388 1161 2432 post
1197 2388 1343 2422 mutam
1383 2386 1700 2431 intercapedinem

162 2433 312 2469 licuerit
333 2432 532 2468 relativum
552 2429 758 2478 pronomen
783 2433 931 2470 inferre.
957 2455 997 2460 -
1020 2434 1061 2470 V.
1082 2438 1115 2469 4.
1137 2434 1255 2478 φιλᾶν
1274 2434 1479 2480 θυγατρῶν
1499 2433 1699 2470 Schneide-

162 2480 255 2524 win,
287 2479 483 2534 legebatur
513 2481 629 2525 φίλαν
660 2479 899 2526 θυγαγέρων.
939 2502 983 2508 -
1021 2482 1083 2517 ταὶ
1107 2482 1298 2527 Hartung,
1330 2483 1400 2517 hoc
1437 2481 1534 2516 enim
1562 2493 1635 2517 non
1662 2480 1703 2517 αἱ

164 2527 311 2564 videtur
336 2527 375 2564 in
400 2527 579 2564 librorum
605 2528 765 2564 lectione
793 2541 875 2585 αγι
888 2522 959 2574 (ἇι)
990 2529 1119 2565 latere.
1147 2549 1190 2554 —
1218 2530 1259 2564 ln
1291 2528 1476 2584 principio
1503 2528 1701 2565 Schneide—

164 2575 238 2611 win
274 2574 436 2611 coniecit
472 2577 624 2611 ἴὸοιτο
662 2568 801 2610 δαῦτὲ
839 2572 889 2621 α’,
927 2576 1057 2612 lacobs
1097 2578 1202 2611 διδοῖ
1233 2589 1292 2611 τιν
1332 2571 1458 2622 εὖχος,
1492 2576 1700 2635 Emperius

165 2620 293 2679 ἱδρῶτι
331 2619 439 2659 δεῦσ’
445 2651 452 2658 .
511 2624 685 2681 Hartung
722 2622 873 2678 scripsit
908 2619 1036 2659 ὁδοιτο
1071 2620 1109 2658 δ’
1150 2618 1195 2658 εὖ
1230 2621 1267 2658 σ’
1302 2620 1441 2681 Ἑρμᾶς
1484 2620 1700 2680 ἔναγωνιος,

166 2667 346 2711 Μαιάδος
371 2666 524 2715 ουρείας
550 2667 859 2726 ελικοβλεφάροιρ
883 2669 1080 2716 γένεθλον,
1110 2667 1182 2706 τὰν
1207 2669 1316 2706 τέκεν
1335 2668 1460 2711 ’Ἄτλας
1485 2667 1579 2707 επτὰ
1606 2670 1687 2716 ἐφ

165 2719 205 2753 θ.
233 2716 364 2762 ἔξοχον
390 2716 501 2762 εἶδος,
528 2718 588 2753 ταὶ
614 2721 696 2754 καλ.
722 2719 770 2753 Π.
797 2713 866 2762 οὖρ
905 2738 947 2744 -
974 2718 1018 2753 Ῑιι
1042 2717 1166 2754 Schol.
1186 2717 1291 2754 Pind.
1313 2718 1419 2754 Nem.
1442 2718 1700 2755 Schneidewin

166 2766 267 2800 recte
298 2764 395 2800 vidit
422 2747 574 2802 Hesiodi
600 2777 746 2801 versum
773 2764 1032 2809 delitesceree,
1067 2766 1125 2801 eet
1156 2766 1282 2801 autem
1316 2765 1568 2802 scribendum.
1604 2762 1700 2810 αὕτη

160 2809 236 2870 γὰρ
267 2825 381 2848 κατα
413 2809 494 2848 τὸν
525 2811 561 2849 α’
595 2810 821 2858 κατάλογον·
858 2810 1053 2858 Κυλλήνης
1077 2809 1120 2848 ἐν
1150 2809 1276 2856 ὄρεσσι
1299 2813 1406 2848 θεῶν
1437 2810 1585 2859 κήρυκα
1616 2812 1700 2859 τέκ’

160 2856 315 2906 Ἑρμῆν.
366 2860 460 2896 Item
488 2862 566 2897 tres
599 2872 725 2896 versus
757 2860 822 2905 qui
851 2859 1082 2906 praecedunt
1114 2859 1266 2896 Hesiodi
1298 2871 1379 2896 esse
1411 2860 1602 2909 videntur,
1635 2862 1698 2899 sed

168 2906 420 2944 astronomico
445 2908 628 2955 poemati,
654 2919 729 2945 ιιοιι
754 2907 928 2955 catalogo
953 2907 1198 2945 adscribendi.
