1864 3126
874 662 1002 706 XLV.

676 752 1205 820 POLYIDUS

300 909 426 949 Tzetz.
469 910 667 961 Lycophr.
707 912 810 951 879:
859 907 1059 961 Πολύϊδος
1097 910 1140 952 δὲ
1183 909 1204 953 ὃ
1249 910 1591 967 διθυραμβοποιὸς
1632 910 1702 956 τὸν

165 971 355 1014 ’Ἄτλαντα
385 977 524 1015 τοῦτον
554 974 722 1028 ποιμένα
754 976 890 1029 Λίβυν
921 977 1063 1028 φησίν,
1102 973 1150 1017 οὖ
1181 975 1468 1031 μαθηματικόν.
1505 973 1704 1020 ἆπολιθω-

174 1042 300 1092 θῆναι
332 1038 376 1080 δὲ
407 1036 484 1081 ὑπὸ
525 1039 726 1093 Περσέως,
765 1042 961 1090 δείξαντος
998 1038 1103 1098 αὐτῷ
1139 1039 1211 1094 τὴν
1247 1039 1428 1096 Γοργόνα
1465 1040 1531 1084 διὰ
1567 1041 1610 1085 τὸ
1648 1040 1701 1097 μὴ

175 1102 245 1142 ἐᾶν
276 1099 397 1144 αὐτὸν
438 1105 631 1156 διελθεῖν,
668 1102 752 1145 ἀλλ’
794 1105 942 1158 ἐρωτᾶν
979 1100 1100 1147 αὐτὸν
1138 1108 1195 1156 τίς
1235 1108 1312 1160 εἴη·
1351 1105 1492 1149 τούτου
1530 1107 1596 1149 καὶ
1631 1099 1702 1150 τοῦ

165 1166 373 1217 ’Ἀτλαντος
402 1166 490 1217 υἱὸς
519 1163 571 1222 ἧν
602 1166 836 1224 ὃ“Ἕσπερος
866 1168 963 1211 κατὰ
992 1168 1084 1220 τοὺς
1114 1170 1290 1224 λοιπούς,
1321 1169 1369 1214 οὗ
1393 1170 1490 1213 κατὰ
1519 1170 1589 1214 τὸν
1623 1175 1701 1215 Πο-

175 1230 324 1274 λύϊδον.
385 1235 499 1274 Adde
527 1236 653 1276 Tzetz.
678 1237 801 1287 Exeg.
827 1237 868 1275 II
891 1238 987 1288 132,
1011 1239 1063 1277 18
1091 1240 1132 1277 et
1157 1239 1221 1279 Et.
1241 1239 1292 1278 M.
1315 1241 1412 1290 164,
1434 1240 1507 1278 20:
1523 1235 1702 1290 Ἄτλας,

175 1296 266 1351 ὅρος
309 1295 483 1352 Λιβύης·
526 1296 725 1349 Πολύϊδος
769 1299 812 1341 δὲ
855 1297 876 1342 ὁ
924 1299 1266 1355 διθυραμβοποιὸς
1307 1303 1536 1356 παρίστησιν
1581 1299 1703 1345 αὐτὸν

147 1374 149 1378 ’
173 1363 341 1417 ποιμένα
357 1363 586 1418 γεγονέναι,
617 1366 686 1406 καί
708 1378 845 1419 φησιν,
877 1363 935 1408 ὅτι
967 1364 1283 1422 παραγενόμενος
1308 1364 1329 1408 ὅ
1355 1363 1533 1420 Περσεὺς
1557 1366 1702 1422 ἐπερω-

172 1425 343 1481 τώμενός
373 1444 412 1469 τε
442 1423 512 1469 ὑπ’
548 1425 682 1480 αὐτοῦ,
715 1431 768 1479 τίς
800 1431 858 1483 εἴη
890 1430 956 1472 καὶ
980 1429 1109 1473 πόθεν
1133 1429 1289 1484 ἀφῖκτο,
1315 1429 1450 1486 ἐπειδὴ
1477 1431 1601 1486 λέγῳν
1625 1430 1700 1474 οὐκ

174 1493 346 1545 ἔπειθεν,
378 1490 532 1549 ἀνάγκῃ
564 1494 710 1543 ἔδειξεν
741 1491 846 1552 αὐτῷ
877 1493 920 1536 τὸ
951 1499 1020 1548 τῆς
1050 1494 1252 1551 Γοργόνης
1283 1495 1498 1550 πρόσωπον
1533 1497 1601 1538 καὶ
1630 1494 1702 1539 ἄπ-

174 1560 364 1599 ελίθωσεν
395 1556 529 1611 αὐτόν,
560 1559 626 1600 καὶ
651 1554 721 1600 ἄπ’
757 1557 880 1602 αὐτοῦ
905 1557 947 1601 τὸ
974 1558 1066 1614 ὅρος
1087 1559 1225 1611 ’Ἀτλας
1249 1560 1410 1615 ἐκλήθη.
1475 1559 1588 1604 Οὕτω
1613 1566 1702 1604 Λυ-

174 1619 375 1678 κόφρονος
406 1623 449 1663 ἕν
479 1620 740 1678 ὑπομνήματι.
774 1647 828 1652 -
861 1626 975 1673 Quod
1005 1628 1127 1667 habet:
1158 1628 1286 1681 Schol.
1318 1629 1434 1668 Hom.
1465 1629 1511 1669 Il.
1538 1644 1569 1669 ω
1596 1631 1701 1669 804:

170 1685 335 1729 Ἀττικοὶ
367 1685 407 1729 τὸ
440 1690 693 1742 περίδειπνον
723 1687 875 1743 τάφον
905 1690 1081 1746 λέγουσι,
1122 1689 1320 1741 Πολύϊδος
1352 1691 1395 1732 δὲ
1424 1689 1466 1733 τὸ
1498 1697 1702 1746 μνημεῖον,

175 1757 407 1805 corruptum
437 1756 613 1806 videtur,
645 1757 738 1796 fort.
769 1753 1105 1810 Πολυρρήνιοι
1141 1759 1206 1798 vel
1236 1759 1317 1797 tale
1349 1759 1444 1809 quid
1474 1759 1700 1810 legendum.
