<?xml version="1.0" encoding="UTF-8"?>
<!DOCTYPE html PUBLIC "-//W3C//DTD XHTML 1.0 Transitional//EN"
    "http://www.w3.org/TR/xhtml1/DTD/xhtml1-transitional.dtd">
<html xmlns="http://www.w3.org/1999/xhtml" xml:lang="en" lang="en">
 <head>
  <title>
</title>
<meta http-equiv="Content-Type" content="text/html;charset=utf-8" />
  <meta name='ocr-system' content='tesseract 3.04.00' />
  <meta name='ocr-capabilities' content='ocr_page ocr_carea ocr_par ocr_line ocrx_word'/>
</head>
<body>
  <div class='ocr_page' id='page_1' title='image "./poetaelyricigrae03berguoft_0513.png"; bbox 0 0 1864 3126; ppageno 0'>
   <div class='ocr_carea' id='block_1_1' title="bbox 0 0 226 932">
    <p class='ocr_par' dir='ltr' id='par_1_1' title="bbox 0 0 226 932">
     <span class='ocr_line' id='line_1_1' title="bbox 0 0 226 932; baseline 0 0"><span class='ocrx_word' id='word_1_1' title='bbox 0 0 226 932; x_wconf 95' lang='lat' dir='ltr'><strong> </strong></span> 
     </span>
    </p>
   </div>
   <div class='ocr_carea' id='block_1_2' title="bbox 771 150 1680 195">
    <p class='ocr_par' dir='ltr' id='par_1_2' title="bbox 771 150 1680 195">
     <span class='ocr_line' id='line_1_2' title="bbox 771 150 1680 195; baseline -0.002 -7"><span class='ocrx_word' id='word_1_2' title='bbox 771 150 1047 189; x_wconf 68' lang='lat' dir='ltr'><strong>summme.</strong></span> <span class='ocrx_word' id='word_1_3' title='bbox 1591 150 1680 195; x_wconf 79' lang='lat'><strong>503</strong></span> 
     </span>
    </p>
   </div>
   <div class='ocr_carea' id='block_1_3' title="bbox 230 262 1677 475">
    <p class='ocr_par' dir='ltr' id='par_1_3' title="bbox 230 262 1677 475">
     <span class='ocr_line' id='line_1_3' title="bbox 778 262 1677 316; baseline -0.002 -11"><span class='ocrx_word' id='word_1_4' title='bbox 778 262 872 306; x_wconf 89' lang='lat'>161.</span> <span class='ocrx_word' id='word_1_5' title='bbox 905 262 1043 316; x_wconf 89' lang='grc'><strong>[221.]</strong></span> <span class='ocrx_word' id='word_1_6' title='bbox 1586 270 1677 304; x_wconf 76' lang='grc'><strong>1179</strong></span> 
     </span>
     <span class='ocr_line' id='line_1_4' title="bbox 230 340 1422 404; baseline -0.004 -13"><span class='ocrx_word' id='word_1_7' title='bbox 230 342 388 404; x_wconf 85' lang='grc' dir='ltr'><strong><em>Ἰφίων</em></strong></span> <span class='ocrx_word' id='word_1_8' title='bbox 417 341 518 390; x_wconf 77' lang='grc' dir='ltr'><em>τάδ’</em></span> <span class='ocrx_word' id='word_1_9' title='bbox 553 346 718 402; x_wconf 80' lang='grc' dir='ltr'><strong><em>ἔγραψε</em></strong></span> <span class='ocrx_word' id='word_1_10' title='bbox 750 347 1018 402; x_wconf 77' lang='grc' dir='ltr'><strong><em>Κορίνθιος·</em></strong></span> <span class='ocrx_word' id='word_1_11' title='bbox 1052 340 1135 388; x_wconf 83' lang='grc' dir='ltr'><strong>οὐκ</strong></span> <span class='ocrx_word' id='word_1_12' title='bbox 1167 346 1236 387; x_wconf 85' lang='grc' dir='ltr'><strong>ἔπι</strong></span> <span class='ocrx_word' id='word_1_13' title='bbox 1268 345 1422 400; x_wconf 78' lang='grc' dir='ltr'><strong><em>μῶμος</em></strong></span> 
     </span>
     <span class='ocr_line' id='line_1_5' title="bbox 298 404 1308 475; baseline -0.002 -14"><span class='ocrx_word' id='word_1_14' title='bbox 298 419 474 475; x_wconf 79' lang='grc' dir='ltr'><strong><em>χερσίν,</em></strong></span> <span class='ocrx_word' id='word_1_15' title='bbox 506 415 598 460; x_wconf 82' lang='grc' dir='ltr'><em>ἐπεὶ</em></span> <span class='ocrx_word' id='word_1_16' title='bbox 630 414 764 469; x_wconf 77' lang='grc' dir='ltr'><strong><em>δόξας</em></strong></span> <span class='ocrx_word' id='word_1_17' title='bbox 795 418 902 473; x_wconf 82' lang='grc' dir='ltr'><strong><em>ἔργα</em></strong></span> <span class='ocrx_word' id='word_1_18' title='bbox 933 413 1049 459; x_wconf 84' lang='grc' dir='ltr'><strong><em>πολὺ</em></strong></span> <span class='ocrx_word' id='word_1_19' title='bbox 1080 404 1308 472; x_wconf 83' lang='grc' dir='ltr'><strong><em>προφέρει.</em></strong></span> 
     </span>
    </p>
   </div>
   <div class='ocr_carea' id='block_1_4' title="bbox 777 535 1040 590">
    <p class='ocr_par' dir='ltr' id='par_1_4' title="bbox 777 535 1040 590">
     <span class='ocr_line' id='line_1_6' title="bbox 777 535 1040 590; baseline -0.004 -11"><span class='ocrx_word' id='word_1_20' title='bbox 777 535 1040 590; x_wconf 65' lang='lat'><strong>162.[219]</strong></span> 
     </span>
    </p>
   </div>
   <div class='ocr_carea' id='block_1_5' title="bbox 233 615 1215 749">
    <p class='ocr_par' dir='ltr' id='par_1_5' title="bbox 233 615 1215 749">
     <span class='ocr_line' id='line_1_7' title="bbox 238 615 1215 677; baseline -0.004 -12"><span class='ocrx_word' id='word_1_21' title='bbox 238 622 402 666; x_wconf 85' lang='grc' dir='ltr'><strong><em>Μίκων</em></strong></span> <span class='ocrx_word' id='word_1_22' title='bbox 434 621 599 677; x_wconf 79' lang='grc' dir='ltr'><strong><em>ἔγραψε</em></strong></span> <span class='ocrx_word' id='word_1_23' title='bbox 629 616 713 676; x_wconf 85' lang='grc' dir='ltr'><strong><em>τὴν</em></strong></span> <span class='ocrx_word' id='word_1_24' title='bbox 743 616 898 676; x_wconf 82' lang='grc' dir='ltr'><strong><em>θύραν</em></strong></span> <span class='ocrx_word' id='word_1_25' title='bbox 929 616 1013 675; x_wconf 82' lang='grc' dir='ltr'><strong><em>τὴν</em></strong></span> <span class='ocrx_word' id='word_1_26' title='bbox 1046 615 1215 671; x_wconf 59' lang='grc' dir='ltr'><strong><em>δεξιάν</em></strong></span> 
     </span>
     <span class='ocr_line' id='line_1_8' title="bbox 233 687 1115 749; baseline -0.005 -12"><span class='ocrx_word' id='word_1_27' title='bbox 233 690 317 749; x_wconf 81' lang='grc' dir='ltr'><strong><em>τὴν</em></strong></span> <span class='ocrx_word' id='word_1_28' title='bbox 348 688 391 735; x_wconf 80' lang='grc' dir='ltr'><strong>δ’</strong></span> <span class='ocrx_word' id='word_1_29' title='bbox 428 688 638 743; x_wconf 83' lang='grc' dir='ltr'><strong><em>ἐξιόντων</em></strong></span> <span class='ocrx_word' id='word_1_30' title='bbox 671 687 822 743; x_wconf 76' lang='grc' dir='ltr'><strong><em>δεξιὰν</em></strong></span> <span class='ocrx_word' id='word_1_31' title='bbox 855 687 1115 741; x_wconf 86' lang='grc' dir='ltr'><strong><em>Διονύσιος.</em></strong></span> 
     </span>
    </p>
   </div>
   <div class='ocr_carea' id='block_1_6' title="bbox 239 797 1522 1011">
    <p class='ocr_par' dir='ltr' id='par_1_6' title="bbox 239 797 1522 1011">
     <span class='ocr_line' id='line_1_9' title="bbox 777 797 1044 852; baseline -0.004 -11"><span class='ocrx_word' id='word_1_32' title='bbox 777 797 1044 852; x_wconf 68' lang='lat'><strong>163.[223]</strong></span> 
     </span>
     <span class='ocr_line' id='line_1_10' title="bbox 239 875 1522 939; baseline -0.005 -12"><span class='ocrx_word' id='word_1_33' title='bbox 239 880 428 939; x_wconf 81' lang='grc' dir='ltr'><em>Πρόσθε</em></span> <span class='ocrx_word' id='word_1_34' title='bbox 459 879 541 938; x_wconf 75' lang='grc' dir='ltr'><strong><em>μὲν</em></strong></span> <span class='ocrx_word' id='word_1_35' title='bbox 573 878 684 938; x_wconf 83' lang='grc' dir='ltr'><strong><em>ἀμφ’</em></strong></span> <span class='ocrx_word' id='word_1_36' title='bbox 721 878 911 937; x_wconf 78' lang='grc' dir='ltr'><strong><em>ὤμοισιν</em></strong></span> <span class='ocrx_word' id='word_1_37' title='bbox 944 882 1058 937; x_wconf 85' lang='grc' dir='ltr'><strong><em>ἔχων</em></strong></span> <span class='ocrx_word' id='word_1_38' title='bbox 1089 887 1299 936; x_wconf 80' lang='grc' dir='ltr'><strong><em>τραχεῖαν</em></strong></span> <span class='ocrx_word' id='word_1_39' title='bbox 1331 875 1522 922; x_wconf 77' lang='grc' dir='ltr'><strong><em>ἅσιλλαν</em></strong></span> 
     </span>
     <span class='ocr_line' id='line_1_11' title="bbox 295 948 1201 1011; baseline -0.003 -14"><span class='ocrx_word' id='word_1_40' title='bbox 295 955 428 1011; x_wconf 71' lang='grc' dir='ltr'><strong><em>ἰχθῦς</em></strong></span> <span class='ocrx_word' id='word_1_41' title='bbox 459 953 502 1005; x_wconf 80' lang='grc' dir='ltr'><strong>ἐξ</strong></span> <span class='ocrx_word' id='word_1_42' title='bbox 523 948 716 1009; x_wconf 74' lang='grc' dir='ltr'><strong><em>’Ἄργους</em></strong></span> <span class='ocrx_word' id='word_1_43' title='bbox 747 952 791 1004; x_wconf 80' lang='grc' dir='ltr'><strong>ἐς</strong></span> <span class='ocrx_word' id='word_1_44' title='bbox 826 951 991 1008; x_wconf 82' lang='grc' dir='ltr'><strong><em>Τεγέαν</em></strong></span> <span class='ocrx_word' id='word_1_45' title='bbox 1025 953 1201 1007; x_wconf 78' lang='grc' dir='ltr'><strong><em>ἔφερον.</em></strong></span> 
     </span>
    </p>
   </div>
   <div class='ocr_carea' id='block_1_7' title="bbox 138 1055 1679 2962">
    <p class='ocr_par' dir='ltr' id='par_1_7' title="bbox 139 1055 1679 1252">
     <span class='ocr_line' id='line_1_12' title="bbox 139 1055 1678 1110; baseline -0.005 -11"><span class='ocrx_word' id='word_1_46' title='bbox 139 1060 387 1108; x_wconf 72' lang='lat' dir='ltr'>intelligeret,</span> <span class='ocrx_word' id='word_1_47' title='bbox 425 1058 539 1096; x_wconf 88' lang='lat' dir='ltr'><strong>titulo</strong></span> <span class='ocrx_word' id='word_1_48' title='bbox 571 1068 685 1105; x_wconf 86' lang='lat' dir='ltr'><strong>quam</strong></span> <span class='ocrx_word' id='word_1_49' title='bbox 714 1059 866 1105; x_wconf 86' lang='lat' dir='ltr'><strong>poterat</strong></span> <span class='ocrx_word' id='word_1_50' title='bbox 895 1057 1115 1099; x_wconf 83' lang='lat' dir='ltr'><strong>brevissimo</strong></span> <span class='ocrx_word' id='word_1_51' title='bbox 1146 1055 1380 1110; x_wconf 73' lang='lat' dir='ltr'><strong>defungitur,</strong></span> <span class='ocrx_word' id='word_1_52' title='bbox 1420 1067 1531 1102; x_wconf 87' lang='lat' dir='ltr'><strong>quem</strong></span> <span class='ocrx_word' id='word_1_53' title='bbox 1569 1055 1678 1092; x_wconf 89' lang='lat' dir='ltr'><strong>licuit</strong></span> 
     </span>
     <span class='ocr_line' id='line_1_13' title="bbox 141 1103 1679 1154; baseline -0.005 -8"><span class='ocrx_word' id='word_1_54' title='bbox 141 1109 312 1154; x_wconf 86' lang='lat' dir='ltr'><strong>condere,</strong></span> <span class='ocrx_word' id='word_1_55' title='bbox 330 1107 392 1144; x_wconf 83' lang='lat' dir='ltr'><strong>vel</strong></span> <span class='ocrx_word' id='word_1_56' title='bbox 410 1107 614 1153; x_wconf 83' lang='lat' dir='ltr'><strong>antequam</strong></span> <span class='ocrx_word' id='word_1_57' title='bbox 633 1106 756 1153; x_wconf 92' lang='lat' dir='ltr'><strong>pictor</strong></span> <span class='ocrx_word' id='word_1_58' title='bbox 773 1105 948 1142; x_wconf 81' lang='lat' dir='ltr'><strong>ultimam</strong></span> <span class='ocrx_word' id='word_1_59' title='bbox 969 1105 1074 1151; x_wconf 90' lang='lat' dir='ltr'><strong>operi</strong></span> <span class='ocrx_word' id='word_1_60' title='bbox 1092 1115 1246 1140; x_wconf 87' lang='lat' dir='ltr'><strong>manum</strong></span> <span class='ocrx_word' id='word_1_61' title='bbox 1263 1103 1453 1150; x_wconf 79' lang='lat' dir='ltr'><strong>imposuit.</strong></span> <span class='ocrx_word' id='word_1_62' title='bbox 1490 1103 1679 1150; x_wconf 81' lang='lat' dir='ltr'><strong>Polygno-</strong></span> 
     </span>
     <span class='ocr_line' id='line_1_14' title="bbox 139 1150 1678 1203; baseline -0.004 -10"><span class='ocrx_word' id='word_1_63' title='bbox 139 1159 201 1194; x_wconf 90' lang='lat' dir='ltr'><strong>tus</strong></span> <span class='ocrx_word' id='word_1_64' title='bbox 221 1157 348 1193; x_wconf 78' lang='lat' dir='ltr'><strong>antem</strong></span> <span class='ocrx_word' id='word_1_65' title='bbox 365 1153 517 1192; x_wconf 80' lang='lat' dir='ltr'><strong>videtur</strong></span> <span class='ocrx_word' id='word_1_66' title='bbox 529 1153 660 1191; x_wconf 85' lang='lat' dir='ltr'><strong>statim</strong></span> <span class='ocrx_word' id='word_1_67' title='bbox 678 1154 766 1203; x_wconf 83' lang='lat' dir='ltr'><strong>post</strong></span> <span class='ocrx_word' id='word_1_68' title='bbox 777 1153 966 1189; x_wconf 89' lang='lat' dir='ltr'><strong>Medicum</strong></span> <span class='ocrx_word' id='word_1_69' title='bbox 985 1152 1128 1189; x_wconf 90' lang='lat' dir='ltr'><strong>bellum</strong></span> <span class='ocrx_word' id='word_1_70' title='bbox 1142 1150 1358 1188; x_wconf 78' lang='lat' dir='ltr'>Cnidiorum</span> <span class='ocrx_word' id='word_1_71' title='bbox 1376 1151 1481 1188; x_wconf 84' lang='lat' dir='ltr'><strong>iussu</strong></span> <span class='ocrx_word' id='word_1_72' title='bbox 1494 1152 1678 1198; x_wconf 80' lang='lat' dir='ltr'><strong>parietem</strong></span> 
     </span>
     <span class='ocr_line' id='line_1_15' title="bbox 141 1199 1114 1252; baseline -0.004 -11"><span class='ocrx_word' id='word_1_73' title='bbox 141 1203 299 1252; x_wconf 86' lang='lat' dir='ltr'><strong>Delphis</strong></span> <span class='ocrx_word' id='word_1_74' title='bbox 324 1203 537 1247; x_wconf 85' lang='lat' dir='ltr'><strong>ornavisse,</strong></span> <span class='ocrx_word' id='word_1_75' title='bbox 563 1201 609 1238; x_wconf 82' lang='lat' dir='ltr'><strong>cf.</strong></span> <span class='ocrx_word' id='word_1_76' title='bbox 634 1202 763 1238; x_wconf 84' lang='lat' dir='ltr'><strong>Brunn</strong></span> <span class='ocrx_word' id='word_1_77' title='bbox 786 1201 873 1237; x_wconf 87' lang='lat' dir='ltr'><strong>hist.</strong></span> <span class='ocrx_word' id='word_1_78' title='bbox 899 1203 969 1237; x_wconf 91' lang='lat' dir='ltr'><strong>art.</strong></span> <span class='ocrx_word' id='word_1_79' title='bbox 996 1199 1031 1235; x_wconf 93' lang='grc' dir='ltr'>Π</span> <span class='ocrx_word' id='word_1_80' title='bbox 1059 1204 1114 1237; x_wconf 87' lang='lat'><strong>15.</strong></span> 
     </span>
    </p>

    <p class='ocr_par' dir='ltr' id='par_1_8' title="bbox 140 1245 1679 1402">
     <span class='ocr_line' id='line_1_16' title="bbox 234 1245 1679 1308; baseline -0.004 -20"><span class='ocrx_word' id='word_1_81' title='bbox 234 1251 362 1308; x_wconf 82' lang='lat' dir='ltr'><strong>Epigr.</strong></span> <span class='ocrx_word' id='word_1_82' title='bbox 390 1254 469 1287; x_wconf 87' lang='grc'><strong>161.</strong></span> <span class='ocrx_word' id='word_1_83' title='bbox 512 1250 627 1286; x_wconf 87' lang='lat' dir='ltr'><strong>Anth.</strong></span> <span class='ocrx_word' id='word_1_84' title='bbox 650 1250 730 1286; x_wconf 85' lang='lat' dir='ltr'><strong>Pal.</strong></span> <span class='ocrx_word' id='word_1_85' title='bbox 750 1248 802 1285; x_wconf 94' lang='lat' dir='ltr'><strong>IX</strong></span> <span class='ocrx_word' id='word_1_86' title='bbox 822 1252 901 1285; x_wconf 86' lang='grc'><strong>757.</strong></span> <span class='ocrx_word' id='word_1_87' title='bbox 929 1247 983 1290; x_wconf 77' lang='grc' dir='ltr'><strong>εἰς</strong></span> <span class='ocrx_word' id='word_1_88' title='bbox 1008 1277 1016 1285; x_wconf 94' lang='grc'><strong>.</strong></span> <span class='ocrx_word' id='word_1_89' title='bbox 1044 1276 1052 1284; x_wconf 92' lang='grc'><strong>.</strong></span> <span class='ocrx_word' id='word_1_90' title='bbox 1079 1276 1087 1285; x_wconf 92' lang='grc'><strong>.</strong></span> <span class='ocrx_word' id='word_1_91' title='bbox 1113 1258 1251 1284; x_wconf 87' lang='lat' dir='ltr'><strong>nomen</strong></span> <span class='ocrx_word' id='word_1_92' title='bbox 1274 1248 1410 1294; x_wconf 86' lang='lat' dir='ltr'><strong>poetae</strong></span> <span class='ocrx_word' id='word_1_93' title='bbox 1436 1245 1588 1306; x_wconf 67' lang='lat' dir='ltr'><strong>excidit3</strong></span> <span class='ocrx_word' id='word_1_94' title='bbox 1614 1246 1679 1283; x_wconf 89' lang='lat' dir='ltr'><strong>sed</strong></span> 
     </span>
     <span class='ocr_line' id='line_1_17' title="bbox 140 1291 1676 1341; baseline -0.003 -5"><span class='ocrx_word' id='word_1_95' title='bbox 140 1299 325 1337; x_wconf 63' lang='lat' dir='ltr'><strong>Sinwmdu</strong></span> <span class='ocrx_word' id='word_1_96' title='bbox 355 1297 489 1335; x_wconf 84' lang='lat' dir='ltr'><strong>tribuit</strong></span> <span class='ocrx_word' id='word_1_97' title='bbox 506 1297 702 1334; x_wconf 83' lang='lat' dir='ltr'><strong>Planudes.</strong></span> <span class='ocrx_word' id='word_1_98' title='bbox 735 1317 779 1323; x_wconf 94' lang='lat'>—</span> <span class='ocrx_word' id='word_1_99' title='bbox 811 1297 855 1333; x_wconf 91' lang='lat' dir='ltr'><strong>V.</strong></span> <span class='ocrx_word' id='word_1_100' title='bbox 879 1300 910 1332; x_wconf 84' lang='lat'><strong>1.</strong></span> <span class='ocrx_word' id='word_1_101' title='bbox 936 1291 1024 1332; x_wconf 78' lang='grc' dir='ltr'><strong><em>τάδ’</em></strong></span> <span class='ocrx_word' id='word_1_102' title='bbox 1052 1295 1251 1339; x_wconf 89' lang='lat' dir='ltr'><strong>Benndorf,</strong></span> <span class='ocrx_word' id='word_1_103' title='bbox 1283 1295 1481 1341; x_wconf 83' lang='lat' dir='ltr'><strong>legebatur</strong></span> <span class='ocrx_word' id='word_1_104' title='bbox 1499 1291 1568 1330; x_wconf 78' lang='grc' dir='ltr'><strong>τόδ</strong></span> <span class='ocrx_word' id='word_1_105' title='bbox 1601 1322 1610 1331; x_wconf 93' lang='grc'><em>.</em></span> <span class='ocrx_word' id='word_1_106' title='bbox 1633 1315 1676 1321; x_wconf 94' lang='grc'>-</span> 
     </span>
     <span class='ocr_line' id='line_1_18' title="bbox 141 1340 1610 1402; baseline -0.003 -18"><span class='ocrx_word' id='word_1_107' title='bbox 141 1346 205 1384; x_wconf 80' lang='grc' dir='ltr'><strong>ἔπι</strong></span> <span class='ocrx_word' id='word_1_108' title='bbox 223 1346 366 1402; x_wconf 80' lang='lat' dir='ltr'><strong>scripsi,</strong></span> <span class='ocrx_word' id='word_1_109' title='bbox 391 1346 587 1391; x_wconf 83' lang='lat' dir='ltr'><strong>legebatur</strong></span> <span class='ocrx_word' id='word_1_110' title='bbox 614 1343 681 1381; x_wconf 78' lang='grc' dir='ltr'><strong><em>ἔνι.</em></strong></span> <span class='ocrx_word' id='word_1_111' title='bbox 702 1365 749 1372; x_wconf 90' lang='grc'>-</span> <span class='ocrx_word' id='word_1_112' title='bbox 768 1344 812 1380; x_wconf 93' lang='lat' dir='ltr'><strong>V.</strong></span> <span class='ocrx_word' id='word_1_113' title='bbox 833 1350 866 1381; x_wconf 83' lang='lat'><strong>2.</strong></span> <span class='ocrx_word' id='word_1_114' title='bbox 893 1340 1024 1389; x_wconf 78' lang='grc' dir='ltr'><strong><em>δόξας,</em></strong></span> <span class='ocrx_word' id='word_1_115' title='bbox 1050 1343 1199 1380; x_wconf 89' lang='lat' dir='ltr'><strong>videtur</strong></span> <span class='ocrx_word' id='word_1_116' title='bbox 1223 1340 1337 1388; x_wconf 78' lang='grc' dir='ltr'><strong><em>δόξης</em></strong></span> <span class='ocrx_word' id='word_1_117' title='bbox 1362 1342 1610 1380; x_wconf 88' lang='lat' dir='ltr'><strong>scribendum.</strong></span> 
     </span>
    </p>

    <p class='ocr_par' dir='ltr' id='par_1_9' title="bbox 138 1387 1678 1776">
     <span class='ocr_line' id='line_1_19' title="bbox 234 1387 1676 1441; baseline -0.003 -11"><span class='ocrx_word' id='word_1_118' title='bbox 234 1393 362 1441; x_wconf 78' lang='lat' dir='ltr'><strong>Epigr.</strong></span> <span class='ocrx_word' id='word_1_119' title='bbox 390 1397 468 1430; x_wconf 92' lang='grc'><strong>162.</strong></span> <span class='ocrx_word' id='word_1_120' title='bbox 519 1393 632 1429; x_wconf 87' lang='lat' dir='ltr'><strong>Anth.</strong></span> <span class='ocrx_word' id='word_1_121' title='bbox 658 1392 736 1428; x_wconf 83' lang='lat' dir='ltr'><strong>Pal.</strong></span> <span class='ocrx_word' id='word_1_122' title='bbox 763 1392 814 1427; x_wconf 91' lang='lat' dir='ltr'><strong>IX</strong></span> <span class='ocrx_word' id='word_1_123' title='bbox 842 1395 927 1428; x_wconf 79' lang='lat'><strong>758:</strong></span> <span class='ocrx_word' id='word_1_124' title='bbox 960 1391 1008 1427; x_wconf 86' lang='lat' dir='ltr'><strong>ab</strong></span> <span class='ocrx_word' id='word_1_125' title='bbox 1040 1391 1171 1427; x_wconf 86' lang='lat' dir='ltr'><strong>eadem</strong></span> <span class='ocrx_word' id='word_1_126' title='bbox 1205 1401 1318 1426; x_wconf 89' lang='lat' dir='ltr'><strong>manu</strong></span> <span class='ocrx_word' id='word_1_127' title='bbox 1343 1389 1412 1431; x_wconf 81' lang='grc' dir='ltr'><strong>Εἰς</strong></span> <span class='ocrx_word' id='word_1_128' title='bbox 1436 1387 1582 1436; x_wconf 78' lang='grc' dir='ltr'><strong><em>θύρας·</em></strong></span> <span class='ocrx_word' id='word_1_129' title='bbox 1607 1390 1676 1426; x_wconf 84' lang='grc' dir='ltr'><strong>τοῦ</strong></span> 
     </span>
     <span class='ocr_line' id='line_1_20' title="bbox 140 1438 1677 1488; baseline -0.005 -8"><span class='ocrx_word' id='word_1_130' title='bbox 140 1439 272 1480; x_wconf 71' lang='grc' dir='ltr'><strong>αὐτοῦ.</strong></span> <span class='ocrx_word' id='word_1_131' title='bbox 324 1441 390 1478; x_wconf 87' lang='lat' dir='ltr'><strong>sed</strong></span> <span class='ocrx_word' id='word_1_132' title='bbox 420 1440 647 1488; x_wconf 79' lang='lat' dir='ltr'><strong>praecedens</strong></span> <span class='ocrx_word' id='word_1_133' title='bbox 673 1440 921 1486; x_wconf 81' lang='lat' dir='ltr'><strong>epigramma,</strong></span> <span class='ocrx_word' id='word_1_134' title='bbox 953 1450 1039 1475; x_wconf 89' lang='lat' dir='ltr'><strong>cum</strong></span> <span class='ocrx_word' id='word_1_135' title='bbox 1070 1439 1210 1474; x_wconf 86' lang='lat' dir='ltr'><strong>lemma</strong></span> <span class='ocrx_word' id='word_1_136' title='bbox 1234 1438 1285 1474; x_wconf 84' lang='lat' dir='ltr'><strong>sit</strong></span> <span class='ocrx_word' id='word_1_137' title='bbox 1315 1438 1509 1482; x_wconf 87' lang='lat' dir='ltr'><strong>mutilum,</strong></span> <span class='ocrx_word' id='word_1_138' title='bbox 1541 1439 1677 1484; x_wconf 85' lang='lat' dir='ltr'><strong>poetae</strong></span> 
     </span>
     <span class='ocr_line' id='line_1_21' title="bbox 138 1485 1677 1534; baseline -0.005 -6"><span class='ocrx_word' id='word_1_139' title='bbox 138 1490 290 1528; x_wconf 89' lang='lat' dir='ltr'><strong>nomine</strong></span> <span class='ocrx_word' id='word_1_140' title='bbox 321 1489 440 1534; x_wconf 81' lang='lat' dir='ltr'><strong>caret3</strong></span> <span class='ocrx_word' id='word_1_141' title='bbox 478 1499 608 1525; x_wconf 84' lang='lat' dir='ltr'><strong>verum</strong></span> <span class='ocrx_word' id='word_1_142' title='bbox 640 1487 844 1525; x_wconf 78' lang='lat' dir='ltr'><em>Simonidis</em></span> <span class='ocrx_word' id='word_1_143' title='bbox 879 1497 958 1523; x_wconf 79' lang='lat' dir='ltr'><strong>esse</strong></span> <span class='ocrx_word' id='word_1_144' title='bbox 989 1486 1175 1523; x_wconf 84' lang='lat' dir='ltr'><strong>Planudes</strong></span> <span class='ocrx_word' id='word_1_145' title='bbox 1210 1486 1338 1530; x_wconf 83' lang='lat' dir='ltr'><strong>docet3</strong></span> <span class='ocrx_word' id='word_1_146' title='bbox 1377 1485 1511 1521; x_wconf 89' lang='lat' dir='ltr'><strong>Kaibel</strong></span> <span class='ocrx_word' id='word_1_147' title='bbox 1541 1495 1677 1531; x_wconf 85' lang='lat' dir='ltr'><strong>parum</strong></span> 
     </span>
     <span class='ocr_line' id='line_1_22' title="bbox 140 1533 1676 1593; baseline -0.005 -18"><span class='ocrx_word' id='word_1_148' title='bbox 140 1539 293 1593; x_wconf 80' lang='lat' dir='ltr'><strong>elegans</strong></span> <span class='ocrx_word' id='word_1_149' title='bbox 318 1547 398 1574; x_wconf 85' lang='lat' dir='ltr'><strong>esse</strong></span> <span class='ocrx_word' id='word_1_150' title='bbox 424 1537 562 1573; x_wconf 85' lang='lat' dir='ltr'><strong>censet.</strong></span> <span class='ocrx_word' id='word_1_151' title='bbox 585 1556 627 1562; x_wconf 91' lang='lat'><strong>—</strong></span> <span class='ocrx_word' id='word_1_152' title='bbox 649 1535 692 1573; x_wconf 88' lang='lat' dir='ltr'><strong>V.</strong></span> <span class='ocrx_word' id='word_1_153' title='bbox 714 1540 746 1571; x_wconf 91' lang='lat'><strong>1.</strong></span> <span class='ocrx_word' id='word_1_154' title='bbox 773 1536 909 1571; x_wconf 79' lang='grc' dir='ltr'><strong><em>Μίκων</em></strong></span> <span class='ocrx_word' id='word_1_155' title='bbox 931 1533 972 1571; x_wconf 96' lang='grc' dir='ltr'><strong>Ο.</strong></span> <span class='ocrx_word' id='word_1_156' title='bbox 993 1534 1140 1579; x_wconf 70' lang='grc' dir='ltr'><strong>ΜῦΠετ,</strong></span> <span class='ocrx_word' id='word_1_157' title='bbox 1166 1533 1364 1580; x_wconf 87' lang='lat' dir='ltr'><strong>legebatur</strong></span> <span class='ocrx_word' id='word_1_158' title='bbox 1383 1534 1526 1579; x_wconf 80' lang='grc' dir='ltr'><strong><em>Κίμων,</em></strong></span> <span class='ocrx_word' id='word_1_159' title='bbox 1551 1543 1676 1569; x_wconf 87' lang='lat' dir='ltr'><strong>emen-</strong></span> 
     </span>
     <span class='ocr_line' id='line_1_23' title="bbox 139 1579 1678 1628; baseline -0.005 -5"><span class='ocrx_word' id='word_1_160' title='bbox 139 1586 330 1623; x_wconf 77' lang='lat' dir='ltr'><strong>dationem</strong></span> <span class='ocrx_word' id='word_1_161' title='bbox 350 1582 629 1621; x_wconf 86' lang='lat' dir='ltr'><strong>commendavit</strong></span> <span class='ocrx_word' id='word_1_162' title='bbox 648 1582 689 1619; x_wconf 94' lang='lat' dir='ltr'><strong>O.</strong></span> <span class='ocrx_word' id='word_1_163' title='bbox 710 1583 803 1619; x_wconf 84' lang='lat' dir='ltr'><strong>Iahn</strong></span> <span class='ocrx_word' id='word_1_164' title='bbox 821 1582 867 1618; x_wconf 89' lang='lat' dir='ltr'><strong>de</strong></span> <span class='ocrx_word' id='word_1_165' title='bbox 887 1582 1098 1628; x_wconf 78' lang='lat' dir='ltr'><strong>Polygnoto</strong></span> <span class='ocrx_word' id='word_1_166' title='bbox 1116 1594 1152 1628; x_wconf 88' lang='lat' dir='ltr'><strong>p.</strong></span> <span class='ocrx_word' id='word_1_167' title='bbox 1173 1585 1231 1626; x_wconf 88' lang='lat'><strong>68,</strong></span> <span class='ocrx_word' id='word_1_168' title='bbox 1255 1580 1493 1627; x_wconf 74' lang='lat' dir='ltr'><strong>improbante</strong></span> <span class='ocrx_word' id='word_1_169' title='bbox 1514 1579 1678 1617; x_wconf 90' lang='lat' dir='ltr'><strong>Brunnio</strong></span> 
     </span>
     <span class='ocr_line' id='line_1_24' title="bbox 142 1627 1678 1676; baseline -0.005 -6"><span class='ocrx_word' id='word_1_170' title='bbox 142 1633 230 1672; x_wconf 89' lang='lat' dir='ltr'><strong>hist.</strong></span> <span class='ocrx_word' id='word_1_171' title='bbox 250 1631 350 1670; x_wconf 74' lang='lat' dir='ltr'><strong>artis.</strong></span> <span class='ocrx_word' id='word_1_172' title='bbox 369 1631 405 1667; x_wconf 92' lang='lat' dir='ltr'><strong>II</strong></span> <span class='ocrx_word' id='word_1_173' title='bbox 424 1636 463 1676; x_wconf 75' lang='lat'><strong>93</strong></span> <span class='ocrx_word' id='word_1_174' title='bbox 490 1632 531 1668; x_wconf 90' lang='lat' dir='ltr'><strong>at</strong></span> <span class='ocrx_word' id='word_1_175' title='bbox 555 1631 687 1667; x_wconf 85' lang='lat' dir='ltr'><strong>Cimon</strong></span> <span class='ocrx_word' id='word_1_176' title='bbox 706 1630 830 1676; x_wconf 90' lang='lat' dir='ltr'><strong>pictor</strong></span> <span class='ocrx_word' id='word_1_177' title='bbox 847 1630 896 1666; x_wconf 86' lang='lat' dir='ltr'><strong>ab</strong></span> <span class='ocrx_word' id='word_1_178' title='bbox 916 1629 1008 1666; x_wconf 88' lang='lat' dir='ltr'><strong>artis</strong></span> <span class='ocrx_word' id='word_1_179' title='bbox 1033 1629 1244 1676; x_wconf 79' lang='lat' dir='ltr'><strong>primordiis</strong></span> <span class='ocrx_word' id='word_1_180' title='bbox 1268 1639 1387 1675; x_wconf 89' lang='lat' dir='ltr'><strong>prope</strong></span> <span class='ocrx_word' id='word_1_181' title='bbox 1407 1628 1526 1672; x_wconf 85' lang='lat' dir='ltr'><strong>abest,</strong></span> <span class='ocrx_word' id='word_1_182' title='bbox 1551 1627 1678 1664; x_wconf 85' lang='lat' dir='ltr'><strong>Micon</strong></span> 
     </span>
     <span class='ocr_line' id='line_1_25' title="bbox 142 1675 1674 1724; baseline -0.005 -6"><span class='ocrx_word' id='word_1_183' title='bbox 142 1679 380 1718; x_wconf 67' lang='lat' dir='ltr'><strong>Atheniensis</strong></span> <span class='ocrx_word' id='word_1_184' title='bbox 400 1678 572 1724; x_wconf 78' lang='lat' dir='ltr'><strong>Dionysii</strong></span> <span class='ocrx_word' id='word_1_185' title='bbox 597 1681 637 1715; x_wconf 91' lang='lat' dir='ltr'><strong>et</strong></span> <span class='ocrx_word' id='word_1_186' title='bbox 660 1677 863 1724; x_wconf 78' lang='lat' dir='ltr'><strong>Polygnoti</strong></span> <span class='ocrx_word' id='word_1_187' title='bbox 887 1678 960 1713; x_wconf 84' lang='lat' dir='ltr'><strong>fuit</strong></span> <span class='ocrx_word' id='word_1_188' title='bbox 983 1676 1170 1723; x_wconf 67' lang='lat' dir='ltr'><strong>aequalis,</strong></span> <span class='ocrx_word' id='word_1_189' title='bbox 1196 1676 1242 1712; x_wconf 88' lang='lat' dir='ltr'><strong>cf.</strong></span> <span class='ocrx_word' id='word_1_190' title='bbox 1263 1676 1383 1712; x_wconf 89' lang='lat' dir='ltr'><strong>Varro</strong></span> <span class='ocrx_word' id='word_1_191' title='bbox 1403 1676 1448 1712; x_wconf 91' lang='lat' dir='ltr'><strong>de</strong></span> <span class='ocrx_word' id='word_1_192' title='bbox 1474 1675 1498 1712; x_wconf 90' lang='lat'><strong>1.</strong></span> <span class='ocrx_word' id='word_1_193' title='bbox 1518 1675 1543 1711; x_wconf 94' lang='lat' dir='ltr'><strong>l.</strong></span> <span class='ocrx_word' id='word_1_194' title='bbox 1564 1675 1615 1711; x_wconf 89' lang='lat' dir='ltr'><strong>IX</strong></span> <span class='ocrx_word' id='word_1_195' title='bbox 1632 1679 1674 1711; x_wconf 89' lang='grc'><strong>12</strong></span> 
     </span>
     <span class='ocr_line' id='line_1_26' title="bbox 141 1724 1676 1776; baseline -0.005 -10"><span class='ocrx_word' id='word_1_196' title='bbox 141 1731 175 1766; x_wconf 76' lang='lat' dir='ltr'><strong>si</strong></span> <span class='ocrx_word' id='word_1_197' title='bbox 193 1730 354 1776; x_wconf 76' lang='lat' dir='ltr'><strong>pictores</strong></span> <span class='ocrx_word' id='word_1_198' title='bbox 378 1727 541 1774; x_wconf 79' lang='lat' dir='ltr'><strong>Apelles,</strong></span> <span class='ocrx_word' id='word_1_199' title='bbox 569 1726 806 1773; x_wconf 73' lang='lat' dir='ltr'><strong>Protoqenes,</strong></span> <span class='ocrx_word' id='word_1_200' title='bbox 833 1725 903 1761; x_wconf 77' lang='lat' dir='ltr'><strong>alii</strong></span> <span class='ocrx_word' id='word_1_201' title='bbox 927 1725 1086 1770; x_wconf 72' lang='lat' dir='ltr'><strong>artifices</strong></span> <span class='ocrx_word' id='word_1_202' title='bbox 1111 1725 1246 1771; x_wconf 74' lang='lat' dir='ltr'><strong>eyreyii</strong></span> <span class='ocrx_word' id='word_1_203' title='bbox 1270 1734 1346 1760; x_wconf 76' lang='lat' dir='ltr'><strong>non</strong></span> <span class='ocrx_word' id='word_1_204' title='bbox 1370 1724 1676 1768; x_wconf 74' lang='lat' dir='ltr'><strong>reprelaendundi,</strong></span> 
     </span>
    </p>

    <p class='ocr_par' dir='ltr' id='par_1_10' title="bbox 138 1772 1679 2536">
     <span class='ocr_line' id='line_1_27' title="bbox 261 1772 1679 1820; baseline -0.004 -7"><span class='ocrx_word' id='word_1_205' title='bbox 261 1775 558 1813; x_wconf 73' lang='lat' dir='ltr'><strong>consuetudinem</strong></span> <span class='ocrx_word' id='word_1_206' title='bbox 584 1775 774 1818; x_wconf 74' lang='lat' dir='ltr'><strong>Miconos,</strong></span> <span class='ocrx_word' id='word_1_207' title='bbox 799 1772 980 1820; x_wconf 70' lang='lat' dir='ltr'><strong>Dionysi,</strong></span> <span class='ocrx_word' id='word_1_208' title='bbox 1005 1773 1208 1809; x_wconf 78' lang='lat' dir='ltr'><strong>Arinmesti</strong></span> <span class='ocrx_word' id='word_1_209' title='bbox 1237 1772 1468 1818; x_wconf 76' lang='lat' dir='ltr'><strong>superiorum</strong></span> <span class='ocrx_word' id='word_1_210' title='bbox 1492 1782 1568 1808; x_wconf 74' lang='lat' dir='ltr'><strong>non</strong></span> <span class='ocrx_word' id='word_1_211' title='bbox 1590 1775 1679 1807; x_wconf 78' lang='lat' dir='ltr'><strong><em>sunt</em></strong></span> 
     </span>
     <span class='ocr_line' id='line_1_28' title="bbox 138 1818 1675 1869; baseline -0.005 -7"><span class='ocrx_word' id='word_1_212' title='bbox 138 1825 264 1869; x_wconf 72' lang='lat' dir='ltr'><strong>secuti,</strong></span> <span class='ocrx_word' id='word_1_213' title='bbox 290 1824 360 1869; x_wconf 72' lang='lat' dir='ltr'><strong>(ita</strong></span> <span class='ocrx_word' id='word_1_214' title='bbox 379 1822 479 1859; x_wconf 88' lang='lat' dir='ltr'><strong>enim</strong></span> <span class='ocrx_word' id='word_1_215' title='bbox 499 1821 770 1868; x_wconf 85' lang='lat' dir='ltr'><strong>corrigendum,</strong></span> <span class='ocrx_word' id='word_1_216' title='bbox 793 1820 907 1867; x_wconf 83' lang='lat' dir='ltr'><strong>vulgo</strong></span> <span class='ocrx_word' id='word_1_217' title='bbox 923 1821 1082 1866; x_wconf 79' lang='lat' dir='ltr'><strong>pictores</strong></span> <span class='ocrx_word' id='word_1_218' title='bbox 1101 1821 1173 1866; x_wconf 80' lang='lat' dir='ltr'><strong>Ap.</strong></span> <span class='ocrx_word' id='word_1_219' title='bbox 1198 1819 1264 1857; x_wconf 82' lang='lat' dir='ltr'><strong>Gr.</strong></span> <span class='ocrx_word' id='word_1_220' title='bbox 1283 1820 1337 1856; x_wconf 81' lang='lat' dir='ltr'><strong>sie</strong></span> <span class='ocrx_word' id='word_1_221' title='bbox 1356 1820 1425 1855; x_wconf 77' lang='lat' dir='ltr'><strong>alii</strong></span> <span class='ocrx_word' id='word_1_222' title='bbox 1445 1847 1452 1855; x_wconf 94' lang='lat'><strong>.</strong></span> <span class='ocrx_word' id='word_1_223' title='bbox 1477 1847 1484 1854; x_wconf 94' lang='lat'><strong>.</strong></span> <span class='ocrx_word' id='word_1_224' title='bbox 1506 1846 1514 1854; x_wconf 91' lang='lat'><strong>.</strong></span> <span class='ocrx_word' id='word_1_225' title='bbox 1534 1818 1675 1863; x_wconf 73' lang='lat' dir='ltr'><strong>Dior-is,</strong></span> 
     </span>
     <span class='ocr_line' id='line_1_29' title="bbox 139 1866 1676 1919; baseline -0.005 -10"><span class='ocrx_word' id='word_1_226' title='bbox 139 1872 318 1919; x_wconf 75' lang='lat' dir='ltr'><strong>Dionysi,</strong></span> <span class='ocrx_word' id='word_1_227' title='bbox 349 1871 545 1914; x_wconf 81' lang='lat' dir='ltr'><strong>Arimnae,</strong></span> <span class='ocrx_word' id='word_1_228' title='bbox 576 1870 686 1906; x_wconf 79' lang='lat' dir='ltr'><strong>etiam</strong></span> <span class='ocrx_word' id='word_1_229' title='bbox 714 1880 795 1915; x_wconf 72' lang='lat' dir='ltr'><strong>sup.</strong></span> <span class='ocrx_word' id='word_1_230' title='bbox 808 1897 818 1914; x_wconf 94' lang='lat'><strong>,</strong></span> <span class='ocrx_word' id='word_1_231' title='bbox 848 1867 1084 1904; x_wconf 84' lang='lat' dir='ltr'><strong>Arimnestus</strong></span> <span class='ocrx_word' id='word_1_232' title='bbox 1116 1867 1209 1904; x_wconf 88' lang='lat' dir='ltr'><strong>alibi</strong></span> <span class='ocrx_word' id='word_1_233' title='bbox 1233 1878 1308 1904; x_wconf 90' lang='lat' dir='ltr'><strong>non</strong></span> <span class='ocrx_word' id='word_1_234' title='bbox 1333 1868 1578 1912; x_wconf 88' lang='lat' dir='ltr'><strong>memoratur,</strong></span> <span class='ocrx_word' id='word_1_235' title='bbox 1610 1866 1676 1902; x_wconf 87' lang='lat' dir='ltr'><strong>sed</strong></span> 
     </span>
     <span class='ocr_line' id='line_1_30' title="bbox 141 1913 1678 1966; baseline -0.005 -10"><span class='ocrx_word' id='word_1_236' title='bbox 141 1917 354 1966; x_wconf 81' lang='lat' dir='ltr'><strong>emendatio</strong></span> <span class='ocrx_word' id='word_1_237' title='bbox 373 1919 500 1964; x_wconf 81' lang='lat' dir='ltr'><strong>certa).</strong></span> <span class='ocrx_word' id='word_1_238' title='bbox 536 1917 610 1954; x_wconf 87' lang='lat' dir='ltr'><strong>Sed</strong></span> <span class='ocrx_word' id='word_1_239' title='bbox 628 1917 667 1953; x_wconf 89' lang='lat' dir='ltr'><strong>in</strong></span> <span class='ocrx_word' id='word_1_240' title='bbox 686 1916 868 1962; x_wconf 83' lang='lat' dir='ltr'><strong>adespoto</strong></span> <span class='ocrx_word' id='word_1_241' title='bbox 888 1916 1160 1962; x_wconf 77' lang='lat' dir='ltr'><strong>epigrammate</strong></span> <span class='ocrx_word' id='word_1_242' title='bbox 1178 1914 1291 1952; x_wconf 89' lang='lat' dir='ltr'><strong>Anth.</strong></span> <span class='ocrx_word' id='word_1_243' title='bbox 1312 1914 1417 1951; x_wconf 85' lang='lat' dir='ltr'><strong>Plan.</strong></span> <span class='ocrx_word' id='word_1_244' title='bbox 1431 1918 1478 1950; x_wconf 86' lang='lat'><strong>84</strong></span> <span class='ocrx_word' id='word_1_245' title='bbox 1498 1914 1560 1960; x_wconf 89' lang='lat' dir='ltr'><strong>(cf.</strong></span> <span class='ocrx_word' id='word_1_246' title='bbox 1579 1913 1678 1949; x_wconf 85' lang='lat' dir='ltr'><strong>infra</strong></span> 
     </span>
     <span class='ocr_line' id='line_1_31' title="bbox 141 1962 1677 2051; baseline -0.005 0"><span class='ocrx_word' id='word_1_247' title='bbox 141 1980 195 2051; x_wconf 44' lang='lat'><strong>51⁶(</strong></span> <span class='ocrx_word' id='word_1_248' title='bbox 205 1963 1131 2051; x_wconf 46' lang='lat' dir='ltr'><strong>50³3&gt;iots1i=1iggitc{bigegttibriiiilcueli-{affifflfflffl‹betgbi</strong></span> <span class='ocrx_word' id='word_1_249' title='bbox 1154 1962 1422 2047; x_wconf 42' lang='lat' dir='ltr'><strong>tlilisizlriiffmfli&#39;zife</strong></span> <span class='ocrx_word' id='word_1_250' title='bbox 1440 1963 1677 2046; x_wconf 51' lang='lat' dir='ltr'><strong>ggg’cifforffiii</strong></span> 
     </span>
     <span class='ocr_line' id='line_1_32' title="bbox 140 2023 1677 2108; baseline -0.005 -9"><span class='ocrx_word' id='word_1_251' title='bbox 140 2028 230 2108; x_wconf 46' lang='lat' dir='ltr'><strong>miii,</strong></span> <span class='ocrx_word' id='word_1_252' title='bbox 262 2062 413 2108; x_wconf 84' lang='lat' dir='ltr'><strong>poterat</strong></span> <span class='ocrx_word' id='word_1_253' title='bbox 443 2041 558 2097; x_wconf 78' lang='lat' dir='ltr'><strong>e’tiam</strong></span> <span class='ocrx_word' id='word_1_254' title='bbox 583 2059 776 2097; x_wconf 87' lang='lat' dir='ltr'><strong>Cimonem</strong></span> <span class='ocrx_word' id='word_1_255' title='bbox 810 2023 1010 2106; x_wconf 55' lang='lat' dir='ltr'><strong>piaeoonss</strong></span> <span class='ocrx_word' id='word_1_256' title='bbox 1036 2023 1178 2095; x_wconf 50' lang='lat' dir='ltr'><strong>oniaffe.</strong></span> <span class='ocrx_word' id='word_1_257' title='bbox 1229 2058 1399 2094; x_wconf 83' lang='lat' dir='ltr'><strong>Pertinet</strong></span> <span class='ocrx_word' id='word_1_258' title='bbox 1421 2057 1580 2094; x_wconf 84' lang='lat' dir='ltr'><strong>fortasse</strong></span> <span class='ocrx_word' id='word_1_259' title='bbox 1605 2057 1677 2093; x_wconf 91' lang='lat' dir='ltr'><strong>hoc</strong></span> 
     </span>
     <span class='ocr_line' id='line_1_33' title="bbox 141 2104 1676 2165; baseline -0.005 -19"><span class='ocrx_word' id='word_1_260' title='bbox 141 2110 375 2165; x_wconf 81' lang='lat' dir='ltr'><strong>epigramma</strong></span> <span class='ocrx_word' id='word_1_261' title='bbox 399 2109 448 2145; x_wconf 80' lang='lat' dir='ltr'><strong>ad</strong></span> <span class='ocrx_word' id='word_1_262' title='bbox 471 2108 573 2145; x_wconf 91' lang='lat' dir='ltr'><strong>idem</strong></span> <span class='ocrx_word' id='word_1_263' title='bbox 597 2108 792 2154; x_wconf 87' lang='lat' dir='ltr'><strong>templum,</strong></span> <span class='ocrx_word' id='word_1_264' title='bbox 817 2107 865 2143; x_wconf 88' lang='lat' dir='ltr'><strong>ad</strong></span> <span class='ocrx_word' id='word_1_265' title='bbox 891 2107 990 2153; x_wconf 88' lang='lat' dir='ltr'><strong>quod</strong></span> <span class='ocrx_word' id='word_1_266' title='bbox 1010 2110 1169 2153; x_wconf 83' lang='lat' dir='ltr'><strong>ep.·161,</strong></span> <span class='ocrx_word' id='word_1_267' title='bbox 1195 2106 1238 2142; x_wconf 90' lang='lat' dir='ltr'><strong>ut</strong></span> <span class='ocrx_word' id='word_1_268' title='bbox 1261 2105 1278 2140; x_wconf 95' lang='grc' dir='ltr'>Ι</span> <span class='ocrx_word' id='word_1_269' title='bbox 1304 2105 1407 2149; x_wconf 83' lang='grc'><strong>111011,</strong></span> <span class='ocrx_word' id='word_1_270' title='bbox 1432 2105 1568 2150; x_wconf 87' lang='lat' dir='ltr'><strong>Micon,</strong></span> <span class='ocrx_word' id='word_1_271' title='bbox 1588 2104 1676 2140; x_wconf 89' lang='lat' dir='ltr'><strong>Dio-</strong></span> 
     </span>
     <span class='ocr_line' id='line_1_34' title="bbox 139 2149 1676 2204; baseline -0.005 -10"><span class='ocrx_word' id='word_1_272' title='bbox 139 2169 267 2204; x_wconf 79' lang='lat' dir='ltr'><strong>nysius</strong></span> <span class='ocrx_word' id='word_1_273' title='bbox 290 2157 330 2193; x_wconf 89' lang='lat' dir='ltr'><strong>in</strong></span> <span class='ocrx_word' id='word_1_274' title='bbox 355 2156 487 2193; x_wconf 85' lang='lat' dir='ltr'><strong>eadem</strong></span> <span class='ocrx_word' id='word_1_275' title='bbox 518 2155 611 2193; x_wconf 86' lang='lat' dir='ltr'><strong>aede</strong></span> <span class='ocrx_word' id='word_1_276' title='bbox 644 2155 811 2192; x_wconf 85' lang='lat' dir='ltr'><strong>ornanda</strong></span> <span class='ocrx_word' id='word_1_277' title='bbox 847 2154 1020 2200; x_wconf 83' lang='lat' dir='ltr'><strong>occupati</strong></span> <span class='ocrx_word' id='word_1_278' title='bbox 1056 2154 1206 2190; x_wconf 83' lang='lat' dir='ltr'><strong>fuerint.</strong></span> <span class='ocrx_word' id='word_1_279' title='bbox 1296 2152 1453 2189; x_wconf 84' lang='lat' dir='ltr'><strong>oniicias</strong></span> <span class='ocrx_word' id='word_1_280' title='bbox 1486 2149 1676 2187; x_wconf 78' lang='grc' dir='ltr'><strong><em>Ἀνακεῖον</em></strong></span> 
     </span>
     <span class='ocr_line' id='line_1_35' title="bbox 144 2199 1676 2249; baseline -0.005 -8"><span class='ocrx_word' id='word_1_281' title='bbox 144 2205 269 2248; x_wconf 85' lang='lat' dir='ltr'><strong>fuisse,</strong></span> <span class='ocrx_word' id='word_1_282' title='bbox 281 2204 411 2241; x_wconf 80' lang='lat' dir='ltr'><strong>fanum</strong></span> <span class='ocrx_word' id='word_1_283' title='bbox 431 2203 639 2249; x_wconf 85' lang='lat' dir='ltr'><strong>antiquum,</strong></span> <span class='ocrx_word' id='word_1_284' title='bbox 652 2202 753 2248; x_wconf 88' lang='lat' dir='ltr'><strong>quod</strong></span> <span class='ocrx_word' id='word_1_285' title='bbox 766 2202 1012 2238; x_wconf 77' lang='lat' dir='ltr'><strong>Athenienses</strong></span> <span class='ocrx_word' id='word_1_286' title='bbox 1025 2201 1203 2238; x_wconf 88' lang='lat' dir='ltr'><strong>confectis</strong></span> <span class='ocrx_word' id='word_1_287' title='bbox 1216 2200 1372 2237; x_wconf 76' lang='lat' dir='ltr'><strong>Medicis</strong></span> <span class='ocrx_word' id='word_1_288' title='bbox 1391 2199 1501 2235; x_wconf 86' lang='lat' dir='ltr'><strong>bellis</strong></span> <span class='ocrx_word' id='word_1_289' title='bbox 1514 2199 1676 2245; x_wconf 87' lang='lat' dir='ltr'><strong>primum</strong></span> 
     </span>
     <span class='ocr_line' id='line_1_36' title="bbox 140 2246 1676 2298; baseline -0.004 -10"><span class='ocrx_word' id='word_1_290' title='bbox 140 2251 314 2288; x_wconf 87' lang='lat' dir='ltr'><strong>videntur</strong></span> <span class='ocrx_word' id='word_1_291' title='bbox 342 2250 500 2298; x_wconf 89' lang='lat' dir='ltr'><strong>picturis</strong></span> <span class='ocrx_word' id='word_1_292' title='bbox 531 2250 734 2286; x_wconf 82' lang='lat' dir='ltr'><strong>ornavisse:</strong></span> <span class='ocrx_word' id='word_1_293' title='bbox 770 2250 928 2286; x_wconf 85' lang='lat' dir='ltr'><strong>Pausan.</strong></span> <span class='ocrx_word' id='word_1_294' title='bbox 956 2250 973 2285; x_wconf 97' lang='lat' dir='ltr'>I</span> <span class='ocrx_word' id='word_1_295' title='bbox 1001 2253 1056 2294; x_wconf 88' lang='lat'><strong>18,</strong></span> <span class='ocrx_word' id='word_1_296' title='bbox 1084 2254 1102 2285; x_wconf 87' lang='lat'><strong>1</strong></span> <span class='ocrx_word' id='word_1_297' title='bbox 1130 2248 1288 2284; x_wconf 78' lang='lat' dir='ltr'><strong>Miconis</strong></span> <span class='ocrx_word' id='word_1_298' title='bbox 1328 2250 1366 2283; x_wconf 86' lang='lat' dir='ltr'><strong>et</strong></span> <span class='ocrx_word' id='word_1_299' title='bbox 1396 2246 1597 2292; x_wconf 76' lang='lat' dir='ltr'><strong>Polygnoti</strong></span> <span class='ocrx_word' id='word_1_300' title='bbox 1621 2246 1676 2282; x_wconf 89' lang='lat' dir='ltr'><strong>ibi</strong></span> 
     </span>
     <span class='ocr_line' id='line_1_37' title="bbox 140 2293 1675 2345; baseline -0.004 -10"><span class='ocrx_word' id='word_1_301' title='bbox 140 2299 237 2335; x_wconf 89' lang='lat' dir='ltr'><strong>vidit</strong></span> <span class='ocrx_word' id='word_1_302' title='bbox 262 2309 391 2345; x_wconf 84' lang='lat' dir='ltr'><strong>opera,</strong></span> <span class='ocrx_word' id='word_1_303' title='bbox 430 2298 496 2333; x_wconf 90' lang='lat' dir='ltr'><strong>sed</strong></span> <span class='ocrx_word' id='word_1_304' title='bbox 519 2299 695 2344; x_wconf 79' lang='lat' dir='ltr'><strong>poterant</strong></span> <span class='ocrx_word' id='word_1_305' title='bbox 719 2298 869 2343; x_wconf 88' lang='lat' dir='ltr'><strong>praeter</strong></span> <span class='ocrx_word' id='word_1_306' title='bbox 893 2297 960 2333; x_wconf 91' lang='lat' dir='ltr'><strong>hos</strong></span> <span class='ocrx_word' id='word_1_307' title='bbox 985 2297 1100 2333; x_wconf 87' lang='lat' dir='ltr'><strong>etiam</strong></span> <span class='ocrx_word' id='word_1_308' title='bbox 1126 2296 1191 2332; x_wconf 87' lang='lat' dir='ltr'><strong>alii</strong></span> <span class='ocrx_word' id='word_1_309' title='bbox 1217 2295 1378 2332; x_wconf 85' lang='lat' dir='ltr'><strong>artifices</strong></span> <span class='ocrx_word' id='word_1_310' title='bbox 1409 2293 1571 2340; x_wconf 85' lang='lat' dir='ltr'><strong>parietes</strong></span> <span class='ocrx_word' id='word_1_311' title='bbox 1596 2293 1675 2330; x_wconf 86' lang='lat' dir='ltr'><strong>fani</strong></span> 
     </span>
     <span class='ocr_line' id='line_1_38' title="bbox 140 2341 1673 2393; baseline -0.004 -11"><span class='ocrx_word' id='word_1_312' title='bbox 140 2345 297 2393; x_wconf 88' lang='lat' dir='ltr'><strong>picturis</strong></span> <span class='ocrx_word' id='word_1_313' title='bbox 334 2346 528 2390; x_wconf 85' lang='lat' dir='ltr'><strong>decorare,</strong></span> <span class='ocrx_word' id='word_1_314' title='bbox 574 2345 843 2390; x_wconf 82' lang='lat' dir='ltr'><strong>commodeque</strong></span> <span class='ocrx_word' id='word_1_315' title='bbox 886 2344 1025 2380; x_wconf 82' lang='lat' dir='ltr'><strong>referas</strong></span> <span class='ocrx_word' id='word_1_316' title='bbox 1055 2355 1112 2391; x_wconf 90' lang='lat' dir='ltr'><strong>ep.</strong></span> <span class='ocrx_word' id='word_1_317' title='bbox 1143 2347 1209 2379; x_wconf 91' lang='grc'><strong>162</strong></span> <span class='ocrx_word' id='word_1_318' title='bbox 1242 2343 1291 2379; x_wconf 85' lang='lat' dir='ltr'><strong>ad</strong></span> <span class='ocrx_word' id='word_1_319' title='bbox 1322 2342 1529 2389; x_wconf 82' lang='lat' dir='ltr'><strong>propylaea</strong></span> <span class='ocrx_word' id='word_1_320' title='bbox 1564 2341 1673 2377; x_wconf 86' lang='lat' dir='ltr'><strong>huius</strong></span> 
     </span>
     <span class='ocr_line' id='line_1_39' title="bbox 143 2389 1675 2439; baseline -0.005 -9"><span class='ocrx_word' id='word_1_321' title='bbox 143 2393 241 2439; x_wconf 83' lang='lat' dir='ltr'><strong>fani,</strong></span> <span class='ocrx_word' id='word_1_322' title='bbox 273 2404 369 2439; x_wconf 89' lang='lat' dir='ltr'><strong>quae</strong></span> <span class='ocrx_word' id='word_1_323' title='bbox 394 2392 569 2439; x_wconf 77' lang='lat' dir='ltr'><strong>Polyaem</strong></span> <span class='ocrx_word' id='word_1_324' title='bbox 596 2391 612 2426; x_wconf 97' lang='lat' dir='ltr'>I</span> <span class='ocrx_word' id='word_1_325' title='bbox 638 2396 681 2428; x_wconf 90' lang='grc'><strong>21</strong></span> <span class='ocrx_word' id='word_1_326' title='bbox 714 2393 908 2429; x_wconf 90' lang='lat' dir='ltr'><strong>memorat.</strong></span> <span class='ocrx_word' id='word_1_327' title='bbox 958 2391 1072 2428; x_wconf 88' lang='lat' dir='ltr'><strong>Extat</strong></span> <span class='ocrx_word' id='word_1_328' title='bbox 1103 2391 1218 2427; x_wconf 88' lang='lat' dir='ltr'><strong>etiam</strong></span> <span class='ocrx_word' id='word_1_329' title='bbox 1248 2390 1351 2426; x_wconf 83' lang='lat' dir='ltr'><strong>aliud</strong></span> <span class='ocrx_word' id='word_1_330' title='bbox 1384 2401 1439 2435; x_wconf 87' lang='lat' dir='ltr'><strong>ep.</strong></span> <span class='ocrx_word' id='word_1_331' title='bbox 1466 2389 1675 2434; x_wconf 87' lang='lat' dir='ltr'><strong>adespoton</strong></span> 
     </span>
     <span class='ocr_line' id='line_1_40' title="bbox 146 2435 1673 2486; baseline -0.004 -9"><span class='ocrx_word' id='word_1_332' title='bbox 146 2442 186 2478; x_wconf 88' lang='lat' dir='ltr'><strong>in</strong></span> <span class='ocrx_word' id='word_1_333' title='bbox 210 2441 324 2477; x_wconf 84' lang='lat' dir='ltr'><strong>Anth.</strong></span> <span class='ocrx_word' id='word_1_334' title='bbox 351 2441 391 2477; x_wconf 92' lang='lat' dir='ltr'><strong>P.</strong></span> <span class='ocrx_word' id='word_1_335' title='bbox 411 2439 498 2475; x_wconf 87' lang='lat' dir='ltr'>XIII</span> <span class='ocrx_word' id='word_1_336' title='bbox 519 2444 562 2476; x_wconf 90' lang='grc'><strong>17</strong></span> <span class='ocrx_word' id='word_1_337' title='bbox 583 2439 685 2485; x_wconf 88' lang='lat' dir='ltr'><strong>quod</strong></span> <span class='ocrx_word' id='word_1_338' title='bbox 704 2450 778 2475; x_wconf 89' lang='lat' dir='ltr'><strong>non</strong></span> <span class='ocrx_word' id='word_1_339' title='bbox 797 2438 1037 2486; x_wconf 81' lang='lat' dir='ltr'><strong>improbabili</strong></span> <span class='ocrx_word' id='word_1_340' title='bbox 1056 2439 1270 2475; x_wconf 85' lang='lat' dir='ltr'><strong>coniectura</strong></span> <span class='ocrx_word' id='word_1_341' title='bbox 1288 2436 1460 2474; x_wconf 82' lang='lat' dir='ltr'><strong>tribuunt</strong></span> <span class='ocrx_word' id='word_1_342' title='bbox 1479 2435 1673 2480; x_wconf 84' lang='lat' dir='ltr'><strong>Simonidi,</strong></span> 
     </span>
     <span class='ocr_line' id='line_1_41' title="bbox 140 2487 678 2536; baseline -0.004 -10"><span class='ocrx_word' id='word_1_343' title='bbox 140 2490 188 2526; x_wconf 85' lang='lat' dir='ltr'><strong>de</strong></span> <span class='ocrx_word' id='word_1_344' title='bbox 213 2500 287 2536; x_wconf 91' lang='lat' dir='ltr'><strong>quo</strong></span> <span class='ocrx_word' id='word_1_345' title='bbox 313 2488 387 2525; x_wconf 91' lang='lat' dir='ltr'><strong>vid.</strong></span> <span class='ocrx_word' id='word_1_346' title='bbox 413 2487 511 2524; x_wconf 80' lang='lat' dir='ltr'><strong>infra</strong></span> <span class='ocrx_word' id='word_1_347' title='bbox 535 2499 571 2533; x_wconf 91' lang='lat' dir='ltr'><strong>p.</strong></span> <span class='ocrx_word' id='word_1_348' title='bbox 598 2490 678 2524; x_wconf 81' lang='grc'><strong>517.</strong></span> 
     </span>
    </p>

    <p class='ocr_par' dir='ltr' id='par_1_11' title="bbox 140 2527 1675 2726">
     <span class='ocr_line' id='line_1_42' title="bbox 237 2527 1671 2583; baseline -0.004 -11"><span class='ocrx_word' id='word_1_349' title='bbox 237 2536 364 2583; x_wconf 80' lang='lat' dir='ltr'><strong>Epigr.</strong></span> <span class='ocrx_word' id='word_1_350' title='bbox 394 2539 472 2572; x_wconf 82' lang='lat'><strong>163.</strong></span> <span class='ocrx_word' id='word_1_351' title='bbox 517 2534 669 2571; x_wconf 80' lang='lat' dir='ltr'><strong>Aristot.</strong></span> <span class='ocrx_word' id='word_1_352' title='bbox 688 2534 797 2571; x_wconf 77' lang='lat' dir='ltr'><strong>Rhet.</strong></span> <span class='ocrx_word' id='word_1_353' title='bbox 819 2535 834 2570; x_wconf 90' lang='lat' dir='ltr'><strong>l</strong></span> <span class='ocrx_word' id='word_1_354' title='bbox 855 2537 893 2570; x_wconf 74' lang='lat'><strong>‘12</strong></span> <span class='ocrx_word' id='word_1_355' title='bbox 919 2529 1016 2570; x_wconf 75' lang='grc' dir='ltr'><strong><em>ὅθεν</em></strong></span> <span class='ocrx_word' id='word_1_356' title='bbox 1042 2533 1106 2570; x_wconf 74' lang='grc' dir='ltr'><strong>καὶ</strong></span> <span class='ocrx_word' id='word_1_357' title='bbox 1130 2531 1172 2569; x_wconf 89' lang='grc' dir='ltr'><strong>τὸ</strong></span> <span class='ocrx_word' id='word_1_358' title='bbox 1199 2530 1415 2579; x_wconf 72' lang='grc' dir='ltr'><strong><em>ἐπίγραμμα</em></strong></span> <span class='ocrx_word' id='word_1_359' title='bbox 1440 2532 1497 2579; x_wconf 80' lang='grc' dir='ltr'><strong>τῷ</strong></span> <span class='ocrx_word' id='word_1_360' title='bbox 1520 2527 1671 2577; x_wconf 75' lang='grc' dir='ltr'><strong><em>Ὀλυμ-</em></strong></span> 
     </span>
     <span class='ocr_line' id='line_1_43' title="bbox 140 2575 1674 2631; baseline -0.005 -11"><span class='ocrx_word' id='word_1_361' title='bbox 140 2585 347 2631; x_wconf 71' lang='grc' dir='ltr'><strong><em>κιονίκῃ·</em></strong></span> <span class='ocrx_word' id='word_1_362' title='bbox 381 2580 566 2627; x_wconf 77' lang='grc' dir='ltr'><strong><em>Πρόσθε</em></strong></span> <span class='ocrx_word' id='word_1_363' title='bbox 592 2584 667 2618; x_wconf 74' lang='grc' dir='ltr'><strong>κτλ.</strong></span> <span class='ocrx_word' id='word_1_364' title='bbox 718 2582 767 2617; x_wconf 87' lang='lat' dir='ltr'><strong>Et</strong></span> <span class='ocrx_word' id='word_1_365' title='bbox 790 2593 825 2618; x_wconf 82' lang='lat' dir='ltr'><strong>v.</strong></span> <span class='ocrx_word' id='word_1_366' title='bbox 854 2585 873 2617; x_wconf 91' lang='lat'><strong>1</strong></span> <span class='ocrx_word' id='word_1_367' title='bbox 898 2581 989 2618; x_wconf 88' lang='lat' dir='ltr'><strong>ibid.</strong></span> <span class='ocrx_word' id='word_1_368' title='bbox 1022 2580 1162 2627; x_wconf 83' lang='lat' dir='ltr'><strong>legitur</strong></span> <span class='ocrx_word' id='word_1_369' title='bbox 1187 2581 1203 2616; x_wconf 92' lang='lat'><strong>1</strong></span> <span class='ocrx_word' id='word_1_370' title='bbox 1230 2584 1268 2616; x_wconf 83' lang='lat'><strong>9:</strong></span> <span class='ocrx_word' id='word_1_371' title='bbox 1301 2579 1365 2615; x_wconf 76' lang='grc' dir='ltr'><strong>καὶ</strong></span> <span class='ocrx_word' id='word_1_372' title='bbox 1395 2577 1437 2615; x_wconf 87' lang='grc' dir='ltr'><strong>τὸ</strong></span> <span class='ocrx_word' id='word_1_373' title='bbox 1470 2579 1537 2615; x_wconf 79' lang='grc' dir='ltr'><strong>τοῦ</strong></span> <span class='ocrx_word' id='word_1_374' title='bbox 1564 2575 1674 2625; x_wconf 77' lang='grc' dir='ltr'><strong><em>ὀλυμ-</em></strong></span> 
     </span>
     <span class='ocr_line' id='line_1_44' title="bbox 140 2625 1675 2682; baseline -0.004 -14"><span class='ocrx_word' id='word_1_375' title='bbox 140 2633 333 2668; x_wconf 76' lang='grc' dir='ltr'><strong><em>πιονίκου·</em></strong></span> <span class='ocrx_word' id='word_1_376' title='bbox 365 2628 544 2676; x_wconf 76' lang='grc' dir='ltr'><strong><em>πρόσθε</em></strong></span> <span class='ocrx_word' id='word_1_377' title='bbox 572 2657 580 2666; x_wconf 95' lang='grc'><strong>.</strong></span> <span class='ocrx_word' id='word_1_378' title='bbox 609 2658 616 2665; x_wconf 95' lang='grc'><strong>.</strong></span> <span class='ocrx_word' id='word_1_379' title='bbox 645 2658 652 2665; x_wconf 96' lang='grc'><strong>.</strong></span> <span class='ocrx_word' id='word_1_380' title='bbox 679 2632 909 2682; x_wconf 68' lang='grc' dir='ltr'><strong><em>τραχεῖαν.</em></strong></span> <span class='ocrx_word' id='word_1_381' title='bbox 964 2628 1031 2664; x_wconf 78' lang='grc' dir='ltr'><strong>καὶ</strong></span> <span class='ocrx_word' id='word_1_382' title='bbox 1059 2625 1102 2664; x_wconf 80' lang='grc' dir='ltr'><strong>τὸ</strong></span> <span class='ocrx_word' id='word_1_383' title='bbox 1135 2628 1202 2664; x_wconf 83' lang='grc' dir='ltr'><strong>τοῦ</strong></span> <span class='ocrx_word' id='word_1_384' title='bbox 1234 2628 1469 2674; x_wconf 80' lang='grc' dir='ltr'><strong><em>Σιμωνίδου,</em></strong></span> <span class='ocrx_word' id='word_1_385' title='bbox 1505 2625 1675 2671; x_wconf 78' lang='lat' dir='ltr'><strong>sequitur</strong></span> 
     </span>
     <span class='ocr_line' id='line_1_45' title="bbox 143 2674 1674 2726; baseline -0.004 -10"><span class='ocrx_word' id='word_1_386' title='bbox 143 2692 164 2715; x_wconf 89' lang='lat' dir='ltr'><strong>e</strong></span> <span class='ocrx_word' id='word_1_387' title='bbox 191 2679 260 2726; x_wconf 86' lang='lat' dir='ltr'><strong>igr.</strong></span> <span class='ocrx_word' id='word_1_388' title='bbox 289 2682 369 2723; x_wconf 91' lang='lat'><strong>111,</strong></span> <span class='ocrx_word' id='word_1_389' title='bbox 390 2683 423 2722; x_wconf 85' lang='lat'><strong>3,</strong></span> <span class='ocrx_word' id='word_1_390' title='bbox 449 2678 492 2713; x_wconf 90' lang='lat' dir='ltr'><strong>ut</strong></span> <span class='ocrx_word' id='word_1_391' title='bbox 514 2678 696 2724; x_wconf 82' lang='lat' dir='ltr'><strong>appareat</strong></span> <span class='ocrx_word' id='word_1_392' title='bbox 719 2675 917 2712; x_wconf 75' lang='lat' dir='ltr'><strong>Aristoteli</strong></span> <span class='ocrx_word' id='word_1_393' title='bbox 941 2677 1133 2712; x_wconf 87' lang='lat' dir='ltr'><strong>auctorem</strong></span> <span class='ocrx_word' id='word_1_394' title='bbox 1158 2675 1220 2711; x_wconf 89' lang='lat' dir='ltr'><strong>vel</strong></span> <span class='ocrx_word' id='word_1_395' title='bbox 1243 2686 1393 2721; x_wconf 83' lang='lat' dir='ltr'><strong>prorsus</strong></span> <span class='ocrx_word' id='word_1_396' title='bbox 1416 2674 1588 2720; x_wconf 79' lang='lat' dir='ltr'><strong>ignotum</strong></span> <span class='ocrx_word' id='word_1_397' title='bbox 1614 2674 1674 2710; x_wconf 81' lang='lat' dir='ltr'><strong>vel</strong></span> 
     </span>
    </p>

    <p class='ocr_par' dir='ltr' id='par_1_12' title="bbox 144 2721 1675 2962">
     <span class='ocr_line' id='line_1_46' title="bbox 182 2721 1673 2769; baseline -0.003 -6"><span class='ocrx_word' id='word_1_398' title='bbox 182 2727 260 2763; x_wconf 87' lang='lat' dir='ltr'><strong>ium</strong></span> <span class='ocrx_word' id='word_1_399' title='bbox 284 2726 417 2762; x_wconf 82' lang='lat' dir='ltr'><strong>fuisse:</strong></span> <span class='ocrx_word' id='word_1_400' title='bbox 443 2725 626 2761; x_wconf 89' lang='lat' dir='ltr'><strong>Simonidi</strong></span> <span class='ocrx_word' id='word_1_401' title='bbox 646 2726 772 2760; x_wconf 88' lang='lat' dir='ltr'><strong>tamen</strong></span> <span class='ocrx_word' id='word_1_402' title='bbox 790 2723 926 2760; x_wconf 78' lang='lat' dir='ltr'><strong>tribuit</strong></span> <span class='ocrx_word' id='word_1_403' title='bbox 944 2722 1211 2769; x_wconf 80' lang='lat' dir='ltr'><strong>Aristophanes</strong></span> <span class='ocrx_word' id='word_1_404' title='bbox 1230 2733 1290 2767; x_wconf 90' lang='lat' dir='ltr'><strong>ap.</strong></span> <span class='ocrx_word' id='word_1_405' title='bbox 1311 2721 1482 2758; x_wconf 83' lang='lat' dir='ltr'><strong>Eustath.</strong></span> <span class='ocrx_word' id='word_1_406' title='bbox 1499 2725 1602 2766; x_wconf 87' lang='grc'><strong>1761,</strong></span> <span class='ocrx_word' id='word_1_407' title='bbox 1615 2725 1673 2758; x_wconf 78' lang='lat'><strong>25:</strong></span> 
     </span>
     <span class='ocr_line' id='line_1_47' title="bbox 148 2766 1675 2817; baseline -0.005 -6"><span class='ocrx_word' id='word_1_408' title='bbox 148 2776 182 2811; x_wconf 95' lang='grc' dir='ltr'><em>Ο</em></span> <span class='ocrx_word' id='word_1_409' title='bbox 205 2772 247 2810; x_wconf 66' lang='grc' dir='ltr'><strong>δὲ</strong></span> <span class='ocrx_word' id='word_1_410' title='bbox 274 2772 341 2810; x_wconf 74' lang='grc' dir='ltr'><strong><em>τὸν</em></strong></span> <span class='ocrx_word' id='word_1_411' title='bbox 366 2771 511 2810; x_wconf 80' lang='grc' dir='ltr'><strong><em>σάνναν</em></strong></span> <span class='ocrx_word' id='word_1_412' title='bbox 537 2773 669 2808; x_wconf 81' lang='grc' dir='ltr'><strong><em>τοῦτον</em></strong></span> <span class='ocrx_word' id='word_1_413' title='bbox 694 2768 1064 2817; x_wconf 60' lang='grc' dir='ltr'><strong><em>παρασημηνάμενος</em></strong></span> <span class='ocrx_word' id='word_1_414' title='bbox 1086 2766 1348 2815; x_wconf 69' lang='grc' dir='ltr'><strong><em>Ἀριστοφάνης</em></strong></span> <span class='ocrx_word' id='word_1_415' title='bbox 1372 2766 1393 2804; x_wconf 86' lang='grc' dir='ltr'>ὁ</span> <span class='ocrx_word' id='word_1_416' title='bbox 1417 2766 1675 2815; x_wconf 71' lang='grc' dir='ltr'><strong><em>γραμματικὸς</em></strong></span> 
     </span>
     <span class='ocr_line' id='line_1_48' title="bbox 144 2813 1674 2865; baseline -0.004 -7"><span class='ocrx_word' id='word_1_417' title='bbox 144 2821 209 2857; x_wconf 73' lang='grc' dir='ltr'><strong>καὶ</strong></span> <span class='ocrx_word' id='word_1_418' title='bbox 245 2818 360 2862; x_wconf 75' lang='grc' dir='ltr'><strong><em>ἄλλοις</em></strong></span> <span class='ocrx_word' id='word_1_419' title='bbox 397 2818 592 2857; x_wconf 74' lang='grc' dir='ltr'><strong><em>ἐκτίθεται</em></strong></span> <span class='ocrx_word' id='word_1_420' title='bbox 635 2815 900 2865; x_wconf 75' lang='grc' dir='ltr'><strong><em>καινοφῶνους</em></strong></span> <span class='ocrx_word' id='word_1_421' title='bbox 941 2816 1076 2862; x_wconf 78' lang='grc' dir='ltr'><strong><em>λέξεις,</em></strong></span> <span class='ocrx_word' id='word_1_422' title='bbox 1119 2816 1201 2854; x_wconf 81' lang='grc' dir='ltr'><strong><em>οἷον</em></strong></span> <span class='ocrx_word' id='word_1_423' title='bbox 1245 2813 1418 2861; x_wconf 77' lang='grc' dir='ltr'><strong><em>ἅσιλλαν,</em></strong></span> <span class='ocrx_word' id='word_1_424' title='bbox 1461 2813 1597 2858; x_wconf 73' lang='grc' dir='ltr'><strong><em>σκεῦός</em></strong></span> <span class='ocrx_word' id='word_1_425' title='bbox 1638 2829 1674 2852; x_wconf 70' lang='grc' dir='ltr'><strong>τι</strong></span> 
     </span>
     <span class='ocr_line' id='line_1_49' title="bbox 145 2862 1671 2915; baseline -0.003 -10"><span class='ocrx_word' id='word_1_426' title='bbox 145 2865 348 2915; x_wconf 70' lang='grc' dir='ltr'><strong><em>ίχθυηρόν,</em></strong></span> <span class='ocrx_word' id='word_1_427' title='bbox 379 2862 426 2904; x_wconf 78' lang='grc' dir='ltr'><strong>οὖ</strong></span> <span class='ocrx_word' id='word_1_428' title='bbox 459 2868 589 2914; x_wconf 75' lang='grc' dir='ltr'><strong><em>χρῆσις</em></strong></span> <span class='ocrx_word' id='word_1_429' title='bbox 618 2864 721 2911; x_wconf 80' lang='grc' dir='ltr'><strong><em>παρὰ</em></strong></span> <span class='ocrx_word' id='word_1_430' title='bbox 747 2866 942 2913; x_wconf 77' lang='grc' dir='ltr'><strong><em>Σιμωνίδῃ</em></strong></span> <span class='ocrx_word' id='word_1_431' title='bbox 974 2862 1016 2902; x_wconf 79' lang='grc' dir='ltr'><strong><em>ἐν</em></strong></span> <span class='ocrx_word' id='word_1_432' title='bbox 1041 2865 1109 2912; x_wconf 76' lang='grc' dir='ltr'><strong>τῷ·</strong></span> <span class='ocrx_word' id='word_1_433' title='bbox 1142 2862 1298 2910; x_wconf 74' lang='grc' dir='ltr'><strong><em>Πρόσθε</em></strong></span> <span class='ocrx_word' id='word_1_434' title='bbox 1330 2867 1405 2901; x_wconf 74' lang='grc' dir='ltr'><strong>κτλ.</strong></span> <span class='ocrx_word' id='word_1_435' title='bbox 1432 2884 1476 2890; x_wconf 90' lang='grc'>-</span> <span class='ocrx_word' id='word_1_436' title='bbox 1502 2863 1671 2900; x_wconf 75' lang='lat' dir='ltr'><strong>Titulum</strong></span> 
     </span>
     <span class='ocr_line' id='line_1_50' title="bbox 152 2912 1672 2962; baseline -0.003 -10"><span class='ocrx_word' id='word_1_437' title='bbox 152 2917 299 2952; x_wconf 80' lang='lat' dir='ltr'><strong>statuae</strong></span> <span class='ocrx_word' id='word_1_438' title='bbox 318 2915 523 2962; x_wconf 82' lang='lat' dir='ltr'><strong>athlethae,</strong></span> <span class='ocrx_word' id='word_1_439' title='bbox 543 2914 609 2961; x_wconf 91' lang='lat' dir='ltr'><strong>qui</strong></span> <span class='ocrx_word' id='word_1_440' title='bbox 622 2913 818 2961; x_wconf 75' lang='lat' dir='ltr'><strong>Olympiae</strong></span> <span class='ocrx_word' id='word_1_441' title='bbox 831 2913 935 2958; x_wconf 85' lang='lat' dir='ltr'><strong>vicit,</strong></span> <span class='ocrx_word' id='word_1_442' title='bbox 954 2913 1205 2960; x_wconf 83' lang='lat' dir='ltr'><strong>subscriptum</strong></span> <span class='ocrx_word' id='word_1_443' title='bbox 1224 2912 1336 2949; x_wconf 82' lang='lat' dir='ltr'><strong>fuisse</strong></span> <span class='ocrx_word' id='word_1_444' title='bbox 1349 2913 1519 2959; x_wconf 86' lang='lat' dir='ltr'><strong>apparet,</strong></span> <span class='ocrx_word' id='word_1_445' title='bbox 1537 2923 1672 2950; x_wconf 88' lang='lat' dir='ltr'><strong>nomen</strong></span> 
     </span>
    </p>
   </div>
  </div>
 </body>
</html>
