1864 3126
817 129 1050 169 ALOAEUS.
1615 130 1700 172 189

165 237 326 295 δοτικὴν
354 240 434 295 ἔφη
470 244 524 299 τῷ
560 238 750 297 κινδύνῳ.
799 243 1013 295 legendum
1051 242 1255 283 κίνδυνι.
1305 246 1347 283 et
1378 243 1433 282 sic
1463 243 1547 283 cod.
1580 231 1701 285 M'aro.

165 302 373 363 (Gaisford
402 307 534 348 Praef.
565 307 628 348 Et.
661 308 714 347 M.
746 305 876 362 VIII).

818 423 911 466 139.
944 424 1050 477 [38.]

281 509 427 550 Athen.
466 510 522 548 XI
561 511 646 550 478
682 510 735 548 13:
779 505 837 548 Τὰ
877 504 1033 561 μονωτᾶ
1074 505 1244 562 ποτήρια
1283 506 1495 561 κότυλοι,
1540 502 1598 550 ὧν
1633 507 1699 549 καὶ

158 569 337 623 Ἀλκαΐος
368 570 617 627 μνημονεύει.
680 575 866 614 Welcker
898 575 948 614 ad
981 575 1174 614 comicum
1206 577 1357 615 retulit.

797 690 1064 744 140.[111]

283 778 395 819 Eust.
426 775 499 818 Od.
534 778 669 827 1648,
702 778 746 816 5:
784 774 865 816 Καὶ
908 774 951 816 ἐκ
995 778 1066 816 τοῦ
1110 777 1247 817 κτείνω
1293 778 1468 817 κταίνω
1516 773 1699 830 Δωρικό-

162 856 274 895 τερον
309 838 402 895 παρ’
438 838 615 897 Ἀλκαίῳ.
677 841 819 882 Cobet·
835 842 930 880 Var.
962 841 1072 881 Lect.
1105 842 1125 881 I
1161 845 1243 883 195
1285 843 1542 882 Homericum
1580 835 1699 890 ξυνὸς

157 903 386 957 Ἐνυάλιος,
423 908 492 947 καί
519 921 557 947 τε
587 905 798 947 κτανέοντα
834 904 995 946 κατέκτα
1032 909 1198 959 corrigit
1236 908 1444 947 scribendo
1482 905 1699 956 κτενέοντα,

164 974 206 1011 et
236 973 285 1011 ad
326 973 495 1012 eundem
535 973 696 1011 modum
737 973 833 1021 alia,
873 973 1091 1012 barbarum
1133 986 1301 1024 crepans
1338 973 1553 1022 traditum,
1594 973 1699 1023 quod

164 1039 250 1076 tum
282 1038 460 1087 demum,
497 1038 644 1088 inquit,
681 1050 869 1087 graecum
907 1038 1006 1089 erit,
1041 1052 1164 1090 quum
1201 1038 1345 1078 κταίνω
1382 1051 1570 1090 graecum
1610 1050 1698 1077 esse

164 1102 342 1152 incipiet;
386 1103 623 1154 eademque,
661 1102 695 1141 si
726 1105 834 1143 recte
866 1103 1040 1155 memini,
1077 1107 1218 1155 postea
1255 1105 1297 1142 in
1328 1105 1594 1155 Mnemosyne
1632 1104 1705 1142 ite-

164 1168 280 1217 ravit,
311 1168 519 1206 immemor
543 1167 693 1216 Alcaei,
725 1182 966 1220 quamquam
993 1169 1116 1208 etiam
1148 1169 1233 1208 sine
1265 1170 1339 1209 hoc
1373 1169 1605 1210 testimonio
1638 1169 1701 1209 vel

163 1232 415 1272 mediocriter
445 1233 585 1272 doctus
609 1234 895 1284 grammaticus
921 1237 1003 1273 tam
1034 1235 1288 1274 temerariam
1315 1235 1583 1275 coniecturam
1611 1248 1700 1285 pro-

163 1297 228 1336 cul
258 1297 468 1338 habiturus
500 1301 599 1338 erat.

817 1415 1051 1469 141.[96]

283 1499 425 1539 Pollux
466 1500 523 1539 IV
564 1503 666 1540 169:
710 1497 909 1553 Κύπρον
952 1499 996 1540 δὲ
1039 1497 1081 1541 τὸ
1126 1498 1227 1541 οὕτω
1271 1498 1518 1558 καλούμενον
1561 1500 1700 1554 μέτρον

163 1560 293 1615 εὕροις
323 1563 390 1604 καὶ
420 1561 527 1617 παρὰ
554 1561 721 1621 Ἀλκαίῳ
761 1565 804 1606 ἐν
842 1564 1045 1621 δευτέρῳ
1083 1566 1223 1622 βιβλίῳ
1261 1569 1398 1618 μελῶν.
1461 1568 1612 1607 Eadem
1643 1569 1696 1607 le-

162 1632 316 1680 guntur
341 1630 376 1668 X
407 1633 507 1670 113:
541 1629 620 1669 Καὶ
657 1626 750 1682 παρ’
786 1627 952 1685 Ἀλκαίῳ
984 1634 1037 1688 τῷ
1068 1634 1263 1688 μελοποιῷ
1295 1631 1338 1672 ἐν
1370 1631 1538 1688 δευτέρῳ
1570 1635 1699 1685 μελῶν

162 1690 361 1747 κύπρος,
391 1693 457 1735 καὶ
488 1691 582 1747 παρ’
619 1691 857 1736 Ἱππώνακτι
888 1694 932 1735 ἐν
961 1692 1102 1751 πρώτῳ
1134 1693 1291 1749 ἰάμβων
1320 1692 1558 1750 ἡμίκυπρον.
1596 1699 1700 1737 unde

163 1762 333 1810 apparet
371 1761 479 1800 haud
510 1774 711 1812 quaquam
741 1762 923 1801 neutrius
961 1763 1122 1813 generis
1146 1752 1394 1802 'vocabulum
1431 1764 1557 1803 fuisse
1594 1763 1700 1814 apud

163 1826 372 1873 Alcaeum,
416 1826 486 1866 sed
533 1821 759 1879 ἡμίκυπρον
802 1827 908 1877 apud
951 1828 1243 1878 Hipponactem
1292 1828 1479 1868 adiectivi
1523 1828 1696 1879 speciem

162 1904 257 1941 prae
290 1904 332 1930 se
362 1891 459 1941 fert,
495 1892 827 1942 quemadmodum
858 1887 1121 1944 ἡμιμέδιμνον
1151 1893 1232 1933 alia
1262 1893 1341 1932 dici
1379 1894 1526 1943 solent,
1565 1906 1699 1944 quam-

163 1970 282 2006 quam
326 1957 447 1996 etiam
497 1952 756 2010 ἡμιμέδιμνος
799 1957 944 2007 passim
975 1958 1154 2008 iegitur.
1216 1957 1340 2009 Cypri
1384 1971 1614 1998 mensuram
1658 1959 1699 1997 in

162 2022 366 2070 provincia
396 2022 564 2062 Pontica
594 2023 715 2062 etiam
747 2023 937 2062 Romanis
969 2022 1268 2062 dominantibus
1300 2023 1342 2061 in
1373 2036 1450 2062 usu
1487 2023 1611 2062 fuisse
1643 2026 1699 2062 te-

163 2088 322 2126 stantur
353 2087 602 2138 Epiphanius
634 2090 676 2127 et
706 2088 896 2137 Isidorus,
928 2088 1027 2126 item
1058 2087 1100 2126 in
1130 2087 1322 2138 Phrygia,
1354 2091 1400 2127 ut
1429 2088 1566 2139 arguit
1597 2101 1691 2137 pon-

163 2150 363 2190 ‹lei-arium
407 2151 462 2191 ibi
506 2155 727 2203 repertum,
771 2154 813 2192 in
859 2166 936 2204 quo
975 2152 1205 2191 ΚΥΠΡΟΣ
1237 2153 1471 2191 ΜΟΔΙΟΣ
1500 2148 1704 2194 ΧΟΙΝΙΞ

165 2217 287 2255 ΧΟΝ
303 2245 312 2255 .
331 2214 404 2259 ΞΕ
433 2218 600 2269 legitur,
638 2218 716 2258 vid.
749 2219 887 2269 Egger
918 2218 1130 2257 Memoires
1163 2218 1298 2258 d’hist.
1331 2231 1415 2257 ane.
1447 2231 1483 2267 p.
1519 2219 1600 2256 197
1618 2229 1698 2266 seq.

164 2281 389 2320 Alexandro
421 2283 566 2333 Magno
597 2284 819 2333 imperante
850 2283 999 2323 incisus
1030 2283 1175 2322 titulus
1207 2295 1331 2333 prope
1364 2283 1605 2332 Pergamum
1638 2294 1697 2319 re-

163 2349 303 2396 pertus
329 2346 453 2388 CIGr.
471 2347 513 2385 II
533 2349 670 2387 3501:
696 2343 717 2387 ὁ
743 2345 787 2387 δὲ
810 2344 1017 2400 περίβολός
1041 2346 1145 2387 ἔστιν
1168 2349 1237 2399 τῆς
1260 2349 1333 2400 γῆς
1358 2343 1508 2400 σπόρου
1533 2342 1697 2397 κύπρων

163 2407 302 2452 ἑκατὸν
333 2407 614 2464 ἑβδομήκοντα.

796 2528 1063 2582 142.[104]

281 2613 396 2654 Phot.
424 2614 521 2661 264,
551 2614 621 2652 13:
654 2614 905 2664 Μετρῆσαι
935 2611 999 2652 ἐπὶ
1029 2615 1098 2653 τοῦ
1130 2608 1366 2665 ἀριθμῆσαι·
1395 2609 1585 2660 Ἀλκαῖος.
1618 2612 1692 2652 Go-

164 2678 264 2716 mico
295 2681 435 2728 poetae
467 2677 611 2716 tribuit
641 2677 836 2721 Meineke,
868 2680 912 2716 at
941 2678 1048 2717 haud
1079 2678 1199 2717 dubie
1230 2680 1293 2717 eet
1323 2678 1450 2729 lyrici,
1482 2678 1531 2717 cf.
1564 2678 1693 2717 Theo-

162 2742 253 2781 criti
295 2742 390 2780 XVI
435 2743 507 2781 60:
551 2736 634 2781 ἆλλ’
688 2736 772 2789 ἶσος
814 2738 889 2794 γὰρ
932 2737 954 2781 ὁ
998 2737 1149 2794 μόχθος
1193 2738 1254 2782 ἐπ’
1300 2738 1391 2798 ᾆόνι
1434 2738 1586 2794 κύματα
1631 2757 1696 2795 με·

162 2810 286 2857 τρεῖν,
330 2807 435 2846 idem
472 2808 513 2846 in
551 2807 723 2847 carmine
763 2807 911 2847 aeolico
949 2806 1058 2845 XXX
1096 2820 1132 2847 v.
1167 2809 1243 2846 25:
1286 2800 1387 2855 ὅττις
1424 2807 1581 2859 δοκίμω
1625 2804 1694 2847 τὸν

164 2867 436 2924 δολομᾶχανον
485 2869 659 2912 νικάσειν
713 2870 827 2923 ἔρον,
881 2864 995 2920 οὗτος
1046 2872 1202 2925 δοκίμοι
1252 2871 1333 2921 τοὶς
1387 2867 1486 2925 ὑπὲρ
1533 2869 1695 2925 ἄμμεων
