1864 3126
0 0 126 137 Γ

781 143 1059 182 SIMONIDES.
1601 141 1689 185 383

150 260 240 313 ipso
259 260 436 301 carmine
454 254 634 314 γαμβρὸν
654 254 870 310 Ἐρεχθῆος
889 257 990 297 dixit
1016 252 1084 311 (cf.
1106 256 1264 307 Suidas,
1290 267 1531 307 quamquam
1553 267 1687 306 gram-

150 326 321 367 maticus
342 324 631 366 Callimachum
649 324 783 375 potius
803 323 997 374 respexit,
1022 322 1128 362 unde
1155 322 1294 362 statim
1314 321 1520 361 oraculum
1539 319 1687 370 fictum,

147 391 255 444 quod
288 391 517 432 Herodotus
542 391 827 431 commemorat
860 383 930 429 τὸν
966 382 1147 442 γαμβρὸν
1185 385 1398 439 ἐπίκουρον
1434 383 1686 426 καλέσασθαι.

150 458 265 506 Quod
306 457 531 498 Simonides
572 451 653 496 ἀπὸ
685 456 906 508 Βριλησσοῦ
938 453 1167 507 Orithyiam
1192 456 1349 504 raptam
1377 465 1464 492 esse
1490 453 1688 504 perhibet,

149 523 359 564 offensioni
383 523 461 562 fuit
494 521 663 574 Heynio,
689 521 757 572 qui
777 516 946 561 Ἰλισσοῦ
977 520 1168 570 correxit,
1199 519 1327 558 multo
1358 518 1550 557 audacius
1582 517 1689 556 Wel-

149 589 262 639 cker,
300 588 367 640 qui
406 588 520 629 docte
559 590 601 627 et
638 587 796 638 copiose
833 586 883 626 de
920 587 996 626 hac
1026 586 1165 625 fabula
1195 585 1378 635 disputat
1409 579 1525 637 (Alte
1556 582 1691 622 Deuk-

149 655 276 695 maler
303 653 366 693 III
395 654 478 693 144
500 647 613 707 seq.),
643 652 811 692 novavit
835 653 1058 703 Βριλισσοῦ,
1089 664 1167 702 quo
1199 649 1358 689 nomine
1385 649 1547 688 Ilissum
1579 661 1603 687 a
1630 647 1689 688 Si-

149 720 307 760 monide
338 719 559 759 vocitatum
591 717 729 758 credit.
780 717 950 757 Variant
973 718 1072 756 haee
1103 728 1176 766 pro
1203 714 1372 755 arbitrio
1387 734 1390 737 Δ
1404 715 1565 764 poetae:
1598 727 1687 754 cum

149 787 326 825 montem
339 784 498 824 Atticae
513 783 737 823 Simonides
756 785 1029 834 memorasset,
1056 781 1266 821 Choerilus
1288 780 1419 819 fontes
1439 779 1688 819 substituere

149 851 303 900 maluit,
329 850 557 890 Herodotus
585 849 745 889 nissum
764 849 965 900 perhibet,
998 850 1119 899 atqw
1146 846 1243 886 haec
1270 846 1379 885 fama
1404 846 1557 886 evaluit
1581 847 1688 895 post-

150 929 272 968 quam
304 917 362 956 ibi
392 916 545 957 Boreae
576 916 768 956 sacellum
798 915 1036 956 dedicatum.

828 1007 899 1050 *4.
934 1007 1011 1061 [9.]

393 1102 845 1124 -..uu-usA-UL
870 1105 1134 1124 ------

392 1161 1083 1184 ,Δυυ-υυ-υ-ὐ-υέυ,

394 1213 991 1244 -Δυυ-υψ..υ-υ--

394 1280 800 1304 ..Ι-Ξ-υυ-υ-ΚΑ

348 1333 945 1364 ὅ-ὐ-υέυ-υᾼυυῑᾼ

396 1460 944 1482 -υυ-υυ-υ-...Λ-

395 1518 943 1542 Δυ-υυ-υ..--υε

229 1594 323 1648 Στρ
326 1623 1122 1635 ............

400 1782 502 1824 Τῶν
534 1781 583 1824 ἐν
617 1778 927 1838 Θερμοπύλαις
957 1778 1201 1823 θανόντων
1598 1791 1690 1823 1114

395 1849 577 1909 εὐκλεὴς
607 1851 690 1909 μὲν
721 1849 749 1896 ἆ
781 1850 914 1909 τύχα,
945 1848 1080 1902 καλὸς
1094 1848 1154 1894 κδ’
1190 1847 1214 1894 ὁ
1247 1849 1436 1908 πότμος,

393 1921 544 1981 βωμὸς
582 1919 624 1967 δ’
665 1919 689 1966 ὅ
730 1920 892 1979 τάφος,
936 1920 1022 1980 πρὸ
1069 1920 1192 1978 γόων
1231 1921 1281 1966 δὲ
1324 1924 1530 1980 μνᾶστις,
1577 1920 1601 1966 ὁ
1641 1920 1687 1967 δ’

1008 1990 1155 2046 οἶκτος
1186 1995 1384 2046 ἔπαινος·

248 2099 304 2136 Fr.
332 2104 365 2136 4.
409 2100 518 2137 Diod.
544 2100 616 2136 Sic.
643 2100 694 2136 XI
722 2104 782 2136 11:
816 2096 961 2145 Διόπερ
994 2097 1068 2157 οὐχ,
1089 2097 1128 2136 οἰ
1150 2100 1225 2136 τῶν
1260 2098 1431 2147 ἴστοριῶν
1458 2106 1690 2159 συχγραφεῖς

151 2145 274 2193 μόνοι,
299 2145 394 2184 ἀλλὰ
419 2147 485 2184 καὶ
509 2147 640 2184 πολλοὶ
663 2148 739 2184 τῶν
764 2147 931 2193 ποιητῶν
957 2150 1210 2194 καθυμνησαν
1235 2144 1363 2184 αὐτῶν
1399 2145 1466 2190 τὰς
1496 2150 1688 2194 ανδραγα-

151 2196 261 2253 θέας’·
300 2190 353 2231 ὧν
383 2194 524 2252 ,γέγονε
564 2195 630 2253 καὶ
662 2196 935 2254 ΣιμωνίιξηιῑΙ
964 2193 984 2230 ὁ
1023 2193 1271 2251 μελαοποιὸς
1308 2192 1416 2239 ἄξιον
1454 2196 1521 2250 τῆς
1552 2193 1689 2250 οξρετῆς

153 2255 279 2325 ἕέἔῑῖἔ
303 2240 1431 2336 {237⁶3‘01550’1‘52233zaiffifflasssszzzniss’fflfflmd‘*
1397 2243 1688 2336 dissffssfissfiffig

153 2347 177 2372 a
201 2336 393 2373 Simonide
418 2337 669 2383 compositum
699 2338 830 2383 fuisse,
865 2337 965 2383 quod
989 2338 1145 2374 Diodori
1169 2338 1285 2374 verba
1308 2349 1546 2384 nequaquam
1571 2337 1686 2384 signi-

154 2384 287 2420 ficant:
312 2385 397 2431 ipsa
421 2386 549 2420 autem
575 2383 778 2421 Simonidis
803 2385 923 2421 oratio
948 2385 1099 2431 suadet,
1124 2387 1167 2422 ut
1191 2386 1259 2421 has
1285 2385 1416 2422 laudes
1441 2386 1507 2421 alii
1532 2385 1688 2421 carmini

153 2431 314 2468 insertas
351 2432 466 2468 fuisse
504 2442 737 2468 censeamus:
775 2432 904 2478 itaque
936 2433 985 2468 ad
1017 2444 1167 2470 carmen
1199 2432 1254 2474 εἰς
1284 2430 1353 2479 τὴν
1386 2429 1449 2469 ἐπ’
1480 2429 1687 2479 Ἀρτεμισίῳ

152 2480 369 2526 ναυμαχίαν
395 2478 518 2515 retuli.
567 2478 713 2516 Novem
738 2491 885 2523 versus,
911 2480 977 2524 qui
1001 2481 1220 2526 supersunt,
1251 2491 1327 2517 non
1348 2480 1534 2526 integram
1556 2480 1688 2516 carmi-

154 2526 211 2563 nis
237 2528 428 2573 stropham
456 2526 648 2571 exhibent,
674 2527 741 2563 sed
765 2529 913 2563 servata
937 2528 994 2564 est
1018 2527 1195 2574 strophae
1216 2528 1379 2564 secunda
1397 2539 1484 2573 pars
1504 2530 1552 2572 (v.
1571 2530 1687 2572 1—5)‚

153 2575 413 2621 antistrophae
432 2574 613 2621 primores
633 2585 762 2610 versus
782 2577 829 2618 (v.
845 2576 971 2620 6-9)=
995 2575 1152 2621 stropha
1170 2576 1318 2611 constat
1336 2575 1481 2611 octonis
1499 2575 1687 2619 versibusg

156 2634 249 2658 unus
273 2624 420 2658 tantum
447 2634 575 2658 versus
600 2621 769 2666 iteratur,
794 2634 829 2658 v.
852 2626 869 2657 1
891 2623 932 2658 et
949 2626 971 2658 9
991 2621 1063 2658 sibi
1088 2622 1326 2668 respondent.
1373 2622 1492 2669 Igitur
1512 2635 1545 2659 v.
1569 2626 1586 2657 1
1608 2624 1648 2658 et
1665 2627 1687 2659 2

156 2680 201 2705 ex
227 2669 357 2716 epodis
382 2670 492 2706 huius
525 2669 699 2706 carminis
737 2671 825 2705 sunt
856 2668 1086 2715 deprompti,
1117 2681 1204 2705 nam
1240 2669 1279 2705 in
1311 2670 1468 2716 stropha
1498 2670 1568 2706 hac
1592 2669 1687 2706 nihil

155 2717 360 2774 reperitur,
398 2717 498 2763 quod
537 2729 621 2753 cum
654 2716 714 2752 his
746 2726 964 2762 componas,
998 2718 1149 2762 praeter
1179 2729 1214 2753 v.
1239 2721 1260 2752 2
1295 2715 1407 2763 τύχα,
1444 2715 1560 2759 καλὸς
1594 2713 1632 2753 δ’
1666 2714 1687 2753 ὁ

154 2777 316 2811 ποτμος,
348 2766 392 2800 ut
422 2764 641 2801 incredibile
673 2764 772 2800 hunc
797 2774 945 2800 versum
976 2765 1122 2800 veteres
1147 2764 1347 2818 magistros
1371 2775 1569 2811 perperam
1593 2764 1690 2801 dire-

156 2812 270 2847 misse
306 2812 348 2848 in
386 2812 496 2848 colon
533 2811 765 2848 trochaicum
805 2812 844 2847 et
875 2811 1076 2847 dimetrum
1107 2810 1327 2848 iambicum:
1385 2814 1553 2848 taeter-ea
1583 2823 1688 2858 prae-

155 2861 243 2904 stat,
275 2859 425 2906 opinor,
463 2857 606 2906 πότμος
644 2859 717 2894 hoc
749 2859 833 2895 loco
865 2861 1039 2905 correpta
1070 2859 1303 2904 paenultima
1332 2870 1352 2895 e
1382 2859 1465 2895 etri.
1501 2879 1546 2887 —
1584 2860 1626 2896 V.
1656 2865 1687 2896 1.

160 2904 434 2953 Θερμοπύλαις,
459 2907 526 2942 ΑΗ
555 2903 845 2953 Θερμοπύλαισι.
874 2926 917 2932 -
944 2906 988 2942 V,
1015 2910 1049 2943 3.
1087 2903 1228 2954 βωμός,
1258 2906 1455 2953 Emperius
1485 2908 1617 2955 κῶμος.
1646 2927 1687 2935 --
