1864 3126
224 160 311 202 668
561 162 563 166 ·
715 140 937 194 cmm..
963 157 1249 194 POPULARIA.

947 265 1017 309 31.
1654 276 1744 310 1308

322 351 377 391 Τί
405 346 564 399 πάντες
596 345 677 390 οὐκ
709 346 990 404 ἐπιστάμενοι
1023 347 1311 405 διδάσκομεν;

951 467 1021 510 32.

322 552 379 591 Τί
406 545 569 591 ταύτόν
600 546 758 605 (ἐστιν)
791 546 1005 605 οὐδαμοῦ
1024 548 1111 603 καὶ.
1128 551 1374 605 πανταχοῦ;

951 669 1021 711 33.
1656 678 1744 715 1389

319 750 495 805 Κριθῆς
527 747 721 805 ἀφλοίου
751 748 888 806 χυλὸν
921 747 1114 806 ὀργάσας
1145 753 1245 794 πίει.

949 869 1018 911 34.

831 951 1138 987 ΠΑΝΑΡΚΟΤΣ.

322 1018 460 1072 Αἷνός
491 1024 555 1072 τίς
587 1022 720 1075 ἐστιν,
753 1018 812 1072 ὡς
844 1019 957 1078 ἀνήρ
989 1038 1035 1065 τε
1066 1019 1178 1065 κούκ
1208 1020 1322 1079 ἀνήρ

317 1090 482 1149 ὄρνιθα
513 1089 623 1136 κούκ
655 1090 806 1149 ὄρνιθ’
843 1091 954 1136 ἰδών
986 1110 1031 1136 τε
1062 1091 1173 1137 κούκ
1205 1092 1319 1137 ἰδών

321 1163 389 1206 ἐπὶ
423 1162 559 1215 ξύλου
588 1180 634 1207 τε
663 1161 747 1207 κού
780 1162 917 1216 ξύλου
947 1165 1223 1221 καθημένην,

317 1237 433 1293 λίθῳ
464 1250 510 1277 τε
541 1231 624 1277 κού
655 1237 771 1278 λίθω
804 1233 936 1290 βάλοι
966 1252 1012 1279 τε
1043 1233 1126 1279 κού
1159 1234 1301 1291 βάλοι.

221 1352 332 1387 valde
359 1351 559 1388 dolendum
585 1351 685 1396 quod
708 1352 780 1387 hoo
806 1351 979 1398 aenigma
1004 1352 1049 1388 de
1074 1352 1173 1410 ignis
1200 1351 1360 1409 origine
1367 1363 1442 1388 non
1468 1351 1654 1410 integrum
1678 1363 1752 1388 ser—

225 1401 371 1444 vatum,
404 1399 496 1434 haec
521 1400 670 1434 tanizum
694 1399 785 1435 licet
808 1410 1042 1459 recuperare·
1075 1398 1217 1458 μητέρα
1249 1397 1387 1456 μητρὸς
1417 1396 1555 1445 ἄγοντο
1588 1396 1750 1446 άζαλέην

224 1459 262 1482 τε
291 1446 355 1482 καὶ
363 1428 545 1491 ὀπταλέη
548 1460 569 1481 ν
596 1476 603 1483 .
632 1475 639 1482 .
703 1444 765 1482 ἐπὶ
791 1447 986 1505 σφετέροις
1011 1445 1178 1483 τεκέεσσι
1203 1444 1448 1506 τεθνάμεναι.

318 1495 377 1529 Fr
393 1498 437 1529 31
453 1494 492 1529 eb
503 1498 560 1550 32.
586 1493 721 1529 Αῒιὴθυ.
738 1495 771 1529 X
784 1498 854 1530 453
870 1495 914 1530 B:
942 1491 1189 1540 ἀρχαιότατος
1209 1491 1247 1529 δ’
1269 1491 1347 1530 ἐστὶ
1365 1492 1514 1539 λογικὸς
1534 1499 1669 1540 γρῖφος
1687 1494 1752 1530 καὶ

222 1542 303 1598 τῆς
298 1537 380 1577 τοῦ
404 1539 602 1587 γριφεύειν
630 1539 779 1586 φύσεως
805 1540 1048 1583 οἰκειότατος·
1078 1543 1134 1577 Τί
1154 1539 1323 1582 πάντες
1347 1544 1421 1576 κτλ.
1450 1542 1507 1587 (fr.
1533 1544 1595 1587 31)
1619 1542 1684 1577 καὶ
1709 1543 1755 1577 τί

221 1585 392 1624 ταυτὸν
417 1591 491 1624 κτλ.
508 1587 574 1634 -.(fr
603 1591 662 1632 32)
689 1589 769 1624 καὶ·
802 1590 846 1624 τί
873 1585 1043 1625 ταύτὸν
1075 1586 1123 1625 ἐν
1155 1585 1348 1646 οὐρανῷ
1367 1588 1432 1624 καὶ
1465 1586 1538 1625 ἐπὶ
1568 1589 1649 1647 γῆς
1674 1589 1750 1624 καὶ

224 1633 271 1671 ἐν
297 1633 526 1692 θαλάσσης
559 1636 670 1672 τοῦτο
696 1633 733 1671 δ’
763 1634 863 1672 ἐστὶν
889 1634 1103 1696 ὁμωνυμία,
1135 1635 1200 1672 καὶ
1224 1634 1297 1682 γὰρ
1322 1633 1458 1682 ἄρκτος
1483 1636 1548 1672 καὶ
1574 1633 1677 1693 ὄφις
1687 1637 1754 1672 καὶ

222 1679 334 1724 άετὸς
365 1683 430 1718 καὶ
462 1683 563 1718 κύων
596 1680 696 1719 ἐστὶν
729 1681 770 1720 ἐν
803 1681 949 1741 ονρανῶ
982 1683 1048 1719 καὶ
1079 1682 1121 1720 ἐν
1152 1684 1209 1742 γῇ
1231 1683 1296 1719 καὶ
1329 1681 1370 1719 ἐν
1394 1682 1576 1740 θαλάττῃ.
1630 1681 1682 1719 Τὸ
1709 1681 1751 1719 δὲ

223 1728 390 1790 χρόνον
418 1732 607 1787 σημαίνει·
619 1744 719 1787 αμα
731 1728 815 1787 γὰρ
841 1743 944 1790 παρα
971 1732 1087 1767 πᾶσιν
1115 1728 1134 1766 ὁ
1161 1729 1276 1772 αὐτὸς
1299 1730 1365 1766 καὶ
1389 1720 1580 1790 οὖδαμου,
1613 1727 1676 1766 διὰ
1709 1728 1751 1767 τὸ

224 1777 273 1823 μὴ
302 1775 342 1814 ἐν
371 1774 428 1813 ἕνὶ
453 1775 559 1836 τόπῳ
589 1775 657 1823 τὴν
688 1775 803 1823 φύσιν
837 1777 952 1823 ἔχειν·
992 1775 1033 1814 τὸ
1071 1776 1112 1814 δε
1146 1776 1315 1824 προάγον
1349 1775 1426 1814 ἐστὶ
1456 1776 1583 1836 ψυχὰς
1614 1777 1751 1835 (scribo

225 1823 518 1871 παραψυχὰς)
546 1823 662 1870 ε’·χειν
697 1826 810 1861 τοῦτο
814 1824 907 1881 γὰρ
935 1823 1060 1867 οὐδεὶς
1084 1822 1191 1871 ἡμῶν
1219 1823 1464 1871 ἐπιστάμενος
1488 1823 1660 1861 διδάσκει
1685 1822 1751 1861 τὸν

222 1874 387 1918 πλησίον.
416 1893 459 1898 —-
486 1873 544 1908 Fr.
571 1877 626 1907 31.
651 1875 717 1930 τί,
757 1874 785 1907 Β
811 1869 880 1908 ὅτι.
908 1895 952 1899 ——
977 1874 1035 1909 Fr.
1064 1878 1120 1908 32.
1158 1870 1258 1909 ἐστὶν
1284 1873 1428 1908 addidit
1452 1872 1642 1916 Meineke‚
1678 1873 1752 1908 nisi

220 1919 316 1956 forte
341 1921 509 1966 praestat}
533 1921 572 1954 τί
593 1902 731 1955 ταύτὸν
757 1916 928 1966 ουὸαμοῦ
949 1933 991 1956 τε
1019 1917 1139 1966 χᾶμα
1164 1921 1370 1965 πανταχοῦ.
1387 1920 1568 1956 —Etiam
1594 1920 1747 1956 tertium

223 1967 351 2013 griphi
370 1967 578 2012 exemplum
595 1969 768 2012 (quocum
784 1978 985 2013 componas
998 1967 1188 2013 Aristoph
1210 1968 1319 2012 Vesp.
1341 1969 1400 2012 21)
1422 1967 1569 2003 videtur
1587 1966 1750 2003 numeris

222 2014 430 2060 astrictum,
455 2014 627 2050 Meineke
653 2014 905 2061 septenarium
930 2015 1112 2050 restitum:

437 2074 488 2108 Τί
507 2069 646 2108 ταύτόν
674 2070 750 2108 ἐστ’
780 2071 821 2109 ἒν
848 2070 997 2122 οὐρανῷ
1024 2069 1097 2108 κάν
1122 2073 1168 2120 γῇ
1194 2086 1232 2109 τε
1260 2070 1333 2109 κάν
1358 2071 1548 2120 θαλάττης

319 2142 377 2178 Fr.
403 2147 460 2178 33.
505 2143 637 2179 Athen.
658 2144 691 2179 X
710 2145 843 2180 455D.
870 2144 934 2179 καὶ
961 2141 1023 2180 ἐπὶ
1040 2143 1111 2200 τῆς
1135 2140 1332 2201 πτισάνης·
1361 2143 1538 2188 Κριθῆς
1562 2146 1636 2178 κτλ.
1677 2143 1749 2179 Sed

222 2190 323 2236 quod
342 2190 431 2226 ibid.
453 2190 592 2236 legitur
612 2192 743 2226 457Β.
770 2188 896 2239 λαβὼν
922 2188 1160 2237 ἀριστόνικον
1187 2189 1228 2226 ἐν
1253 2189 1352 2238 μάχῃ
1379 2190 1514 2235 κράτος
1538 2203 1582 2226 ex
1606 2191 1750 2236 tragico

223 2237 350 2283 aliquo
376 2240 489 2283 poeta
512 2239 674 2283 pessitum
698 2238 857 2274 videtur.

317 2285 376 2321 Fr
403 2290 460 2321 34.
511 2285 827 2321 Sch01.Plat.de
854 2287 943 2332 Rep.
972 2286 1002 2320 V
1029 2298 1063 2331 p.
1085 2286 1213 2321 4790.
1241 2282 1446 2331 Κλεάρχου
1461 2287 1612 2331 γρίφος·
1638 2282 1750 2326 Αἶνός

225 2335 301 2368 κτλ.
328 2334 366 2368 et
391 2333 541 2368 deinde:
568 2329 703 2374 ἄλλως·

486 2400 714 2462 ’Ἀνθρωπος
730 2401 808 2461 οὐκ
834 2400 1054 2462 ανθρωπος,
1080 2401 1288 2462 avcffowgtog
1313 2400 1353 2438 δ’
1380 2417 1495 2450 ομως,

507 2448 647 2495 ὄρνιθα
673 2448 766 2487 κοῦκ
792 2447 953 2508 ὄρνιθα,
979 2448 1120 2496 ὄρνιθα
1146 2449 1184 2486 δ’
1211 2464 1328 2496 ομως,

509 2496 570 2533 ἐπὶ
596 2496 709 2541 ξύλου
735 2511 773 2534 τε
801 2496 870 2534 κού
897 2479 1007 2541 ξύλου
1034 2498 1277 2556 καθημένην,

510 2546 606 2593 λίθῳ
634 2543 757 2594 βαλών
782 2558 820 2581 τε
848 2542 918 2581 κού
943 2547 1039 2592 λίθῳ
1066 2547 1258 2581 διωλεσεν·

225 2617 440 2670 νυκτερίδα
454 2613 474 2651 ὁ
502 2613 696 2674 εὐνοῦχος
716 2614 910 2662 νάρθηκος
941 2613 1118 2671 κισσήρει.
1169 2616 1364 2661 (Similiber
1383 2615 1504 2651 Schol.
1525 2615 1677 2651 Aristot.
1699 2614 1747 2650 IV

225 2676 260 2708 p
290 2667 344 2708 14,
370 2662 443 2699 nisi
468 2664 567 2720 quod
591 2665 649 2699 ter
675 2661 807 2710 ὄρνιν.)
832 2663 941 2699 ΡΙειήο
966 2664 1046 2722 ipse
1073 2663 1182 2699 dicit:
1211 2664 1260 2711 τῷ
1286 2664 1359 2698 τῶν
1385 2664 1533 2698 παίδων
1557 2660 1750 2707 αἰνίγματι

225 2711 274 2758 τῷ
307 2710 393 2755 περὶ
424 2711 490 2746 τοῦ
524 2707 707 2756 εὐνούχου
740 2711 805 2756 τῆς
837 2711 948 2757 βολῆς
981 2709 1067 2755 πέρι
1103 2711 1169 2755 τῆς
1203 2712 1431 2767 νυκτερίδος.
1486 2709 1604 2746 Affert
1635 2709 1749 2744 etiam

225 2747 395 2793 Eushath.
422 2758 463 2792 11.
491 2762 570 2803 713,
598 2762 653 2803 10,
678 2759 743 2794 ubi
770 2771 802 2794 v
829 2762 867 2794 3:
900 2757 1124 2815 καθημένην
1148 2771 1187 2794 τε
1214 2755 1284 2794 κού
1309 2756 1552 2804 καθημένην,
1585 2755 1686 2792 Suid.
1713 2768 1747 2791 v.

226 2803 351 2847 Αἶνος,
377 2804 441 2839 ubi
466 2817 499 2840 v.
527 2810 547 2840 2
562 2787 716 2851 ὄρνιθα
732 2802 836 2841 -κοῦκ
862 2802 1018 2850 ὄρνιθα,
1045 2802 1186 2850 ὄρνιθα
1211 2801 1249 2840 δ’
1276 2818 1393 2861 ομως,
1425 2817 1458 2840 v.
1486 2808 1506 2838 3
1532 2802 1748 2848 Bernhardy

227 2848 289 2886 ἐπὶ
314 2849 426 2893 ξύλου
452 2865 510 2897 με,
536 2853 700 2898 vulgoy.
702 2865 718 2887 ε
745 2853 859 2895 deest,
885 2864 918 2887 v.
939 2856 961 2887 4
986 2852 1073 2888 libri
1097 2853 1193 2901 λίθῳ
1220 2865 1263 2898 με
1293 2849 1415 2900 βαλὼν
1440 2847 1626 2886 διώλεσεν.
1677 2850 1748 2885 Re·

229 2897 342 2942 spicit
361 2898 511 2944 Trypho
532 2910 590 2945 ap.
606 2899 723 2935 Walz.
738 2900 846 2935 Rhet.
864 2899 951 2935 VIII
966 2903 1044 2944 736,
1073 2866 1349 2935 Choe¹rob0scus
1373 2898 1459 2944 περὶ
1477 2895 1624 2943 τρόπων
1638 2897 1748 2932 Rhet.
