1864 3126
243 160 298 201 74
388 131 396 138 .
547 206 549 209 ¹
809 159 1000 194 ΡΟΕΤΑΕ
1026 157 1203 195 MELIOI.

961 269 1057 311 130.

361 355 549 405 Hesych.:
577 349 700 406 Βλὴρ
727 349 881 407 (βλῆρ)
909 351 1059 406 δέλεαρ·
1084 350 1126 393 τὸ
1153 350 1195 392 δὲ
1221 349 1315 392 αὐτὸ
1341 352 1406 392 καὶ
1431 346 1567 405 ἆσθμα
1592 350 1765 407 (αἷθμα

239 434 339 460 corr.
375 419 556 458 Schmidt
586 419 730 458 collato
763 420 936 470 Hesych.
963 415 1106 471 αἶθμα·
1140 413 1311 472 δέλεαρ)·
1343 414 1449 469 παρὰ
1476 414 1711 471 Ἀλκμαίωνι
1739 416 1765 473 ἡ

239 483 350 532 λέξις.
414 484 555 523 Schow
581 476 761 537 Ἀλκαίῲ,
794 487 834 524 et
865 485 1074 524 Aeolicum
1104 484 1340 523 vocabulum
1372 484 1516 523 dicitur
1546 484 1588 523 in
1617 485 1682 525 Et.
1713 486 1765 526 M.

242 552 339 599 200,
373 551 446 600 273
477 549 662 588 Alcmani
692 550 835 589 tribuit
866 551 1065 598 Mainake,
1106 562 1224 599 quem
1255 550 1414 588 secutus
1446 563 1552 598 sum,
1590 551 1765 600 quando-

240 615 400 665 quidem
435 615 498 655 Et.
524 615 579 655 M.
602 627 683 654 non
713 614 990 654 Aeolensibus·
1005 615 1149 654 tribuit
1174 627 1324 665 vocem,
1357 615 1426 653 sed
1457 611 1649 666 Αἰολικὴν
1677 631 1764 668 τρο-

239 676 321 731 πὴν
367 680 564 730 agnoscit,
608 692 737 729 neque
774 680 879 729 quod
923 680 1077 730 Sophro
1119 680 1392 730 Syracusanus
1436 674 1613 730 δελήτιον
1655 681 1766 732 dixit,

240 745 422 784 Alcmani
448 745 547 796 βλῆρ
572 744 890 794 abiudicandum,
917 759 1035 795 quem
1061 758 1178 795 saepe
1203 744 1384 792 αἰολίζειν
1410 746 1611 784 testantur
1636 758 1766 795 gram-

242 810 387 859 matici,
420 810 488 848 sed
521 810 721 860 optionem
752 809 959 858 difficilem
986 823 1071 849 esse
1104 811 1302 850 confiteor.
1353 810 1455 849 Nam
1482 807 1629 863 δέλεαρ,
1661 811 1766 861 quod

238 876 367 916 nostri
407 876 584 915 homines
623 888 647 913 a
684 888 780 914 voce
819 871 934 923 δόλος
971 877 1159 926 repetunt
1204 870 1326 928 (idem
1358 875 1622 925 veriloquium
1654 888 1765 926 prae-

242 944 306 981 ter
338 942 417 980 alia
448 941 527 979 iam
559 943 714 980 veteres
753 935 1147 994 commendaverunt)
1186 940 1387 979 descendit
1417 953 1442 979 a
1471 941 1593 980 verbo
1624 936 1766 992 βάλλω,

240 1008 344 1058 quod
375 1007 551 1045 Arcades
593 1004 712 1045 δέλλω
751 1007 1129 1056 pronuntiaverunt,
1167 1006 1498 1056 quemadmodum
1539 1001 1680 1056 ὄβελὸν
1716 1008 1767 1046 ab

241 1073 379 1112 cadem
412 1073 537 1122 stirpe
556 1074 700 1127 vortum
733 1072 945 1111 Dorienses
977 1068 1115 1112 ὀδελόν
1146 1072 1347 1122 dixerunt3
1387 1071 1523 1121 itaque
1554 1071 1652 1122 βλῆρ
1682 1073 1766 1110 tam

241 1138 505 1177 Aeolensibus
537 1150 655 1187 quam
692 1136 954 1176 Doriensibus
992 1137 1086 1176 licet
1122 1137 1339 1175 vindicare:
1378 1136 1535 1176 omnino
1573 1136 1615 1174 in
1651 1142 1772 1175 voca-'

239 1204 365 1253 bulis,
407 1216 575 1254 quorum
616 1203 728 1254 origo
769 1204 926 1241 mature
969 1203 1032 1240 est
1068 1202 1319 1251 oblitterata,
1357 1201 1570 1239 admodum
1608 1199 1766 1239 variant

191 1280 198 1286 ·
241 1268 412 1318 dialecti,
443 1281 571 1319 neque
603 1269 716 1307 decet
747 1268 845 1306 talia
876 1268 926 1306 ad
958 1280 1120 1306 normae
1152 1266 1415 1306 constantiam
1447 1265 1616 1316 exigere.

894 1394 987 1436 131.
1021 1394 1125 1447 [92]

361 1482 498 1532 Steph.
530 1482 622 1532 Byz.
649 1494 686 1521 v.
717 1483 756 1519 Γ
751 1476 914 1533 ἄργαρα.
948 1509 957 1518 .
977 1510 985 1519 .
1006 1509 1015 1518 .
1042 1475 1214 1530 Ἀλκμᾶν
1245 1476 1287 1518 δὲ
1318 1481 1504 1530 θηλυκῶς
1535 1475 1619 1530 τὴν
1648 1475 1767 1532 Γάρ-

240 1543 390 1600 γαρόν
421 1558 555 1599 φησιν.

873 1651 968 1692 132.
1003 1650 1138 1702 [101.]

361 1737 494 1787 Etym.
527 1737 579 1776 M.
613 1738 711 1788 228,
744 1738 820 1775 35:
853 1737 891 1774 Γ
886 1731 1046 1788 εργύρα·
1078 1730 1099 1774 ὃ
1131 1712 1346 1786 ὑπόνομος,
1377 1733 1520 1786 κυρίως
1552 1730 1606 1773 δι’
1641 1728 1689 1774 οὗ
1719 1713 1765 1775 τα

175 1828 178 1830 -
240 1799 366 1841 ὕδατα
398 1799 554 1852 φέρεται
583 1797 629 1840 τὰ
660 1798 822 1853 ὄμβρια,
854 1796 1033 1853 γεῶρυγοὶ
1069 1814 1156 1839 τινα
1193 1796 1303 1850 ὄντα,
1339 1795 1385 1838 τὰ
1422 1794 1499 1839 ὑπὸ
1540 1801 1617 1852 γῆν
1653 1795 1764 1852 ὀρύγ-

239 1881 352 1918 ματα,
382 1864 448 1905 naz
478 1862 575 1905 κατὰ
606 1862 811 1919 συγκοπὴν
840 1864 907 1905 καὶ
937 1860 1146 1916 μετάθεσιν
1176 1863 1244 1903 καὶ
1269 1860 1554 1916 διπλασιασμὸν
1577 1861 1765 1918 γεργύρα·

238 1928 338 1982 ζήτει
376 1931 430 1979 εἰς
469 1927 515 1970 τὰ
546 1928 746 1984 Γόργυρα·
785 1926 806 1971 ὅ
845 1928 888 1970 δὲ
921 1926 1091 1981 Ἀλκμαν
1129 1925 1195 1969 διὰ
1232 1931 1301 1969 τοῦ
1338 1944 1356 1968 ε
1398 1926 1602 1982 γεργύρα
1646 1925 1764 1983 (γέρ-

239 1991 378 2050 γυρα)
411 1995 520 2048 φησί.
582 1995 640 2035 Cf.
672 1995 797 2035 Bokk.
830 1995 904 2034 An.
937 1995 956 2033 I
990 1997 1088 2045 233,
1121 1998 1188 2035 27.

872 2122 968 2164 133.
1002 2121 1138 2175 [125]

360 2209 446 2248 Sch.
479 2210 640 2248 Lucian.
679 2208 829 2248 Anach.
867 2221 898 2247 c.
931 2210 984 2247 22
1028 2203 1208 2261 (Bachm.
1240 2207 1314 2246 An.
1347 2208 1387 2246 II
1426 2202 1548 2260 339):
1585 2205 1766 2260 Γέρρον

240 2306 248 2313 .
271 2304 279 2313 .
301 2304 310 2313 .
337 2270 507 2326 Ἀλκμὰν
539 2271 581 2313 δὲ
613 2271 677 2313 ἐπὶ
707 2275 785 2312 τῶν
817 2272 958 2313 οἰστῶν
986 2270 1135 2312 τέθεικε
1165 2267 1238 2324 τὴν
1267 2270 1381 2320 λέξιν.

890 2401 985 2444 1342
1019 2401 1124 2455 [93]

360 2488 496 2539 Steph.
527 2489 619 2539 Byz.
651 2502 686 2527 v.
730 2490 769 2526 Γ
764 2483 909 2540 ραικός.
947 2517 956 2526 .
978 2517 1014 2526 ..
1052 2489 1251 2539 Γραῖκες
1289 2481 1345 2539 (Α
1376 2466 1547 2537 Γραῖες),
1575 2480 1618 2522 δὲ
1657 2479 1765 2536 παρὰ

235 2550 422 2605 Ἀλκμᾶνι
458 2553 503 2592 αἱ
535 2554 614 2592 τῶν
644 2548 844 2604 Ἑλλήνων
880 2550 1038 2604 μητέρες
1076 2583 1084 2591 .
1106 2584 1115 2593 .
1136 2584 1145 2592 .
1176 2551 1253 2591 ἔστι
1291 2549 1334 2590 δὲ
1369 2546 1395 2602 ἢ
1433 2546 1701 2602 μεταπλασμὸς
1737 2545 1763 2601 ἢ

239 2616 309 2670 τῆς
339 2618 459 2670 Γραῐξ
490 2613 650 2665 εὐθείας
680 2617 802 2665 κλίσις
835 2615 985 2668 [ἕστίν].

1423 2683 1447 2701 Ι

961 2742 1055 2787 135.

359 2838 484 2876 Bekk.
509 2838 585 2877 An.
610 2837 651 2875 II
679 2837 781 2876 949:
817 2830 868 2875 Τὸ
894 2830 1012 2875 dudm
1036 2830 1129 2886 παρ’
1153 2831 1339 2886 Ἀλκμᾶνι
1361 2834 1548 2884 Δωρικῶς
1574 2828 1764 2882 ὀξύνεται,

241 2898 402 2955 γεγονὸς
433 2898 550 2950 οὕτω·
584 2898 673 2953 δήν,
700 2897 788 2952 δᾶν,
816 2897 928 2941 δοᾶν.
978 2899 1035 2939 Cf.
1056 2900 1111 2940 Io.
1131 2900 1243 2939 Alex.
1264 2914 1301 2950 p.
1322 2901 1390 2939 42.
1440 2899 1554 2937 Adde
1581 2898 1763 2949 Apollon.

1776 2748 1846 2782 868
