1864 3126
0 2894 38 2966 Ξῖ

0 2969 25 2990 5,

0 3042 22 3126 Ε

756 149 1032 187 SIMONIDES.
1570 148 1658 192 433

122 263 188 304 vd
218 264 258 303 K
286 265 341 304 82
374 263 432 312 τίς
461 259 500 303 δ’
534 255 650 311 οὗτος
679 258 776 303 κατὰ
809 264 908 314 νῆας
939 258 1017 302 dv&
1055 258 1218 315 στρατὸν
1254 261 1382 316 ἔρχεαι
1420 257 1574 316 obest)
1612 265 1659 302 ut

123 329 441 380 praetermittam
474 329 640 368 Homeri
673 330 714 368 et
746 325 909 369 Hesiodi
942 329 1060 378 locos,
1088 329 1128 367 in
1155 325 1302 379 quibus
1335 328 1408 368 hoc
1439 340 1659 379 pronomen

122 397 335 445 praenotat
377 394 574 445 proxima,
614 395 727 434 velut
768 393 841 434 Od.
873 409 899 433 α
939 395 1020 432 159
1059 389 1254 434 τούτοιδιν
1292 391 1362 445 μὲν
1398 395 1519 433 ταῦτα
1555 391 1659 445 μέλει

121 459 280 512 κίθαρις
310 458 376 500 καὶ
407 455 536 512 ἀοιδή.

241 526 376 577 Atque
402 527 469 566 isti
494 526 576 578 legi
596 527 831 577 obsequium
851 526 1160 566 renuntiandum
1182 539 1269 565 esse
1295 526 1512 565 ostendunt
1537 525 1659 564 etiam

122 591 233 631 tituli
263 592 304 630 in
335 592 435 631 artis
475 592 663 642 operibus
700 592 901 643 inscripti,
940 592 1053 631 velut
1088 593 1131 631 in
1166 591 1445 642 antiquissimo
1485 591 1660 630 Graecae

123 656 224 696 artis
254 658 523 706 monumento,
555 657 596 696 in
628 657 746 707 cista,
778 671 880 709 quae
913 658 1074 708 Cypseli
1107 657 1271 705 dicitur,
1302 658 1344 696 hi
1376 671 1517 698 versus
1554 658 1661 708 lege-

123 722 272 761 bantur
303 718 358 775 (v.
392 722 563 762 Pausan.
594 723 630 760 V
666 724 718 762 18
751 726 791 762 et
826 720 919 775 19):
1381 733 1383 735 '
1511 719 1523 736 ⁰

340 822 541 872 Λατοίδας
573 815 687 872 οὗτος
697 820 817 902 ’κάχ’
834 820 936 872 αναξ
969 820 1154 902 ἑκάεργος
1180 819 1396 866 Ἁπόλλων.
1404 821 1474 878 **)

327 885 467 936 ’Ἀτλας
499 884 536 928 δ’
565 884 739 940 οὐρανὸν
771 882 884 938 οὗτος
915 905 1005 943 εχει,
1035 887 1081 930 τὰ
1114 888 1156 930 δὲ
1188 892 1291 942 μᾶλα
1323 886 1498 947 μεθήσει.

333 949 542 1006 Ἰφιδάμας
572 946 687 1003 οὗτός
717 969 773 1009 γε,
805 952 927 996 Κόων
956 952 1241 1009 περιμάρναται
1272 952 1405 996 αὐτοῦ.

339 1012 466 1068 Οὗτος
497 1016 570 1072 μὲν
602 1017 736 1072 Φόβος
767 1019 844 1061 ἐστὶ
875 1022 1040 1073 βροτῶν,
1072 1017 1094 1062 ὁ
1126 1017 1164 1060 δ’
1199 1020 1301 1074 ἔχων
1326 1016 1592 1103 Ἀγαμέμνων.

125 1116 266 1154 contra
295 1110 363 1155 οδε
395 1116 519 1155 semel
551 1118 772 1166 comparet:

412 1206 594 1264 Ἑρμεῶις
625 1206 687 1251 οδ’
718 1207 962 1268 Ἀλεξάνδρῳ
995 1211 1171 1253 δείκνυσι
1203 1212 1368 1265 διαιτῆν.

123 1317 235 1357 Haec
266 1318 557 1369 epigrammata
581 1319 803 1359 Pausanias
828 1319 997 1360 Eumelo
1023 1320 1133 1370 epico
1159 1322 1302 1370 poetae
1328 1319 1529 1368 attribuit,
1555 1319 1660 1369 quod

125 1394 220 1422 sane
250 1382 459 1434 incertum,
492 1384 562 1423 sed
592 1384 847 1435 Iunghahnio
865 1385 953 1436 ‘hoc
983 1388 1187 1425 vetustum
1228 1385 1327 1423 artis
1359 1385 1662 1423 monumentum

124 1447 175 1486 ad
201 1447 366 1487 Periclis
398 1451 572 1488 aetatem
605 1462 651 1488 ex
682 1448 848 1498 imperio
879 1450 1071 1489 referenti
1103 1463 1219 1489 nemo
1252 1444 1564 1501 adsentiet.***)
1616 1449 1663 1488 In

123 1513 375 1554 Achaeorum
406 1517 664 1554 monumento
697 1513 908 1566 Olympiae
938 1515 1152 1566 legebatur
1183 1511 1321 1569 (Paus.
1354 1515 1390 1553 V
1425 1516 1492 1564 25,
1529 1510 1602 1566 10)

413 1610 466 1664 τῷ
497 1608 570 1648 Διῒ
594 1605 747 1662 τᾶχαιοὶ
779 1604 999 1662 τάγάλματα
1030 1605 1136 1650 ταῦτ’
1171 1606 1378 1662 ἀνέθηκαν

470 1672 626 1728 ἔγγονοι
657 1670 845 1715 ἀντιθέου
879 1674 1100 1715 Τανταλίδα
1132 1672 1323 1722 Πέλοπος.

125 1780 293 1832 Onatas,
345 1780 559 1820 Simonidis
612 1783 654 1821 et
702 1782 866 1821 Pindari
917 1782 1112 1833 aequalis,
1172 1794 1215 1821 se
1269 1781 1412 1821 fecisse
1467 1783 1662 1820 testatur:

126 1842 250 1887 πολλὰ
282 1843 354 1898 μὲν
385 1842 483 1886 ἄλλα
513 1848 644 1898 σοφοῦ
675 1843 875 1899 ποιήματα
905 1845 972 1887 καὶ
1002 1842 1085 1887 τόδ’
1117 1842 1259 1887 Ὀνάτα
1290 1845 1418 1900 ἔργον,
1444 1841 1493 1886 ὃν
1518 1842 1663 1901 Αἰγίνᾳ

126 1911 278 1964 γείνατο
309 1911 435 1951 παῖδα
464 1909 679 1965 Μίκων-Γ)
741 1913 959 1964 Aliquanto
991 1913 1189 1952 recentior
1214 1913 1358 1952 titulus
1390 1913 1564 1963 scriptus
1595 1913 1665 1952 ille

223 2098 257 2139 *)
290 2097 363 2134 Sed
395 2098 436 2134 11.
463 2101 499 2134 K
529 2102 597 2135 477
634 2092 761 2143 οὗτος,
792 2099 963 2156 quamvis
995 2095 1088 2136 ἰδὼν
1122 2096 1308 2144 Διομηὸέϊ
1337 2098 1466 2141 δεῖξεν
1497 2109 1664 2144 praeces-

132 2144 232 2190 serit,
258 2156 462 2203 pronomen
481 2157 556 2182 non
563 2126 778 2203 ὃεικτικόν,
805 2146 870 2182 sed
894 2142 1135 2191 ἅναφορικόν
1161 2147 1228 2182 est.
1268 2144 1364 2181 Item
1383 2146 1424 2181 Il.
1448 2148 1483 2180 Γ
1500 2148 1579 2189 178,
1600 2145 1664 2180 ubi

129 2192 272 2228 Helena
291 2193 383 2229 dicit
401 2187 512 2234 οὗτός
536 2190 574 2239 γ’
592 2175 823 2252 Ἀτρείδης,
811 2205 898 2230 nam
923 2193 1158 2230 referendum
1184 2193 1231 2230 ad
1251 2197 1388 2237 v.167,
1411 2193 1475 2229 ubi
1494 2192 1665 2227 Priamus

130 2238 340 2276 sciscitatus
366 2243 447 2277 erat
472 2236 572 2282 ὅστις
597 2237 646 2277 ὅδ
689 2222 789 2278 ἐστὶν
813 2237 954 2287 Ἀχαιὸς
978 2238 1095 2286 α’νήρε
1122 2240 1328 2285 eademque
1354 2240 1450 2275 ratio
1469 2240 1519 2275 ib.
1541 2252 1573 2275 v.
1595 2243 1665 2275 200

130 2289 168 2322 et
192 2290 273 2322 229.
324 2287 455 2333 Neque
486 2284 583 2324 κεῖσ’
617 2301 736 2330 ουτως
759 2288 802 2324 11.
831 2290 863 2324 Φ
890 2292 958 2325 184
989 2288 1101 2325 aliter
1132 2287 1414 2334 explicandum,
1447 2287 1511 2322 sed
1546 2283 1664 2334 ταύτῃ

130 2334 231 2380 apud
255 2299 511 2380 Theognidem
538 2347 572 2371 v.
599 2339 666 2372 ’117
693 2339 752 2372 est
777 2333 977 2372 δεικτικόν.

225 2427 281 2475 **)
307 2428 521 2475 Legendum
550 2430 607 2465 est
637 2423 748 2471 οὗτός
771 2443 818 2476 γε
846 2430 906 2467 vel
931 2444 989 2477 γα
1013 2429 1178 2474 Ἐάναξ.
1224 2429 1430 2465 Pausanias
1455 2428 1536 2476 ipse
1563 2428 1664 2465 litte-

132 2486 192 2511 ras
219 2476 397 2512 obscuras
423 2487 498 2512 non
523 2478 624 2530 recte
649 2476 863 2522 dignovisse
889 2477 1054 2522 videtur,
1086 2478 1186 2561 quod
1219 2477 1312 2512 alias
1344 2488 1492 2522 quoque
1517 2476 1665 2520 accidit,

133 2523 238 2559 velut
261 2523 313 2558 VI
336 2527 390 2569 10,
410 2528 431 2559 5
457 2523 563 2570 legit,
589 2523 620 2559 si
646 2523 752 2559 libris
776 2525 880 2571 fides,
906 2524 1042 2572 τέχναν
1068 2538 1085 2561 ε
1106 2527 1213 2565 δοτες
1239 2522 1281 2561 ἐκ
1307 2523 1512 2570 προτέρων,
1537 2522 1602 2559 ubi
1623 2521 1665 2559 ἐκ

131 2569 340 2616 πατέρων
367 2571 499 2617 opinor
523 2570 701 2616 scriptum
727 2571 808 2608 fuit.

228 2665 304 2710 ***)
322 2665 405 2701 Non
423 2678 512 2702 usus
532 2677 611 2702 sum
631 2666 755 2710 titulo,
770 2677 881 2712 quem
895 2667 1144 2725 perhibebant
1163 2666 1374 2723 mystagogi
1385 2665 1668 2723 Amphitruonis

137 2713 305 2749 thalamo
337 2713 508 2750 additum
540 2725 639 2759 esse,
683 2713 792 2751 Pane.
819 2713 869 2749 IX
897 2718 952 2758 11,
980 2718 1018 2750 1.
1059 2711 1287 2770 Ἀμφιτρύων
1314 2742 1320 2749 .
1350 2741 1357 2748 .
1423 2710 1603 2769 θάλαμόν
1627 2709 1663 2748 τ’

134 2757 321 2843 εἱλίξατὲ)
326 2762 461 2797 τοῦτον
489 2758 631 2810 ἑαυτῷ,
658 2761 722 2797 ubi
747 2758 910 2804 ‚rueme
936 2762 1048 2808 plane
1074 2761 1261 2807 ineptum.
1291 2760 1437 2797 videtur
1461 2772 1506 2796 τε
1517 2756 1576 2796 ιδ
1605 2760 1667 2796 εἴ·

135 2818 243 2843 σατο
287 2808 392 2845 uisse.

230 2902 269 2947 †)
301 2903 407 2946 Quod
443 2903 584 2940 ibidem
625 2902 766 2940 Onatas
802 2904 841 2939 in
874 2905 1097 2942 Thasiorum
1129 2903 1284 2939 donario
1321 2902 1368 2939 de
1400 2914 1440 2939 se
1478 2898 1593 2943 αὖτὸς
1625 2898 1666 2938 ἐν

207 2967 338 2994 Pon-ru
357 2968 435 2994 Ian.
453 2969 512 2995 111.
1337 2965 1382 2998 28
