1864 3126
245 131 333 174 664
470 186 476 191 ἠ
554 164 556 169 .
738 130 961 166 CARMINA
985 130 1271 168 POPULARIA.

974 238 1045 281 26.

342 306 525 365 Σφίγγ’
561 305 843 364 ἄποπομπεῖν

341 378 583 434 νυκτιβόαν
615 379 756 435 (γᾶς),

343 447 512 507 σφίγγ’
548 447 634 493 ἀπὸ
666 450 802 505 λαῶν,
1605 501 1610 505 ,
1673 440 1769 499 ο1306

343 519 472 577 ὄρνιν
505 517 746 577 ἀνώνυμον
779 518 995 578 (ἐχθρῶν)

297 605 318 636 5
345 589 606 648 ὠκυπόρους
637 591 706 635 ἐπὶ
737 593 861 647 νῆας.

250 712 329 746 cod.
357 711 448 745 Mor.
474 707 633 767 κορώνη.
678 709 782 744 Adde
810 707 1448 763 801101.Ρ111ᾱ.Ρ)’111.ΙΙΙ27;κᾶν
1473 712 1523 759 τῷ
1541 713 1618 768 βίῳ
1643 708 1778 758 ἀπορεῖ

251 759 345 803 (cod.
368 758 470 793 Gott.
491 754 661 815 εὖκορεῖ)
689 754 774 791 ἀντὶ
799 757 866 791 τοῦ
887 754 1000 801 κόρας
1019 757 1231 800 (00(1.(1“1011.
1251 756 1426 803 κούρους)
1454 758 1632 815 κορώνας.
1657 773 1773 817 παρο·

250 804 448 850 τρύνοντες
467 802 504 839 δ’
527 804 1039 848 (00(1.(ἷο11.προτρεποντες)
1063 803 1161 839 ἔνιοί
1177 816 1310 849 φασιν·
1340 803 1492 850 ἐκκορεῖ
1505 803 1641 852 κόρους
1658 804 1774 852 κορώ-

250 866 318 893 νας
345 852 568 898 (00(1.(ἒο11
596 849 745 896 ἐκκόρει
770 849 874 896 κόρει
901 849 1096 910 κορώνας).
1136 863 1230 909 quae
1251 852 1437 888 Boeckhio
1458 864 1502 888 ex
1520 854 1776 900 dittographia

251 903 334 935 orta
360 910 439 935 esse
463 899 653 934 videntur:
680 899 779 934 idem
805 898 951 943 scripsit
979 896 1138 955 ἐκκόρει,
1165 897 1269 943 κύρει
1294 897 1484 956 κορώνην·
1511 912 1657 943 exorna,
1683 911 1776 937 orna

251 948 434 982 cornicem.
471 947 660 982 Hermann
686 946 819 1002 Opusc.
847 947 879 980 Il
906 948 993 980 328:
1019 941 1092 981 κᾶν
1118 947 1168 992 τῷ
1196 947 1275 1002 βίω,
1302 944 1460 991 ὡσπερεὶ
1485 943 1568 982 ἀντὶ
1594 949 1660 984 τοῦ
1685 945 1775 984 κού-

251 1008 354 1039 ρους,
387 991 556 1049 κορώνας
586 991 840 1048 παροτρύσντες
866 991 965 1028 ἔνιοί
985 1005 1119 1037 φασιν·
1146 975 1303 1038 ἐκκορει
1333 992 1466 1054 κόρην,
1501 992 1661 1052 κορώνη·
1693 995 1717 1031 1.
1744 1007 1775 1031 e.

251 1043 442 1088 deviryina
459 1042 636 1086 virginem
656 1041 793 1076 οωᾛηιζτ
835 1040 1007 1075 Welcker
1026 1039 1508 1102 Ρ101116111.397;,ἐκκόρει,
1534 1041 1636 1099 κόρε,
1660 1039 1776 1087 κορώ-

251 1103 331 1134 νην.
382 1088 475 1123 Mihi
499 1089 571 1134 leg.
597 1087 761 1123 videtur·
793 1101 865 1123 καν
897 1087 949 1143 τῷ
975 1089 1041 1135 βίῳ
1075 1085 1289 1133 ἐκκορεῖν
1315 1085 1399 1124 ἀντὶ
1425 1089 1492 1125 τοῦ
1522 1086 1777 1146 ὑποκουρί-

253 1139 293 1180 ζε
304 1139 431 1181 σθαι
469 1135 534 1171 καὶ
576 1132 744 1180 κορώνας
783 1132 1081 1191 παροτρύνοντες
1119 1134 1218 1171 ἔνιοί
1252 1148 1386 1180 φασιν·
1426 1133 1626 1182 ἒκκόρει,
1664 1134 1776 1183 κόρη

252 1197 302 1220 κο
311 1182 439 1229 ρώνη.
491 1182 638 1218 Etenim
669 1182 768 1227 quod
799 1179 1119 1226 ὑποκουρίζεσθαι
1150 1183 1211 1218 vel
1241 1185 1485 1228 κουρίζεσθαι
1519 1184 1594 1220 dici
1619 1184 1777 1229 solebat,

253 1232 365 1276 vulgo
391 1230 584 1266 dicebatur
610 1227 1776 1291 ἐκκορεῖν,ν1(1.Η68γο11.κουριζομέναις,νμεναιουμὲ-

251 1292 352 1321 ναις,
379 1276 645 1335 γαμουμέναις,
671 1274 735 1312 διὰ
762 1274 803 1312 τὸ
829 1275 970 1321 λέγειν·
998 1274 1067 1312 σὺν
1086 1275 1255 1335 κούροις
1268 1291 1307 1313 τε
1334 1277 1398 1313 καὶ
1419 1275 1566 1323 κόραις·
1594 1274 1687 1324 ὅπερ
1705 1279 1776 1314 νῦν

251 1328 583 1371 παρεφθαρμενως
627 1321 796 1368 ἐκκορεῖν
836 1323 929 1368 (cod.
971 1321 1012 1359 ἐκ
1050 1322 1176 1369 κόρεν)
1215 1323 1373 1370 λέγεται.
1435 1326 1538 1361 Haec
1577 1326 1777 1371 explicatio

253 1373 366 1409 etiam
392 1372 605 1408 adhibenda
629 1371 715 1406 huic
741 1371 949 1407 cantilenae
974 1371 1154 1416 nuptiali,
1180 1373 1451 1408 restituendum
1477 1375 1601 1408 autem
1629 1371 1780 1420 ἐκκόρει

253 1418 345 1465 κόρη
373 1417 531 1464 κορώνη,
555 1420 790 1465 hymenaeum
808 1430 908 1461 cane,
932 1430 1035 1465 vzryo
1054 1420 1194 1462 cornix,
1220 1431 1303 1475 quo
1313 1420 1462 1456 nomine
1483 1422 1571 1465 apte
1590 1420 1780 1467 appellare

253 1468 360 1503 licuit
385 1467 569 1503 cornicem
595 1466 709 1511 (quod
734 1466 891 1520 Hesych
919 1464 1538 1527 1131161εκυσθοκορώνη·νυμφη
1569 1479 1614 1503 ex
1638 1468 1780 1504 comico

253 1517 366 1561 poeta
389 1515 550 1560 petitum
574 1514 755 1558 videtur),
790 1513 861 1548 nisi
887 1513 981 1549 forte
1007 1513 1089 1558 quis
1114 1525 1328 1560 comparare
1355 1514 1464 1550 malit
1495 1514 1594 1560 χέλει
1625 1513 1778 1561 χελώνη,

255 1563 354 1608 quod
380 1563 482 1597 extat
514 1572 635 1606 supra
686 1560 741 1595 Ex
779 1561 910 1596 eadem
947 1561 1018 1595 hac
1056 1561 1244 1597 cantilena
1281 1561 1441 1607 nuptiali
1477 1562 1636 1599 fortasse
1667 1563 1780 1598 etiam

253 1609 415 1655 petitum
443 1609 509 1654 est,
537 1609 634 1653 quod
660 1607 814 1644 exhibet
839 1607 962 1643 Schol.
988 1607 1093 1644 Pind.
1119 1610 1158 1644 01
1181 1608 1358 1676 Hesycha

739 1668 822 1703 Σὺν
846 1663 974 1713 κόροις
997 1680 1035 1703 τε
1063 1667 1128 1703 καὶ
1153 1665 1294 1713 κόραις.

255 1740 354 1785 quod
380 1739 585 1796 Aeschylus
608 1739 647 1773 in
669 1736 896 1774 Danaidibus
922 1737 1102 1774 adhibuit.
1152 1739 1272 1796 Resp.
1290 1739 1362 1775 huc
1387 1738 1504 1775 etiam
1523 1738 1667 1777 Aelian.
1683 1739 1781 1776 Hist.

255 1789 323 1823 An.
351 1787 460 1821 1119:
482 1782 617 1821 Ἀκούω
644 1784 685 1821 δὲ
711 1799 799 1826 τους
823 1784 940 1821 πάλαι
966 1786 1030 1821 καὶ
1057 1783 1098 1821 ἐν
1124 1790 1202 1827 τοῖς
1216 1783 1373 1847 ηνγοὶμοις
1384 1785 1478 1832 μετὰ
1503 1784 1570 1822 τὸν
1594 1784 1780 1833 ὑμέναιον

255 1832 322 1879 τὴν
348 1831 520 1879 κορώνην
555 1836 695 1877 καλεῖν,
735 1830 912 1878 σύνθημα
950 1830 1129 1878 ὁμονοίας
1165 1835 1277 1870 τοῦτο
1309 1839 1386 1874 τοῖς
1416 1835 1608 1869 συνιοῦσιν
1642 1832 1705 1870 ἐπὶ
1736 1835 1779 1882 τῇ

255 1881 480 1917 παιδοποιία
506 1878 693 1920 διδόντας.

350 1928 407 1963 Fr.
422 1918 478 1964 26¹.
505 1928 634 1963 Festus
652 1940 686 1973 p.
702 1931 787 1963 314·
808 1928 985 1973 (Strigem
1006 1929 1048 1962 ut
1066 1927 1120 1963 ait
1135 1928 1300 1973 Verri)us
1315 1929 1448 1965 Graeci
1468 1930 1621 1974 στρίγγα
1641 1929 1783 1975 ap(pel-

256 1978 361 2020 lant),
380 1975 482 2020 quod
501 1975 679 2010 maleficis
698 1974 915 2010 mulieribus
935 1985 1071 2010 nomen
1089 1974 1252 2010 inditum
1271 1977 1338 2019 est,
1359 1986 1451 2020 quas
1471 1977 1654 2012 volaticas
1669 1977 1783 2012 etiam

257 2026 404 2059 vocant.
443 2023 571 2067 Itaque
598 2022 718 2057 solent
736 2021 795 2056 his
815 2021 937 2056 verbis
958 2033 1020 2057 eas
1040 2021 1158 2057 veluti
1171 2025 1338 2058 avertere
1353 2023 1502 2059 Graeci:
1529 2025 1782 2058 ΣΤΡΡΙΝΤΑ

258 2071 546 2106 ΠΟΜΠΕΙΕΝ
579 2070 932 2104 NYKTIKOMAN
971 2071 1408 2106 ΣΤΡΙΝΤΑΤΟΛΑΟΝ
1449 2071 1616 2105 ΟΡΝΙΝ
1661 2072 1783 2106 ,4st-

257 2118 471 2153 ΝΤΜΙΟΝ
499 2118 813 2152 ,ΩΚΤΠΟΡΟΤΣ
842 2118 938 2151 ΕΠΙ
966 2117 1119 2151 ΝΗΑΣ.
1148 2137 1190 2142 -
1218 2117 1261 2153 V.
1289 2121 1318 2152 1.
1353 2114 1616 2174 αποπομπεῖν,
1641 2117 1784 2153 Turne—

256 2166 325 2201 bus
361 2161 619 2222 αποπὲμπειν,
658 2164 723 2199 sed
759 2163 972 2219 Hesychius
1006 2160 1249 2209 αποπομπεὶν
1287 2162 1328 2200 τὸ
1367 2161 1673 2210 ἀποπέμψασθαι
1717 2164 1782 2200 καὶ

256 2209 594 2257 αποκαθήρασθαι.
621 2232 664 2237 -
691 2211 734 2247 V
761 2215 794 2248 2.
819 2207 1023 2258 νυκτιβόαν
1049 2211 1119 2256 γᾶς
1145 2211 1290 2257 scripsi,
1322 2212 1365 2247 ut
1389 2223 1515 2247 versus
1541 2211 1706 2256 aequalis
1733 2213 1784 2248 sit

256 2259 451 2306 proximis,
488 2257 693 2306 νυκτιβόαν
727 2259 937 2316 Turnebus,
975 2258 1253 2304 νυκτικορώνην
1285 2259 1434 2303 Mulier,
1470 2259 1570 2304 quod
1601 2270 1785 2304 nusquam

258 2308 405 2353 legitur,
431 2317 551 2351 neque
571 2308 718 2352 aptum:
743 2304 997 2351 νυκτικόρακα
1023 2305 1055 2341 81
1079 2317 1232 2342 1111111610
1259 2306 1484 2351 conveniret,
1514 2305 1589 2342 dici
1613 2307 1782 2351 poterat.

259 2366 344 2389 nam
362 2355 459 2390 hanc
478 2365 586 2389 avem
605 2353 683 2389 sive
702 2355 878 2389 noctuam
898 2352 957 2398 (cf.
972 2352 1112 2398 Ungeri
1127 2353 1252 2398 copias
1272 2353 1319 2389 ad
1333 2335 1510 2400 Valgium
1523 2366 1558 2399 p.
1579 2355 1638 2398 13)
1656 2354 1782 2400 strigis

260 2401 407 2437 nomine
428 2400 628 2447 significari
646 2402 790 2437 veteres
812 2401 1023 2444 credebant,
1049 2402 1091 2436 ut
1111 2399 1316 2446 Hesychius
1335 2403 1513 2436 testatur·
1540 2401 1607 2436 at'
1597 2412 1635 2436 m
1654 2402 1782 2437 vetere

257 2450 329 2484 hac
355 2448 542 2484 cantilena
566 2448 646 2484 avis
670 2448 797 2484 feralis
822 2448 1014 2494 proprium
1037 2459 1172 2484 nomen
1195 2447 1363 2483 additum
1381 2448 1497 2484 fuisse
1515 2459 1590 2483 non
1609 2450 1667 2484 est
1685 2448 1781 2484 veri-

259 2495 392 2540 simile,
430 2507 517 2531 nam
541 2496 686 2532 veteres
712 2494 783 2541 ipsi
808 2495 1066 2541 ambigebant,
1104 2496 1147 2530 ut
1170 2494 1312 2530 Plinius
1338 2496 1448 2531 docet
1472 2495 1517 2530 H.
1543 2494 1590 2531 N.
1616 2494 1668 2530 XI
1693 2499 1779 2531 232.

258 2543 509 2588 „Fabulosum
533 2543 691 2579 arbitror
717 2542 763 2578 de
782 2542 959 2588 strigibus
979 2543 1093 2578 ubera
1112 2553 1173 2578 eas
1191 2541 1391 2578 infantium
1410 2542 1524 2578 labris
1542 2542 1779 2588 immulgere:

259 2602 338 2626 esse
362 2591 401 2625 in
426 2590 635 2626 maledictis
659 2590 735 2625 iam
760 2589 922 2635 antiquis
947 2589 1102 2635 strigem
1128 2590 1317 2633 convenit,
1356 2590 1421 2626 sed
1452 2600 1548 2635 quae
1579 2590 1629 2624 sit
1652 2589 1779 2625 avium

259 2639 428 2674 constare
453 2649 527 2674 non
553 2638 745 2674 arbitror-‘fl
790 2638 902 2673 Recte
921 2637 1037 2682 igitur
1057 2637 1248 2672 Turnebus
1267 2635 1470 2694 νυκτιβόαν
1494 2636 1651 2695 scripsit,
1677 2637 1779 2681 quod

260 2684 466 2730 Hesychius
486 2684 704 2730 planissime
724 2684 933 2720 confirmat:
960 2685 1153 2744 Στρίγλος·
1180 2681 1226 2719 τὰ
1247 2681 1354 2725 ἐντὸς
1371 2684 1438 2720 τοῦ
1458 2682 1629 2729 κέρατος·
1657 2686 1778 2719 νυκτί-

262 2743 409 2775 φοιτον·
423 2734 591 2767 καλειται
605 2730 725 2767 δὲκαὶ
738 2729 938 2778 νυκτοβόα,
953 2729 992 2767 οι
1007 2729 1048 2766 δὲ
1068 2728 1340 2789 νυκτοκόρακα.
1367 2742 1461 2777 quae
1479 2731 1606 2776 glossa
1623 2740 1668 2766 ex
1688 2731 1777 2767 dua-

261 2778 331 2814 bus
364 2779 519 2823 coaluit,
551 2779 666 2815 fuisse
690 2779 852 2814 videtur:
885 2780 1087 2824 στρίγγα·
1126 2775 1289 2835 ὄρνεον
1320 2779 1577 2836 νυκτίφοιτον·
1611 2780 1779 2814 καλεῖται

264 2824 304 2860 δὲ
331 2826 396 2862 καὶ
421 2824 684 2872 νυκτοβόας.
733 2826 833 2862 idem
858 2826 1034 2883 Hesycha
1060 2822 1193 2871 γλαύξ·
1225 2823 1428 2872 νυκτοβάς,
1453 2822 1627 2861 πετεινὸν
1651 2838 1782 2862 νυκτε-

264 2871 379 2917 ρινόν,
404 2874 468 2909 ubi
494 2874 675 2920 ambigas,
701 2874 825 2909 utrum
849 2870 1058 2920 νυκτοβόας
1083 2885 1131 2909 an
1148 2873 1358 2922 νυκτοβαῦς
1377 2873 1425 2908 sit
1442 2872 1723 2909 restituendum.
1738 2893 1782 2900 -
