1864 3126
734 123 1009 161 SMONIDBS.
1547 120 1631 164 421

841 233 908 275 77.

203 314 364 369 Μόνος
394 313 520 368 ἅλιος
551 316 599 360 ἐν
630 312 821 376 οὐρανῷ.

753 435 819 479 78.
854 436 989 489 [128.]
1316 497 1329 503 -
1544 443 1635 475 1144

198 596 299 645 Elo’
333 598 418 644 ἅλα
450 603 644 654 στίζοισα
675 599 823 646 πνοιά.

752 720 820 763 79.
852 720 988 774 [133]

198 815 697 838 ..LUU-UU-'UU-

200 879 342 939 Οὗτος
373 886 426 930 δέ
454 902 522 930 τοι
554 884 732 943 ἥδυμον
761 883 908 930 ὕπνον
940 888 1067 943 ἔχων.
1127 910 1130 917 ·

697 1006 754 1049 80
775 1005 824 1048 Α.
859 1006 962 1059 [147
986 1007 1038 1059 e.]

195 1098 897 1122 υυέυυ-υυ-υυ-υ-’

181 1169 299 1223 ῘἘνα
330 1169 372 1215 δ’
408 1168 507 1215 οἷον
539 1173 679 1215 ἔνεικε
699 1169 795 1215 -θεά
827 1171 967 1228 μέγαν
999 1173 1061 1224 εἰς
1093 1173 1271 1228 δίφρον.

720 1292 777 1335 80
792 1290 841 1335 Β.
875 1292 1018 1346 [1234-

198 1378 506 1396 ..UO-U-..

189 1440 470 1502 “Αμερόφων’
505 1441 712 1498 ἀλέκτωρ.

102 1597 209 1658 A‘dde
234 1597 380 1637 Platon.
406 1597 498 1654 Rep.
525 1597 559 1633 ΙΙ
586 1597 718 1633 3650:
745 1595 900 1643 οὐκοῦν,
925 1595 1059 1644 ἐπειδὴ
1086 1595 1127 1634 τὸ
1155 1599 1296 1641 δοκειν,
1323 1594 1373 1639 ὦς
1397 1597 1557 1643 δηλοῦσί
1570 1611 1634 1644 μοι

103 1643 143 1682 οἵ
165 1646 290 1690 σοφοί,
315 1645 380 1681 καὶ
404 1641 475 1680 τάν
500 1641 691 1681 ἀλάθειαν
711 1644 781 1703 (ita
798 1645 881 1682 Par.
901 1645 946 1681 A.
966 1612 1059 1683 ναῦη
1077 1646 1112 1681 Η
1130 1645 1241 1681 Vind.
1260 1625 1451 1681 E'FAmbr.
1477 1645 1515 1680 C.
1536 1644 1631 1691 Aug.

102 1658 528 1737 B.1·⁸101.Asscv,=0'w
553 1693 613 1729 vel
638 1706 681 1738 τη
687 1706 706 1727 ν
731 1689 920 1738 ἀλήθειαν
946 1693 1096 1750 reliqui)
1129 1693 1268 1749 βιᾶται.

194 1740 254 1777 Fr.
282 1744 336 1777 77.
387 1739 570 1779 Theodor.
603 1739 764 1776 Metoch.
791 1744 852 1776 90:
885 1740 972 1776 Καὶ
1004 1738 1142 1787 μόνος
1171 1736 1300 1781 ἅλιος
1331 1737 1379 1776 ἐν
1411 1736 1633 1784 οὐρανοῖς

101 1787 195 1833 φησὶ
225 1788 490 1871 Σιμωνίδῖσς
520 1786 586 1823 καὶ
618 1784 734 1833 μόνος
760 1784 1003 1833 Ἀριστοτέλης
1033 1788 1098 1824 καὶ
1130 1785 1174 1823 τὰ
1209 1785 1358 1824 ἐκείνου
1391 1785 1633 1834 συντάγματα

101 1835 205 1889 πᾷσα
230 1832 414 1880 πρόθεσις
482 1834 516 1870 τὶ
541 1838 619 1875 τοῖς
643 1834 730 1879 περὶ
755 1836 995 1881 φιλοσοφίαν.
1017 1856 1061 1862 -
1081 1833 1238 1893 οὐρανῷ
1263 1835 1415 1881 scripsit
1433 1835 1633 1872 Schneide-

103 1881 190 1938 πίῃ,
216 1883 281 1918 sed
306 1884 502 1928 praeterea.
525 1882 674 1919 videt-,ur
699 1879 752 1919 ἐν
767 1882 976 1919 delendum.
1005 1904 1048 1909 —
1075 1879 1196 1927 αλιος,
1229 1882 1336 1919 codd.
1369 1882 1500 1929 Angel.
1533 1882 1631 1919 Mon.

100 1942 218 1975 αγιος.

196 1977 254 2013 Fr.
283 1979 338 2013 78.
389 1976 511 2014 Schol.
533 1976 625 2022 11.φ
647 1981 732 2013 127:
751 1974 922 2013 Ἔστιν
902 1992 926 2023 η
954 1977 1043 2024 φρὶξ
1069 1976 1297 2035 κινουμένου
1323 1978 1389 2014 τοῦ
1417 1975 1634 2044 πνεύματος

101 2020 214 2081 ἀρχή·
245 2025 510 2070 Σιμωνίδης
540 1990 625 2060 δὲφ
615 2021 736 2069 αὐτὴν
767 2025 834 2061 καὶ
871 2026 996 2069 δεῖξαι
1026 2022 1258 2083 πειρώμενος
1283 2022 1403 2066 οὕτως
1435 2024 1528 2072 ἔφη
1564 2022 1634 2067 Ἐς

101 2067 187 2107 ἅλα
212 2072 430 2115 στίζουσα
449 2069 599 2109 moui.
622 2093 665 2098 —
686 2069 758 2108 slo’
779 2072 924 2119 scripsi,
944 2072 1018 2109 nisi
1037 2070 1087 2114 ὡς
1099 2074 1218 2110 malis
1234 2093 1278 2099 —
1294 2074 1459 2116 στίζοισα
1480 2074 1632 2110 Schnei-

103 2118 236 2155 dewin.
263 2139 308 2145 —-
333 2117 461 2163 πνοιά,
486 2117 586 2155 πνοοί
611 2118 777 2157 Ursinus.

195 2166 254 2202 Fr.
282 2170 338 2202 79.
389 2166 512 2202 Schol.
540 2167 648 2203 Hom.
674 2166 717 2202 Il.
743 2167 777 2224 β
792 2171 831 2203 2:
855 2163 935 2204 1Ὅτι
967 2165 1010 2203 δὲ
1042 2165 1084 2203 τὸ
1117 2164 1284 2214 νήδυμος
1308 2165 1414 2225 μετὰ
1427 2169 1495 2203 τοῦ
1520 2181 1542 2203 ν
1568 2168 1633 2225 ’5⁰⁶²

103 2209 188 2258 οὖχὶ
213 2209 374 2260 ἥδυμος,
401 2210 450 2255 ὦς
475 2212 587 2256 ἔνιοι,
612 2227 715 2260 παρα
742 2213 783 2250 τὸ
808 2211 920 2260 ἡδύς,
952 2212 1002 2256 ὥς
1026 2215 1141 2260 δῆλον
1168 2212 1210 2251 ἐκ
1235 2216 1318 2251 τοῦ·
1352 2213 1536 2261 Νήδυμος
1561 2213 1631 2261 οἱμ-

105 2261 300 2318 φιχυθείς,
326 2259 366 2296 οἴ
388 2259 430 2296 δὲ
457 2258 556 2317 μεθ’
567 2258 732 2308 Ὅμηρον
757 2262 822 2298 καὶ
847 2261 965 2320 χωρὶς
982 2275 1049 2298 του
1075 2275 1097 2298 ν
1115 2262 1290 2308 λέγουσιν
1316 2291 1324 2298 .
1350 2291 1358 2299 .
1386 2262 1451 2298 καὶ
1469 2264 1631 2318 Σιμωνί-

102 2309 186 2352 δης·
214 2301 348 2348 οὖτος
367 2311 442 2343 κτλ.
462 2328 506 2334 -
531 2305 678 2354 ἥδυμον
697 2308 913 2354 Buttmann,
939 2306 1087 2356 αδυμον
1109 2309 1382 2354 Schneidewin,
1407 2309 1521 2355 vulgo
1540 2306 1631 2355 -ῆδυ-

102 2366 180 2399 μος.
230 2354 604 2399 Cf.Eust.163,28.

198 2401 258 2437 Fr.
285 2403 382 2437 80A.
432 2401 551 2438 Cram.
577 2403 645 2439 An.
671 2402 788 2440 Paris.
813 2403 865 2439 IV
894 2408 972 2449 186,
991 2408 1054 2440 33.
1082 2406 1201 2462 Νίκη·
1224 2400 1461 2444 Ἀπολλωνιος
1486 2401 1506 2439 ὁ
1523 2400 1631 2450 ’-Αρχι

102 2449 186 2491 βίου
213 2446 233 2484 ὁ
261 2445 418 2493 ἔνεικει,
449 2448 640 2485 τουτέστιν
667 2446 708 2486 ἐν
741 2444 765 2496 ᾗ
797 2447 993 2508 υποχωρεῖ
1018 2451 1141 2497 (scrib.
1167 2465 1188 2487 ο
1217 2448 1275 2487 ἑνὶ
1300 2452 1413 2496 εἴκει,
1438 2450 1631 2487 τουτέστιν

103 2491 124 2531 ὃ
158 2492 215 2531 ἑνὶ
247 2477 476 2553 &nomom-
509 2495 666 2541 γέγονεν
696 2494 739 2533 δὲ
771 2496 867 2533 κατὰ
900 2495 1104 2556 ἀφαίρεσιν
1136 2499 1203 2534 τοῦ
1236 2511 1273 2542 ε,
1305 2499 1474 2545 συγκοπῇ
1506 2499 1572 2542 τῆς
1597 2511 1632 2534 ει

104 2540 338 2588 διφθόγγου·
369 2540 389 2579 ὁ
422 2543 518 2588 γοῦν
550 2544 766 2589 Σιμωνίδης
795 2543 1099 2591 παρετυμωλόγει
1131 2546 1451 2626 (ιντοτρετυμολογεῖΙ
1466 2545 1631 2589 Nauck)-

106 2589 198 2635 φησὶ
222 2589 312 2636 γάρ·
339 2587 381 2626 ἐν
407 2589 449 2626 δὲ
471 2588 648 2626 οἷονεικει
672 2590 766 2626 θεαὶ
790 2604 826 2636 μ.
854 2590 909 2633 εἰς
932 2593 966 2628 δ.
1017 2591 1070 2628 cf.
1097 2593 1218 2629 Cram.
1247 2592 1316 2628 An.
1344 2592 1409 2628 Ox.
1436 2592 1564 2648 1440,
1591 2597 1630 2629 2:

103 2634 239 2683 Χειρος
268 2636 365 2673 κατὰ
392 2634 597 2683 ἀφαίρεσιν
622 2637 689 2673 τοῦ
716 2650 732 2673 ε
766 2637 918 2683 γέγονε,
950 2637 1054 2683 παρὰ
1079 2637 1121 2675 τὸ
1150 2639 1268 2685 ἔχειν,
1301 2637 1350 2680 ὡς
1374 2637 1477 2683 παρὰ
1503 2641 1545 2675 τὸ
1556 2621 1629 2676 ἑνὶ

104 2684 221 2719 εἴκειν
251 2682 348 2720 κατὰ
380 2686 598 2731 Σιμωνίδην
629 2686 725 2729 νίκη.
777 2686 818 2720 In
850 2684 1052 2722 Simonidis
1083 2698 1190 2723 versu
1223 2686 1355 2744 scripsi
1387 2685 1456 2722 ἕνα
1483 2684 1521 2722 δ’
1549 2685 1631 2723 οἷον

105 2729 225 2766 ἔνεικε
257 2729 354 2778 θεά,
385 2732 505 2778 possis
530 2732 713 2767 coniicero
740 2727 796 2767 ἕνὶ
822 2729 860 2767 δ’
895 2733 962 2787 οἴῳ
995 2734 1102 2769 Ecum
1133 2731 1210 2769 θεὰ
1243 2732 1361 2779 μέγαν
1387 2735 1537 2779 δίφρον,
1566 2734 1631 2770 sed

104 2789 339 2824 nequaquam
369 2790 520 2815 necesse
551 2780 624 2822 est,
657 2778 886 2815 Simonidem
911 2769 1026 2837 igino
1020 2781 1135 2816 verbo
1166 2782 1283 2816 εἴκειν
1314 2793 1421 2816 usum
1447 2792 1528 2817 esse
1554 2792 1630 2817 cre-

106 2824 247 2862 damus.
286 2826 459 2873 Hartung
477 2824 520 2863 ἐν
539 2823 577 2861 δ’
601 2807 739 2867 ὸίνευς
758 2827 853 2862 εἴκει
871 2829 962 2876 em,
981 2825 1100 2872 μέγαν
1119 2826 1173 2868 εἰς
1191 2829 1329 2886 δίφρον
1342 2825 1629 2887 (ἔπιβαινούση).

199 2872 257 2910 Fr.
283 2874 376 2910 8013.
420 2874 556 2910 Athen.
583 2873 632 2908 IX
652 2873 782 2909 3⁷4D:
807 2863 1038 2920 Σιμωνίδης·
1065 2872 1272 2920 ἱμερόφων’
1301 2871 1358 2911 ἀλ.
1397 2876 1460 2912 sed
1485 2875 1516 2911 Β
1540 2874 1629 2923 ἡμε-
