1864 3126
155 149 210 190 28
719 130 909 185 POETAE
939 149 1113 187 Manioi.

152 261 367 312 sideratur,
400 264 445 300 ut
475 262 623 311 integri
661 262 846 310 carminis
884 261 1033 301 fuerint
1069 275 1208 302 versus
1250 265 1345 303 168.
1407 244 1525 302 Nam'
1549 276 1678 315 aequa
1712 294 1718 296 -

150 327 261 366 lance
305 328 462 366 diversa
511 329 748 376 argumenta
791 327 833 365 in
876 328 1068 366 eiusmodi
1119 329 1358 368 carminibus
1410 330 1676 380 pensitavisse

151 392 383 431 Alcmanem
415 393 557 442 colligo
590 405 636 431 ex
668 393 884 442 Hephaest.
915 408 952 444 p.
990 395 1089 432 139:
1121 389 1177 432 'H
1204 391 1246 433 δὲ
1278 394 1395 445 διπλῆ
1432 390 1458 445 ἡ
1491 393 1562 442 ἔξω
1593 393 1676 447 βλέ-

150 469 297 507 πουσα,
344 453 450 508 παρὰ
495 454 565 508 μὲν
606 459 686 504 τοῖς
724 462 911 509 κωμικοῖς
950 456 1016 497 καὶ
1057 462 1138 506 τοῖς
1178 463 1373 512 τραγικοῖς
1413 458 1490 499 ἔστι
1537 455 1675 512 πολλή,

106 566 110 570 .
149 518 254 573 παρὰ
287 520 329 561 δὲ
360 525 533 575 λυρικοῖς
565 523 727 562 σπανία
766 519 871 575 παρὰ
909 525 1026 590 γοῦν
1035 518 1220 575 Ἀλκμᾶνι
1251 519 1480 575 εὖρίσκεται”
1519 519 1677 577 γράψας

149 583 223 639 γὰρ
256 585 403 635 ἐκεινος
434 584 725 639 δεκατεσσάρων
756 590 937 640 στροφῶν
968 574 1137 664 ἅσματα,
1174 584 1215 628 τὸ
1255 586 1325 639 μὲν
1356 586 1478 640 ημισυ
1509 590 1578 629 τοῦ
1609 584 1677 628 αὗ-

148 655 217 691 τοῦ
258 651 397 704 μέτρου
441 652 623 705 ἐποίησεν
664 649 951 705 ἕπταστροφον,
991 649 1032 693 τὸ
1075 651 1118 692 δὲ
1157 650 1278 705 ἥμισυ
1318 652 1466 706 ἑτέρου·
1506 651 1572 693 καὶ
1610 649 1676 692 διὰ

148 720 260 757 τοῦτο
293 717 357 757 ἐπὶ
388 721 471 766 ταῖς
503 714 593 757 ἑπτὰ
628 722 814 771 στροφαῖς
851 722 934 766 ταῖς
973 717 1118 770 ἑτέραις
1155 719 1302 758 τίθεται
1332 715 1357 771 ἡ
1391 719 1507 771 διπλῆ
1541 718 1674 770 σημαί-

148 795 273 822 νουσα
303 779 344 823 τὸ
378 784 636 836 μεταβολικοῖς
667 779 709 823 τὸ
742 782 847 838 ἆσμα
876 779 1111 837 γεγραφθαι.
1121 779 1164 838 *)

264 873 371 912 Nota
401 876 428 908 Χ
469 885 569 923 quae
608 873 809 923 adscripta
846 873 995 923 legitur
1031 874 1073 912 in
1108 874 1288 924 maigine
1329 873 1411 914 Col.
1444 874 1484 912 ΙΙ
1518 874 1584 912 25.
1620 875 1673 913 27

147 941 187 977 et
217 939 388 977 fortasse
421 940 488 986 28,
521 939 617 976 item
650 938 720 977 col.
746 938 807 976 III
829 939 897 988 30,
928 939 1071 988 indicio
1105 941 1166 977 est
1197 939 1349 978 scholia
1379 939 1536 979 adiecta
1567 951 1674 979 esse:

146 1003 252 1053 quod
283 1004 323 1041 II
356 1004 410 1042 28
444 1005 485 1042 et
514 1003 575 1041 III
608 1005 663 1042 30
697 1016 799 1042 nunc
832 1004 980 1042 scholia
1011 1016 1112 1054 quae
1144 1004 1305 1054 quidem
1336 1005 1386 1043 ad
1417 1005 1507 1044 illos
1533 1017 1674 1044 versus

147 1068 327 1108 revocari
357 1068 513 1118 possint
543 1081 623 1107 non
654 1071 900 1119 comparent,
932 1081 1010 1107 non
1042 1071 1104 1108 est
1134 1069 1299 1108 mirum:
1338 1072 1410 1108 aut
1441 1069 1675 1110 oblitterata

148 1136 259 1183 sunt,
292 1135 364 1171 aut
393 1134 549 1172 librarii
580 1135 758 1174 socordia
790 1134 1014 1173 describere
1050 1134 1240 1184 neglexit.
1305 1134 1487 1174 Vicissim
1525 1135 1676 1175 scholia

144 1199 261 1248 plane
295 1199 471 1237 eiusdem
503 1201 674 1251 generis,
707 1200 850 1250 quibus
881 1213 1006 1238 unum
1048 1199 1206 1249 aliquod
1238 1200 1475 1239 vocabulum
1507 1200 1674 1250 explica-

146 1266 222 1311 tur,
253 1264 294 1302 in
325 1264 465 1303 charta
495 1265 697 1316 leguntur,
729 1277 855 1314 neque
887 1267 913 1300 Χ
945 1265 986 1303 in
1017 1265 1197 1315 margine
1230 1261 1499 1319 additum.**)

264 1353 550 1408 Hippocoontis
592 1357 632 1392 et
672 1354 844 1392 filiorum
883 1353 1087 1392 interitum
1126 1354 1294 1393 Alcman
1333 1354 1586 1403 potissimum
1627 1367 1673 1394 eo

147 1418 310 1457 consilio
342 1419 502 1458 videtur
534 1420 801 1469 enarravisse,
832 1421 878 1458 ut
909 1419 1138 1458 ostenderet
1168 1418 1441 1459 inevitabilem
1473 1431 1559 1458 esse
1590 1420 1674 1459 vin-

148 1483 294 1523 dictam
327 1483 518 1532 divinam,
551 1485 592 1522 in
625 1485 782 1535 epilogo
810 1480 866 1537 (p.
887 1480 947 1538 II)
974 1497 1168 1523 summam
1194 1484 1438 1535 argumenti,
1473 1486 1518 1523 ut
1544 1485 1674 1524 solent

147 1549 283 1599 graeci
307 1551 460 1599 poetae,
492 1550 709 1599 professus.
758 1549 806 1588 In
830 1550 919 1599 ipsa
942 1562 1080 1600 pugna
1110 1550 1343 1600 praecipuas
1369 1551 1504 1599 partes
1529 1549 1674 1588 tribuit

146 1614 398 1663 Castoribus,
442 1615 625 1655 Herculis
669 1628 749 1654 non
788 1615 835 1654 fit
872 1616 1020 1654 mentio
1058 1615 1135 1654 nisi
1171 1616 1275 1654 forte
1314 1615 1356 1653 in
1393 1627 1440 1654 ea
1476 1614 1672 1665 poematis

144 1683 275 1731 parte,
308 1691 410 1731 quae
441 1681 600 1731 penitus
630 1681 788 1730 perdita
819 1682 890 1719 est.

262 1770 322 1808 De
359 1782 524 1808 numero
556 1769 963 1819 Hippocoontidarum
995 1769 1236 1808 dissentiunt
1266 1771 1441 1809 veteres:
1484 1769 1753 1820 Apollod.825

143 1835 205 1873 III
234 1837 300 1884 10,
329 1836 352 1873 5
387 1831 485 1887 (vid.
512 1847 634 1885 supra
658 1835 705 1874 fr.
737 1831 810 1887 15)
823 1834 1048 1873 *duodecim
1077 1835 1312 1873 nominatim
1343 1838 1541 1884 recenset,
1572 1847 1678 1892 quos.

143 1912 278 1939 omnes
310 1899 544 1939 interemtos
578 1912 664 1939 esse
697 1900 808 1940 dicit:
840 1900 1038 1939 Diodorus
1058 1900 1115 1938 IV
1137 1901 1190 1938 33
1215 1900 1361 1950 viginti
1387 1900 1501 1950 dicit,
1531 1912 1672 1939 verum

142 1967 277 2005 decem
309 1967 468 2005 tantum
500 1977 579 2004 una
615 1978 705 2004 cum
735 1965 1010 2015 Hippocoonte
1048 1965 1196 2004 occisos
1235 1977 1321 2003 esse
1358 1965 1560 2015 perhibet3
1602 1964 1672 2003 scd

142 2033 352 2081 praeterea
387 2033 465 2070 τῶν
497 2027 626 2069 ἄλλων
657 2032 914 2083 Σπαρτιατῶν
943 2033 1211 2082 παμπληθεῖςε
1261 2029 1671 2080 Hippocoontidarum

142 2110 331 2136 numerus
357 2093 518 2136 videtur
544 2099 684 2135 auctus
711 2109 809 2146 esse,
835 2099 881 2135 ut
906 2097 1145 2146 congrueret
1170 2108 1259 2134 cum
1279 2094 1429 2146 Cephei
1458 2095 1568 2133 filiis:
1601 2094 1672 2133 sed

142 2162 207 2201 hic
238 2175 393 2213 quoque
419 2162 617 2202 Diodorus
644 2174 733 2201 cum
759 2163 1001 2212 Apollodoro
1029 2157 1089 2213 (II
1118 2162 1154 2211 7,
1175 2156 1220 2213 3)
1252 2173 1331 2199 non
1362 2161 1479 2211 plane
1511 2173 1670 2200 consen-

142 2227 212 2278 tit,
252 2228 447 2277 siquidem
478 2229 560 2266 tres
593 2227 641 2266 de
672 2227 817 2278 viginti
850 2227 998 2277 Cephei
1028 2226 1119 2264 filiis
1153 2225 1323 2275 sospites
1355 2237 1401 2264 ac
1434 2227 1669 2276 superstites

142 2293 265 2332 fuisse
297 2293 482 2343 prodidit.
532 2292 700 2331 Alcman
726 2292 822 2342 quid
848 2294 1007 2332 secutus
1034 2292 1087 2331 sit
1111 2292 1325 2330 incertum:
1358 2304 1500 2331 novem
1519 2292 1668 2342 Hippo-

142 2358 345 2398 coontidas
376 2359 614 2397 nominatim
645 2360 839 2396 memorat
874 2357 916 2395 in
952 2357 1000 2396 iis
1037 2357 1242 2406 versibus,
1281 2357 1351 2407 qui
1382 2359 1476 2396 sunt
1507 2357 1668 2397 servati.

236 2526 268 2570 ²¹⁴)
295 2527 352 2561 Ita
375 2525 438 2561 hic
463 2526 566 2561 locus
593 2524 846 2582 corrigendus,
869 2524 1007 2570 legitur
1026 2524 1157 2581 vulgo
1167 2521 1308 2569 ἔγραψε
1337 2552 1344 2559 .
1368 2511 1398 2559 “.
1425 2520 1588 2576 ᾄσματα,
1615 2516 1668 2558 ὧν

142 2572 182 2610 τὸ
211 2572 279 2620 μὲν
304 2569 435 2629 ἥμισυ,
466 2573 530 2608 sed
556 2572 627 2608 duo
658 2572 745 2620 libri
777 2569 942 2625 ypoczpocg,
974 2572 1101 2616 itaque
1133 2567 1184 2606 ὢν
1218 2570 1358 2615 delevi,
1389 2581 1433 2606 ac
1464 2569 1588 2606 nescio
1619 2581 1667 2605 an

142 2623 336 2676 praeterea
361 2615 481 2670 ᾆσμα
507 2631 574 2665 pro
600 2616 749 2668 ᾄσματα
776 2618 825 2654 sit
848 2619 1129 2655 restituendum.

237 2668 291 2713 ²⁵³⁸)
318 2657 373 2703 De
408 2667 480 2703 hac
513 2656 613 2703 nota
640 2666 816 2702 disseruit
852 2667 967 2702 Lehrs
992 2667 1031 2702 in
1067 2667 1163 2702 libro
1200 2666 1245 2701 de
1277 2664 1427 2701 scholiis
1461 2663 1667 2700 Pindaricis

141 2729 175 2762 p.
204 2720 283 2759 110,
308 2715 374 2750 ubi
399 2715 513 2751 etiam
540 2715 691 2750 chartae
717 2714 826 2749 huius
847 2714 1074 2750 mentionem
1098 2713 1203 2758 facit,
1229 2713 1294 2748 sed
1319 2711 1500 2758 inspicere
1527 2713 1566 2747 et
1583 2722 1666 2747 exa-

142 2763 283 2798 minare
309 2762 490 2808 neglexit:
522 2761 651 2807 itaque
684 2762 741 2797 vir
773 2761 1009 2797 doctissimus
1041 2772 1115 2796 non
1147 2741 1334 2796 du'bitavit
1364 2760 1457 2794 haec
1489 2757 1665 2794 scribere.

145 2810 238 2855 „Wo
265 2821 303 2844 es
330 2810 466 2845 einmal
491 2821 552 2845 am
578 2809 707 2845 Raude
733 2808 868 2844 alterer
893 2808 1183 2844 Handschriften
1208 2807 1424 2843 erscheinen
1456 2805 1585 2850 sollte,
1617 2805 1668 2842 ist

145 2869 184 2893 es
208 2857 307 2893 wohl
332 2868 405 2892 von
431 2859 596 2902 spaterer
621 2856 730 2892 Hand
755 2856 1023 2901 hinzugesetzt.
1073 2856 1122 2891 Es
1147 2854 1218 2892 soll
1246 2854 1286 2890 in
1319 2854 1403 2890 dem
1427 2834 1585 2889 Pariser
1598 2852 1665 2888 Pa-

147 2915 258 2951 pyrus
284 2904 347 2939 des
373 2903 766 2950 Alkmanfragmentes
792 2903 958 2939 stehenf‘
