1864 3126
205 154 293 196 396
381 166 389 173 ·
537 129 539 134 ⁸
772 151 962 188 POETAE
990 151 1167 189 ΜΕιιοι.

771 261 852 294 ΕΙΣ
876 260 1173 296 ΠΟΣΕΙΔΩΝΑ.

862 344 1089 403 21.[35ῃ,

325 432 454 471 Schol.
475 432 612 481 Eurip.
634 431 736 471 Med.
755 445 792 471 v.
812 432 856 470 5:
888 426 1128 483 Πάγχρυσον
1153 429 1286 483 δέρας·
1317 427 1359 471 τὸ
1386 429 1523 484 δέρμα·
1553 433 1666 477 τοῦτο
1689 431 1731 472 οἵ

207 494 277 547 μὲν
303 491 519 548 ὁλόχρυσον
545 492 648 535 εἶναί
670 507 806 546 φασιν,
838 495 878 535 οἱ
900 493 943 534 δὲ
967 498 1213 547 πορφυροῦν.
1262 494 1344 535 Καὶ
1365 495 1590 548 Σιμωνίδης
1616 493 1659 535 δὲ
1683 494 1727 536 έν
1754 505 1844 538 1124

204 562 261 617 τῷ
287 561 353 608 εἰς
383 557 464 601 τὸν
488 561 772 601 Ποσειδῶνα
796 554 926 615 ὕμνῳ
953 556 1031 600 ἀπὸ
1057 562 1135 600 τῶν
1160 559 1203 600 ἐν
1229 563 1275 614 τῇ
1300 557 1481 616 θαλάσσῃ
1506 563 1727 614 πορφυρῶν

206 628 428 678 κεχρῶσθαι
471 623 565 666 αὐτὸ
609 624 719 680 λέγει.
788 625 846 665 Cf.
878 627 942 666 Et.
974 626 1026 665 M.
1060 627 1157 671 597,
1193 628 1263 665 14:
1313 622 1452 678 Νάκη,
1493 622 1537 666 τὸ
1580 626 1728 680 αἰγεῖον

206 690 346 744 δέρμα,
378 692 504 731 κωδία
534 690 599 731 καὶ
630 688 778 731 κώδιον
807 687 849 730 τὸ
881 687 1126 743 προβάτειον.
1192 687 1278 730 Οὐκ
1307 687 1383 743 ἄρα
1413 687 1455 731 τὸ
1487 690 1530 730 ἐν
1561 688 1729 744 Κόλχοις

209 753 325 805 νάκος
345 755 493 810 ῥητέον.
527 758 655 804 κακῶς
675 748 748 796 οὖν
766 754 996 806 Σιμωνίδης
1015 753 1158 804 νάκος
1178 756 1311 808 φησίν.
1347 757 1435 796 add.
1455 757 1582 797 Schol.
1595 758 1728 808 Apoll.

208 823 331 861 Rhod.
363 823 421 860 IV
456 825 557 862 177:
589 819 738 862 Πολλοὶ
769 819 812 860 δὲ
843 824 1015 874 χρυσοῦν
1046 817 1087 861 τὸ
1120 819 1234 873 δέρας
1266 817 1477 873 εἰρήκασιν,
1509 854 1518 862 .
1550 851 1559 860 .
1591 852 1601 861 .
1633 817 1654 862 ὅ
1685 818 1728 861 δὲ

204 888 433 939 Σιμωνίδης
462 885 555 927 ποτὲ
586 885 655 939 μὲν
688 882 877 937 λευκόν,
915 884 1006 927 ποτὲ
1039 885 1082 926 δὲ
1112 889 1407 939 πορφυροῦν.
1470 890 1516 926 ut
1545 887 1729 927 videatur

204 953 387 1003 pluribus
419 953 660 992 carminibus
691 952 966 1003 Argonautica
996 952 1190 1003 attigisse.
1243 951 1301 991 Cf.
1333 952 1479 992 Eudoc.
1513 953 1608 992 108.

848 1065 1090 1122 *22.[36]

323 1155 450 1194 Schol.
471 1155 607 1205 Eurip.
629 1155 732 1193 Med.
754 1156 796 1193 2:
833 1150 985 1202 Ταύτας
1010 1149 1096 1207 (τὰς
1115 1148 1428 1208 Συμπληγάδας)
1454 1148 1475 1194 ὁ
1501 1154 1729 1206 Σιμωνίδης

204 1216 524 1273 Συνορμάδας
556 1219 679 1272 φησίν
711 1214 766 1273 (A
799 1214 1091 1273 συναρβώδας).

915 1333 939 1360 *
953 1335 1020 1377 23.

301 1622 474 1672 Λευκᾶς
504 1620 766 1677 καθύπερθε
796 1618 994 1675 γαλάνας

299 1689 588 1749 εὐπρόσωποί
616 1703 732 1747 σφας
762 1688 982 1747 παράϊξαν
1015 1691 1171 1747 ἔρωτες
1201 1691 1332 1741 ναΐας

300 1764 482 1813 κλαΐδος
512 1760 839 1819 χαραξιπόντου
871 1763 1111 1817 δαιμονίαν
1143 1761 1186 1811 ἐς
1216 1757 1362 1816 ὕβριν.

836 1879 1092 1914 ΚΑΤΕΤΧΑῙ.

861 1963 1068 2016 24.[39]
1127 1937 1132 1942 ’

327 2049 454 2089 Schol.
488 2049 605 2089 Hom.
632 2047 703 2088 Od.
730 2048 751 2095 ζ
777 2050 878 2087 164:
902 2037 1063 2088 ςΗλθον
1093 2044 1167 2101 γὰρ
1197 2045 1263 2086 καὶ
1293 2049 1407 2098 κεῖσε,
1438 2044 1560 2096 πολὺς
1592 2045 1636 2087 δέ
1666 2063 1732 2099 μοι

206 2114 339 2154 ἕσπετο
371 2110 482 2164 λαός]
515 2112 619 2167 λέγοι
645 2110 680 2152 δ’
711 2109 762 2152 ‹322›
786 2109 912 2153 πολὺν
937 2109 1033 2153 λαὸν
1058 2107 1106 2153 οὗ
1132 2109 1200 2153 τὸν
1231 2112 1336 2152 ἴδιον
1362 2108 1511 2163 στόλον,
1543 2108 1638 2151 ἀλλὰ
1662 2108 1731 2152 τὸν

199 2176 445 2231 Ἑλληνικόν,
476 2175 531 2219 ’ὅτ’
566 2175 845 2231 ἀφηγούμενος
875 2179 930 2227 εἰς
961 2181 1094 2230 Δῆλον
1123 2171 1222 2230 ἧλθε
1256 2176 1460 2225 Μενέλαος
1498 2173 1572 2217 σὺν
1597 2174 1730 2217 Ὀδυσ-

208 2248 272 2284 σεῖ
297 2243 359 2284 ἐπὶ
389 2240 457 2292 τὰς
483 2240 618 2284 Ἀνίου
636 2242 887 2295 θυγατέρας,
919 2244 962 2282 αἳ
989 2242 1055 2283 καὶ
1089 2240 1324 2296 Οἰνότροποι
1355 2242 1577 2283 ἐκαλοῦντο.
1631 2238 1656 2295 ἡ
1689 2240 1732 2282 δὲ

206 2310 354 2362 ἱστορία
384 2308 449 2349 καὶ
480 2305 587 2361 παρὰ
619 2309 824 2362 Σιμωνίδῃ
856 2307 905 2348 ἐν
935 2312 1038 2357 ταῖς
1068 2312 1328 2361 κατευχαῖς.
1389 2309 1498 2347 Haec
1524 2308 1732 2348 Schneide-

300 2424 359 2459 Fr.
386 2427 443 2459 23.
492 2422 680 2458 Plutarch.
712 2423 836 2460 Praec.
869 2423 922 2459 rei
953 2423 1056 2480 publ.
1089 2434 1164 2468 ger.
1197 2433 1227 2457 c.
1253 2426 1292 2457 2:
1325 2418 1451 2457 Πολλα
1484 2419 1526 2456 δὲ
1558 2417 1635 2457 ἀπὸ
1666 2421 1733 2466 τῆς

206 2469 318 2517 τύχης
350 2468 544 2526 αψάμενοι
575 2471 649 2505 τῶν
681 2470 819 2505 κοινῶν
851 2469 914 2505 καὶ
949 2468 1074 2505 αναπλ
1076 2469 1259 2515 ησθέντες
1290 2466 1418 2504 οὐκέτι
1449 2466 1588 2525 ῤἀδίως
1620 2464 1733 2503 απελ-

207 2522 296 2554 θεῖν
334 2515 535 2562 δυνανται,
578 2514 692 2552 ταύτὸ
732 2521 809 2558 τοῖς
847 2515 1004 2574 ἐμβᾶσιν
1043 2517 1097 2558 εἰς
1133 2520 1263 2552 πλοῖον
1308 2514 1448 2561 αἰώρας
1490 2513 1615 2560 χάριν,
1659 2512 1728 2551 εἶτ’

208 2563 513 2601 αποσπασθεῐσιν
540 2564 593 2605 εἰς
617 2563 779 2609 πέλαγος
812 2562 1067 2609 πεπονθότες,
1104 2563 1173 2607 ἔξω
1206 2562 1398 2619 βλέπουσι
1412 2563 1638 2602 ναυτιῶντες
1667 2563 1733 2598 καὶ

208 2610 494 2658 ταραττόμενοι,
527 2610 653 2658 μένειν
688 2611 729 2648 δε
762 2611 825 2647 καὶ
857 2612 1023 2657 χρῆσθαι
1052 2616 1128 2652 τοις
1158 2611 1344 2656 παροῦσιν
1376 2606 1546 2655 ἀνάγκην
1573 2608 1731 2655 ἔχοντες,

207 2661 375 2700 λευκᾶς
411 2663 484 2695 κτλ.
540 2660 643 2695 Haec
673 2659 861 2705 Xylander
892 2659 1070 2703 Pindaro,
1102 2658 1241 2694 rectius
1267 2656 1525 2694 Schneidewin
1550 2656 1732 2692 Simonidi

207 2707 357 2751 tribuit,
384 2718 454 2752 ego
474 2708 547 2742 huo
565 2707 688 2742 retuli.
710 2727 753 2732 -—-
773 2706 818 2742 V.
840 2710 872 2743 2.
898 2704 1088 2751 παράιξαν
1114 2706 1254 2751 scripsi,
1280 2705 1392 2749 vulgo
1417 2701 1617 2750 παρήισαν,
1643 2704 1732 2740 Her-

210 2766 321 2789 mann
352 2753 598 2799 παρέπεισαν.
625 2775 667 2779 -
695 2754 739 2789 V.
766 2758 798 2789 3.
830 2753 982 2794 κλαΐδος
1013 2753 1218 2796 Hermann,
1252 2765 1285 2789 v.
1317 2751 1478 2806 κληῖδος.
1503 2771 1548 2776 -
1580 2752 1732 2807 χαραξι-

210 2800 350 2836 πόντου
377 2801 577 2858 Xylanqer,
601 2802 798 2858 legebatur
822 2798 978 2857 χαράξει
1003 2797 1155 2845 πόντου,
1180 2781 1370 2835 Hermann
1394 2795 1534 2833 πόντου
1560 2795 1730 2856 χάραξιν,

209 2848 467 2937 {chneidewin
492 2845 737 2895 ευπρόσωπος
763 2846 862 2894 σφὰς
885 2849 1119 2894 παρακνίξας
1146 2828 1263 2893 ἶγέλως
1287 2845 1412 2886 ναΐαις
1436 2842 1610 2895 algidas&
1638 2841 1731 2891 ἆρά-

231 2907 265 2929 ει
290 2909 430 2931 ποντου
457 2899 532 2931 κτλ.
