1864 3126
233 100 322 141 494
528 131 530 134 .
796 98 988 156 POETAE
1013 98 1191 135 MELICI.

856 176 951 249 143.
984 207 1119 260 [200.]
1661 218 1751 250 1172

327 286 442 340 Τόξα
472 286 579 331 τάδε
610 287 846 344 πτολέμοιο
877 288 1133 344 πεπαυμένα
1166 287 1462 347 δακρυόεντος

382 360 476 418 νηῷ
506 357 747 414 Ἀθηναίης
776 366 914 401 κεῖται
945 356 1204 415 ὑπωρόφια,
1663 371 1752 404 1173

322 427 508 472 πολλάκι
541 427 596 485 δὴ
630 427 870 473 στονόεντα
900 427 1009 472 κατὰ
1041 427 1207 473 κλόνον
1239 430 1287 472 ἐν
1320 431 1398 472 δαῒ
1427 431 1590 485 φωτῶν

386 501 574 556 Περσῶν
607 498 869 556 ἱππομάχων
901 500 1050 556 αἵματι
1082 499 1346 556 λουσάμενα.

864 608 959 674 [44.
992 632 1126 684 [201]

334 710 462 756 Οὕτω
494 729 582 768 τοι,
614 715 742 769 μελία
772 711 934 768 ταναά,
964 712 1065 756 ποτὶ
1096 715 1228 756 κίονα
1259 711 1431 769 μακρόν

385 777 492 839 ἧσο,
525 786 792 841 πᾶνομφαίῳ
827 783 938 840 Ζηνὶ
970 780 1151 840 μένουσ’
1188 782 1301 840 ἱερά·

234 948 348 982 usque
375 937 424 972 ad
449 938 606 972 mortem
633 949 736 981 usus,
761 947 882 982 neque
907 937 978 972 hoc
1003 948 1121 982 neque
1148 949 1206 982 ep.
1228 941 1295 973 105
1320 936 1444 983 potuit
1462 947 1683 983 componere
1709 937 1756 973 cf.

233 996 329 1029 quae
361 995 472 1029 supra
502 997 537 1030 p.
564 987 633 1019 446
660 983 746 1020 dixi.
797 983 926 1019 Nihilo
958 984 1076 1019 secius
1107 985 1140 1019 is
1172 984 1236 1030 qui
1271 986 1412 1030 primus
1444 984 1644 1020 Simonidis
1676 983 1756 1030 epi—

234 1034 444 1076 grammata
475 1031 645 1076 collegit,
677 1033 874 1085 utrumque
905 1031 1124 1086 poemation·
1149 1031 1307 1086 recepit,
1321 1079 1328 1086 ι
1345 1032 1473 1078 itaque
1504 1031 1686 1068 Aristides
1717 1045 1756 1086 π.

234 1081 411 1171 {effa}
421 1090 519 1171 233?
529 1078 741 1165 v⁰0¹¹0¹31⁰1a³¹232
763 1077 1666 1170 giftffieiffiifflssgsski,a333553*310¹1}?313¹‘³1231¹1¹1220
1681 1078 1758 1161 {¹1¹3

234 1173 382 1208 criticos
402 1174 547 1208 veteres
567 1172 803 1217 derogavisse
818 1172 1050 1218 Simonidi*).
1082 1173 1125 1208 In
1144 1173 1294 1208 exordio
1314 1173 1483 1218 inprimis
1505 1173 1758 1218 memorabile,

234 1220 334 1265 quod
358 1222 472 1265 poeta
497 1220 683 1264 significat
708 1219 836 1254 Asiam
869 1221 907 1254 et
937 1219 1124 1264 Europam
1155 1219 1246 1255 olim
1271 1220 1466 1255 continuas
1491 1222 1621 1266 postea
1643 1220 1756 1255 inter·

231 1267 312 1302 fuso
338 1267 431 1302 mari
458 1267 635 1302 diremtas
661 1277 750 1310 esse,
775 1266 815 1301 id
840 1266 940 1311 quod
964 1266 1106 1301 Plinius
1131 1277 1277 1311 quoque
1302 1267 1347 1302 H.
1373 1267 1419 1302 N.
1446 1266 1479 1302 II
1505 1270 1573 1302 205
1598 1268 1757 1303 testatur

235 1317 400 1358 (mersam
418 1314 610 1359 Europam
628 1314 827 1359 Asiamque
849 1314 1075 1358 Propontide
1092 1317 1124 1349 et
1137 1314 1280 1359 Ponto).
1318 1315 1436 1350 Poeta
1460 1314 1576 1350 Ionici
1600 1313 1756 1350 alicuius

233 1361 445 1407 philosophi
470 1361 652 1407 placitum
677 1363 765 1396 tunc
789 1360 915 1396 nobile
949 1361 1133 1406 respicere
1164 1361 1329 1396 videtur:
1366 1362 1466 1406 quod
1497 1361 1530 1396 si
1553 1361 1757 1397 Archelaus

233 1408 395 1444 Cimonis
426 1407 623 1444 familiaris
654 1408 725 1443 hoc
758 1407 922 1453 elogium
957 1408 1105 1452 panxit,
1143 1407 1317 1443 coniicias
1355 1409 1453 1444 hunc
1490 1409 1647 1444 eundem
1678 1419 1759 1444 esse

236 1456 471 1499 Archelaum,
498 1467 607 1500 quem
629 1455 677 1490 ad.
695 1456 954 1500 Anaxogoram
976 1466 1014 1490 se
1034 1455 1281 1500 applicavisse
1302 1457 1458 1491 constat.
1502 1455 1534 1490 A
1554 1455 1755 1491 Simonidis

233 1503 383 1548 quidem
414 1506 493 1539 arte
525 1503 595 1538 hoc
630 1503 821 1547 abhorret,
853 1503 918 1537 sed
954 1502 1127 1538 convenit
1156 1503 1293 1547 poetis,
1333 1502 1398 1546 qui
1435 1503 1623 1538 subsecuti
1659 1503 1758 1546 sunt,

233 1550 494 1596 philosophiae
533 1550 656 1585 studio
694 1553 783 1585 tunc
815 1549 972 1584 Athenis
1010 1549 1178 1595 vigentez
1218 1549 1458 1585 manifestum
1496 1551 1758 1585 documentum

237 1597 548 1643 deprehendimus
573 1597 611 1632 in
637 1608 765 1632 eorum
790 1597 931 1642 elogio,
960 1596 1024 1641 qui
1042 1598 1090 1632 ad
1110 1596 1326 1632 Potidaeam
1347 1597 1614 1632 occubuerunt:
1640 1593 1759 1642 αἰθὴρ

233 1643 302 1689 μὲν
339 1642 466 1690 ψυχὰς
502 1641 731 1688 ὑπεδέξατο,
770 1641 922 1689 σώματα
955 1642 998 1679 δὲ
1030 1641 1154 1689 χθώνε
1185 1644 1256 1679 hoc
1288 1644 1387 1679 enim
1424 1644 1621 1690 placitum,
1659 1644 1758 1688 quod

233 1694 364 1736 postea
388 1692 584 1737 Euripides
615 1691 655 1726 in
686 1702 797 1726 scena
828 1702 945 1736 usque
977 1691 1206 1735 decantavit,
1245 1702 1290 1726 ex
1315 1690 1556 1736 Anaxogorae
1590 1691 1760 1726 doctrina

234 1739 496 1784 repetendum,
535 1739 638 1774 cuius
677 1738 809 1774 studiis
842 1738 1006 1774 scenicus
1037 1738 1282 1784 philosophus
1321 1738 1376 1774 Ol.
1409 1742 1453 1774 87
1491 1738 1654 1774 nondum
1686 1738 1759 1774 fuit

234 1786 415 1823 initiatus.
928 1803 935 1812 ·-

327 1845 453 1891 Epigr.
481 1849 558 1880 143.
603 1846 716 1880 Anth.
743 1845 824 1880 Pal.
850 1844 902 1880 VI
927 1849 971 1880 2:
998 1846 1030 1879 A
1054 1846 1340 1890 Σιμωνίδου·
1368 1845 1394 1880 C
1421 1842 1484 1880 ἐπὶ
1514 1842 1637 1887 τόξοις
1667 1841 1759 1879 ἀνα-

234 1895 403 1928 τεθεῖσιν
430 1889 471 1928 ἐν
496 1892 546 1938 τῷ
572 1891 637 1948 τῆς
658 1888 817 1936 Ἀθηνᾶς
841 1891 932 1939 ναῷ.
976 1892 1102 1927 Etiam
1127 1892 1208 1927 cod.
1233 1892 1314 1929 Par.
1341 1893 1568 1937 Σιμωνίδου.
1597 1912 1637 1917 —-·
1666 1890 1711 1928 V.
1726 1895 1756 1928 1.

234 1938 338 1984 τόξα,
362 1939 534 1975 Meineke
558 1941 695 1974 θωπλα
722 1939 898 1982 coniecit,
924 1938 1100 1982 quoniam
1123 1939 1218 1974 nulli
1237 1939 1460 1975 Graecorum
1479 1938 1619 1975 fuerint
1643 1938 1758 1984 sagit-

234 1987 336 2022 tarii:
381 1988 422 2021 at
466 1987 572 2021 erant
614 1985 901 2021 Atheniensibus
940 1985 1144 2030 sagittarii,
1187 1987 1229 2021 ut
1274 1985 1589 2031 locupletissimus
1627 1987 1758 2020 auctor

235 2034 441 2079 Aeschylus
477 2033 516 2068 in
547 2032 669 2068 Persis
703 2036 772 2068 460
802 2034 980 2075 testatum
1020 2032 1107 2068 hinc
1137 2032 1341 2068 Pausanias
1372 2044 1430 2078 ap.
1457 2032 1593 2068 Herod.
1618 2031 1670 2066 lx
1695 2035 1756 2068 60:

235 2078 342 2126 ὑμεῖς
373 2077 410 2115 δ’
447 2077 535 2126 ἡμῖν
566 2077 653 2121 τοὺς
684 2077 836 2123 τοξότας
871 2077 1167 2125 ἀποπέμψαντες
1191 2077 1301 2125 χάριν
1325 2079 1460 2116 θέσθε.
1510 2074 1611 2115 idem
1636 2078 1688 2113 IX
1712 2083 1758 2114 22

235 2129 363 2164 narrat
388 2128 548 2164 selectos
572 2128 758 2163 trecentos
777 2126 1061 2163 Atheniensium
1088 2127 1180 2162 duce
1200 2127 1466 2173 Olympiodoro
1492 2125 1675 2162 adiunctis
1699 2137 1757 2162 sa-

234 2174 398 2221 gittariis
424 2172 525 2221 (τοὺς
550 2172 705 2218 τοξότας
728 2174 1011 2220 προσελόμενοι)
1032 2174 1207 2210 adversus
1226 2173 1423 2210 Persarum
1442 2173 1586 2219 equites
1613 2184 1759 2219 pugna-

235 2223 330 2258 visse
368 2225 407 2258 et
443 2221 651 2258 Masistium
687 2221 933 2265 interfecisse,
978 2221 1081 2257 cuius
1125 2221 1241 2257 lorica
1275 2221 1433 2257 Athenis
1469 2221 1660 2257 visebatur
1696 2219 1758 2264 (cf.

236 2270 387 2306 Boeckh
413 2269 498 2305 Oec.
521 2269 557 2303 H
579 2271 670 2314 168).
720 2269 822 2304 Haec
846 2269 964 2314 igitur
988 2269 1182 2304 commode
1206 2269 1278 2304 hoc
1303 2268 1533 2314 epigramma
1556 2267 1759 2312 illustrant,

237 2317 338 2362 quod
351 2317 452 2352 haud
465 2316 575 2352 dubie
590 2317 638 2352 ad
651 2316 935 2351 Atheniensium
949 2315 1142 2351 donarium
1161 2315 1404 2351 referendum.
1441 2314 1547 2350 Adde
1565 2315 1761 2360 praeterea

236 2365 282 2400 de
307 2364 510 2410 sagittariis
534 2364 632 2399 Plut.
653 2363 764 2399 Thes.
784 2374 813 2398 c.
836 2367 890 2398 14.
913 2384 957 2389 —
978 2363 1020 2398 V.
1042 2367 1076 2398 2.
1098 2360 1295 2408 Ἀθηναίης
1318 2363 1398 2398 cod.
1419 2374 1543 2408 supra,
1568 2362 1634 2398 sed
1657 2373 1682 2397 a
1703 2373 1758 2406 pr.

237 2423 350 2447 manu
371 2408 586 2457 Ἅθηναίαι,
611 2411 924 2455 quemadmodum
950 2411 1030 2446 cod.
1057 2411 1150 2455 Par„
1176 2407 1230 2445 ὑπ
1255 2411 1450 2455 Αθηναίης
1468 2410 1572 2445 Plan.
1593 2429 1637 2434 —-
1657 2405 1758 2443 ὁπω-

235 2457 380 2542 ῗίόφέαἰ·
397 2455 722 2541 ὑπρέρόφιαᾶᾶοοᾶ.
744 2457 822 2540 Ptal.
844 2460 884 2493 et
901 2457 984 2492 Par.
1005 2478 1049 2483 —
1070 2457 1409 2493 Demonstrativum
1436 2467 1586 2492 carmen
1609 2455 1758 2492 videtur

271 2517 306 2541 ai
334 2517 353 2542 e
370 2517 424 2551 ιο,
449 2518 463 2541 1
505 2516 577 2550 que
650 2517 792 2551 punxi.

329 2564 455 2610 Epigr.
472 2567 549 2600 144.
583 2564 695 2599 Anth.
717 2563 794 2599 Pal.
809 2563 858 2599 VI
880 2567 942 2599 52:
969 2564 1001 2598 A
1018 2560 1207 2624 Ἀνάθημα
1233 2564 1283 2612 τῷ
1303 2563 1370 2599 Διῒ
1391 2560 1494 2609 παρὰ
1515 2558 1758 2607 στρατιώτου·

236 2613 508 2659 Σιμωνίδου.
536 2631 579 2637 -
606 2611 650 2647 V.
673 2616 690 2646 1
712 2612 751 2646 et
770 2615 790 2646 2
816 2611 925 2647 affert
951 2611 1050 2646 Suid.
1077 2622 1111 2646 v.
1138 2622 1224 2656 ησο,
1249 2623 1283 2647 v.
1309 2611 1466 2655 Μελίαι,
1490 2622 1524 2645 v.
1546 2605 1692 2653 Ταναή.
1715 2628 1758 2635 -—

237 2661 345 2705 μελία
369 2657 505 2704 ταναά,
529 2658 633 2694 Plan.
659 2658 779 2693 Iriart.
801 2662 856 2693 94.
883 2659 989 2703 μελίη
1014 2656 1145 2703 ταναή.
1174 2679 1217 2684 --
1242 2658 1339 2702 ποτὶ,
1365 2657 1465 2693 Suid.
1490 2669 1524 2694 v,
1550 2653 1671 2701 ταναή
1696 2666 1757 2691 ex—

245 2831 262 2844 „
334 2791 368 2835 *)
402 2788 504 2826 Corri
533 2787 669 2825 endum
699 2787 847 2826 videtur
878 2783 979 2835 ὅμως
1009 2783 1175 2835 ὕμνησεν
1206 2784 1332 2825 αὐτῶν
1363 2785 1428 2829 εἷς
1457 2799 1525 2827 τις
1554 2786 1675 2822 ταῦτα
1698 2783 1754 2822 τὰ

240 2848 407 2881 υστερον,
431 2838 515 2882 lege
544 2839 629 2873 atur
654 2833 754 2883 ὅμως
777 2850 832 2877 τις
857 2833 891 2871 ὗ.
918 2833 999 2872 adv.
1026 2835 1080 2877 εἰς
1104 2837 1223 2872 ταῦτα
1248 2833 1303 2871 ῧσ.
