<?xml version="1.0" encoding="UTF-8"?>
<!DOCTYPE html PUBLIC "-//W3C//DTD XHTML 1.0 Transitional//EN"
    "http://www.w3.org/TR/xhtml1/DTD/xhtml1-transitional.dtd">
<html xmlns="http://www.w3.org/1999/xhtml" xml:lang="en" lang="en">
 <head>
  <title>
</title>
<meta http-equiv="Content-Type" content="text/html;charset=utf-8" />
  <meta name='ocr-system' content='tesseract 3.04.00' />
  <meta name='ocr-capabilities' content='ocr_page ocr_carea ocr_par ocr_line ocrx_word'/>
</head>
<body>
  <div class='ocr_page' id='page_1' title='image "./poetaelyricigrae03berguoft_0434.png"; bbox 0 0 1864 3126; ppageno 0'>
   <div class='ocr_carea' id='block_1_1' title="bbox 216 89 1171 135">
    <p class='ocr_par' dir='ltr' id='par_1_1' title="bbox 216 89 1171 135">
     <span class='ocr_line' id='line_1_1' title="bbox 216 89 1171 135; baseline 0.001 -4"><span class='ocrx_word' id='word_1_1' title='bbox 216 89 304 131; x_wconf 80' lang='grc'>424</span> <span class='ocrx_word' id='word_1_2' title='bbox 525 130 527 135; x_wconf 84' lang='grc'><em>,</em></span> <span class='ocrx_word' id='word_1_3' title='bbox 608 95 610 99; x_wconf 85' lang='grc'><strong>“</strong></span> <span class='ocrx_word' id='word_1_4' title='bbox 777 93 967 129; x_wconf 83' lang='lat' dir='ltr'>POETAE</span> <span class='ocrx_word' id='word_1_5' title='bbox 993 95 1142 132; x_wconf 85' lang='lat' dir='ltr'>MELIC</span> <span class='ocrx_word' id='word_1_6' title='bbox 1148 97 1171 132; x_wconf 92' lang='lat' dir='ltr'>I.</span> 
     </span>
    </p>
   </div>
   <div class='ocr_carea' id='block_1_2' title="bbox 215 198 1742 1345">
    <p class='ocr_par' dir='ltr' id='par_1_2' title="bbox 215 198 1742 1345">
     <span class='ocr_line' id='line_1_2' title="bbox 217 198 1738 262; baseline 0.008 -23"><span class='ocrx_word' id='word_1_7' title='bbox 217 198 347 240; x_wconf 82' lang='grc' dir='ltr'><em>αὐτῶν</em></span> <span class='ocrx_word' id='word_1_8' title='bbox 378 200 590 260; x_wconf 81' lang='grc' dir='ltr'><em>μέμνηνται</em></span> <span class='ocrx_word' id='word_1_9' title='bbox 629 199 843 255; x_wconf 70' lang='grc' dir='ltr'><em>ἀμφότεροι</em></span> <span class='ocrx_word' id='word_1_10' title='bbox 879 201 1075 258; x_wconf 73' lang='grc' dir='ltr'><em>πράξεων·</em></span> <span class='ocrx_word' id='word_1_11' title='bbox 1112 205 1179 245; x_wconf 79' lang='grc' dir='ltr'>καὶ</span> <span class='ocrx_word' id='word_1_12' title='bbox 1214 204 1288 260; x_wconf 70' lang='grc' dir='ltr'><em>γὰρ</em></span> <span class='ocrx_word' id='word_1_13' title='bbox 1323 209 1551 261; x_wconf 80' lang='grc' dir='ltr'><em>Σιμωνίδης</em></span> <span class='ocrx_word' id='word_1_14' title='bbox 1586 206 1658 262; x_wconf 81' lang='grc' dir='ltr'>τὴν</span> <span class='ocrx_word' id='word_1_15' title='bbox 1694 210 1738 251; x_wconf 72' lang='grc' dir='ltr'>ἐν</span> 
     </span>
     <span class='ocr_line' id='line_1_3' title="bbox 216 266 1736 327; baseline 0.008 -24"><span class='ocrx_word' id='word_1_16' title='bbox 216 268 411 317; x_wconf 82' lang='grc' dir='ltr'><em>Σαλαμῖνι</em></span> <span class='ocrx_word' id='word_1_17' title='bbox 442 267 665 319; x_wconf 77' lang='grc' dir='ltr'><strong><em>ναυμαχίαν</em></strong></span> <span class='ocrx_word' id='word_1_18' title='bbox 695 266 884 321; x_wconf 75' lang='grc' dir='ltr'><em>γέγραφε,</em></span> <span class='ocrx_word' id='word_1_19' title='bbox 922 267 987 308; x_wconf 83' lang='grc' dir='ltr'>καὶ</span> <span class='ocrx_word' id='word_1_20' title='bbox 1024 270 1227 323; x_wconf 83' lang='grc' dir='ltr'><em>Πίνδαρος</em></span> <span class='ocrx_word' id='word_1_21' title='bbox 1264 270 1450 324; x_wconf 74' lang='grc' dir='ltr'><em>μέμνηται</em></span> <span class='ocrx_word' id='word_1_22' title='bbox 1486 276 1554 325; x_wconf 84' lang='grc' dir='ltr'>τῆς</span> <span class='ocrx_word' id='word_1_23' title='bbox 1589 272 1736 327; x_wconf 81' lang='grc' dir='ltr'><strong><em>Ξέρξου</em></strong></span> 
     </span>
     <span class='ocr_line' id='line_1_4' title="bbox 217 331 1738 385; baseline 0.007 -17"><span class='ocrx_word' id='word_1_24' title='bbox 217 331 430 382; x_wconf 78' lang='grc' dir='ltr'><em>βασιλείας,</em></span> <span class='ocrx_word' id='word_1_25' title='bbox 463 332 568 382; x_wconf 91' lang='lat' dir='ltr'>quod</span> <span class='ocrx_word' id='word_1_26' title='bbox 598 346 849 384; x_wconf 82' lang='lat' dir='ltr'>nequaquam</span> <span class='ocrx_word' id='word_1_27' title='bbox 880 334 938 372; x_wconf 87' lang='lat' dir='ltr'>ita</span> <span class='ocrx_word' id='word_1_28' title='bbox 970 335 1262 385; x_wconf 84' lang='lat' dir='ltr'>explicandum,</span> <span class='ocrx_word' id='word_1_29' title='bbox 1301 349 1346 375; x_wconf 87' lang='lat' dir='ltr'>ac</span> <span class='ocrx_word' id='word_1_30' title='bbox 1387 337 1420 375; x_wconf 89' lang='lat' dir='ltr'>si</span> <span class='ocrx_word' id='word_1_31' title='bbox 1451 337 1647 378; x_wconf 83' lang='lat' dir='ltr'>Pindarus</span> <span class='ocrx_word' id='word_1_32' title='bbox 1679 340 1738 379; x_wconf 90' lang='lat' dir='ltr'>Si-</span> 
     </span>
     <span class='ocr_line' id='line_1_5' title="bbox 216 396 1738 448; baseline 0.007 -15"><span class='ocrx_word' id='word_1_33' title='bbox 216 396 385 434; x_wconf 88' lang='lat' dir='ltr'>monidis</span> <span class='ocrx_word' id='word_1_34' title='bbox 429 397 590 447; x_wconf 87' lang='lat' dir='ltr'>aliquod</span> <span class='ocrx_word' id='word_1_35' title='bbox 622 410 780 437; x_wconf 89' lang='lat' dir='ltr'>carmen</span> <span class='ocrx_word' id='word_1_36' title='bbox 823 399 1054 448; x_wconf 72' lang='lat' dir='ltr'><strong>respexerit.</strong></span> <span class='ocrx_word' id='word_1_37' title='bbox 1117 399 1268 439; x_wconf 82' lang='lat' dir='ltr'>Deinde</span> <span class='ocrx_word' id='word_1_38' title='bbox 1312 404 1446 440; x_wconf 90' lang='lat' dir='ltr'>autem</span> <span class='ocrx_word' id='word_1_39' title='bbox 1489 405 1627 442; x_wconf 78' lang='lat' dir='ltr'>auctor</span> <span class='ocrx_word' id='word_1_40' title='bbox 1667 405 1738 445; x_wconf 89' lang='lat' dir='ltr'>ille</span> 
     </span>
     <span class='ocr_line' id='line_1_6' title="bbox 218 460 1739 520; baseline 0.007 -22"><span class='ocrx_word' id='word_1_41' title='bbox 218 460 429 499; x_wconf 82' lang='lat' dir='ltr'>Simonidis</span> <span class='ocrx_word' id='word_1_42' title='bbox 468 463 660 513; x_wconf 85' lang='lat' dir='ltr'>carmina,</span> <span class='ocrx_word' id='word_1_43' title='bbox 699 476 798 513; x_wconf 88' lang='lat' dir='ltr'>quae</span> <span class='ocrx_word' id='word_1_44' title='bbox 842 464 884 501; x_wconf 90' lang='lat' dir='ltr'>in</span> <span class='ocrx_word' id='word_1_45' title='bbox 926 464 1157 503; x_wconf 88' lang='lat' dir='ltr'>universum</span> <span class='ocrx_word' id='word_1_46' title='bbox 1201 465 1335 504; x_wconf 89' lang='lat' dir='ltr'>dorica</span> <span class='ocrx_word' id='word_1_47' title='bbox 1378 466 1546 506; x_wconf 89' lang='lat' dir='ltr'>dialecto</span> <span class='ocrx_word' id='word_1_48' title='bbox 1577 464 1739 520; x_wconf 78' lang='lat' dir='ltr'>&#39;scripta</span> 
     </span>
     <span class='ocr_line' id='line_1_7' title="bbox 218 525 1739 584; baseline 0.006 -21"><span class='ocrx_word' id='word_1_49' title='bbox 218 537 304 563; x_wconf 89' lang='lat' dir='ltr'>esse</span> <span class='ocrx_word' id='word_1_50' title='bbox 337 525 453 576; x_wconf 85' lang='lat' dir='ltr'>dixit,</span> <span class='ocrx_word' id='word_1_51' title='bbox 485 531 750 576; x_wconf 71' lang='lat' dir='ltr'>recensuerat,</span> <span class='ocrx_word' id='word_1_52' title='bbox 788 529 830 566; x_wconf 91' lang='lat' dir='ltr'>in</span> <span class='ocrx_word' id='word_1_53' title='bbox 866 528 928 566; x_wconf 89' lang='lat' dir='ltr'>his</span> <span class='ocrx_word' id='word_1_54' title='bbox 967 528 1087 567; x_wconf 89' lang='lat' dir='ltr'>etiam</span> <span class='ocrx_word' id='word_1_55' title='bbox 1127 530 1203 568; x_wconf 89' lang='lat' dir='ltr'>duo</span> <span class='ocrx_word' id='word_1_56' title='bbox 1242 531 1433 579; x_wconf 86' lang='lat' dir='ltr'>carmina,</span> <span class='ocrx_word' id='word_1_57' title='bbox 1464 531 1609 581; x_wconf 89' lang='lat' dir='ltr'>quibus</span> <span class='ocrx_word' id='word_1_58' title='bbox 1645 546 1739 584; x_wconf 92' lang='lat' dir='ltr'>poe-</span> 
     </span>
     <span class='ocr_line' id='line_1_8' title="bbox 218 590 1740 645; baseline 0.007 -18"><span class='ocrx_word' id='word_1_59' title='bbox 218 592 258 627; x_wconf 79' lang='lat' dir='ltr'>ta</span> <span class='ocrx_word' id='word_1_60' title='bbox 295 590 482 629; x_wconf 87' lang='lat' dir='ltr'>victorias</span> <span class='ocrx_word' id='word_1_61' title='bbox 520 593 683 631; x_wconf 86' lang='lat' dir='ltr'>navales</span> <span class='ocrx_word' id='word_1_62' title='bbox 715 593 765 631; x_wconf 88' lang='lat' dir='ltr'>ad</span> <span class='ocrx_word' id='word_1_63' title='bbox 801 593 1064 632; x_wconf 88' lang='lat' dir='ltr'>Artemisium</span> <span class='ocrx_word' id='word_1_64' title='bbox 1102 597 1144 632; x_wconf 91' lang='lat' dir='ltr'>et</span> <span class='ocrx_word' id='word_1_65' title='bbox 1181 594 1381 633; x_wconf 80' lang='lat' dir='ltr'>Salamina</span> <span class='ocrx_word' id='word_1_66' title='bbox 1417 598 1642 645; x_wconf 74' lang='lat' dir='ltr'>reportatas</span> <span class='ocrx_word' id='word_1_67' title='bbox 1681 610 1740 638; x_wconf 89' lang='lat' dir='ltr'>ce-</span> 
     </span>
     <span class='ocr_line' id='line_1_9' title="bbox 218 655 1734 707; baseline 0.006 -15"><span class='ocrx_word' id='word_1_68' title='bbox 218 655 461 693; x_wconf 86' lang='lat' dir='ltr'>lebraverat:</span> <span class='ocrx_word' id='word_1_69' title='bbox 503 656 603 694; x_wconf 88' lang='lat' dir='ltr'>illud</span> <span class='ocrx_word' id='word_1_70' title='bbox 644 659 751 696; x_wconf 87' lang='lat' dir='ltr'>certo</span> <span class='ocrx_word' id='word_1_71' title='bbox 793 658 958 707; x_wconf 87' lang='lat' dir='ltr'>colligas</span> <span class='ocrx_word' id='word_1_72' title='bbox 997 671 1043 697; x_wconf 83' lang='lat' dir='ltr'>ex</span> <span class='ocrx_word' id='word_1_73' title='bbox 1084 658 1157 696; x_wconf 89' lang='lat' dir='ltr'>hoc</span> <span class='ocrx_word' id='word_1_74' title='bbox 1187 659 1272 698; x_wconf 93' lang='lat' dir='ltr'>loco</span> <span class='ocrx_word' id='word_1_75' title='bbox 1304 659 1401 699; x_wconf 89' lang='lat' dir='ltr'>haec</span> <span class='ocrx_word' id='word_1_76' title='bbox 1444 661 1618 700; x_wconf 84' lang='lat' dir='ltr'>carmina</span> <span class='ocrx_word' id='word_1_77' title='bbox 1657 661 1734 701; x_wconf 87' lang='lat' dir='ltr'>dis-</span> 
     </span>
     <span class='ocr_line' id='line_1_10' title="bbox 218 719 1738 781; baseline 0.006 -24"><span class='ocrx_word' id='word_1_78' title='bbox 218 720 305 768; x_wconf 87' lang='lat' dir='ltr'>pari</span> <span class='ocrx_word' id='word_1_79' title='bbox 352 720 476 758; x_wconf 84' lang='lat' dir='ltr'>suisse</span> <span class='ocrx_word' id='word_1_80' title='bbox 520 721 671 760; x_wconf 86' lang='lat' dir='ltr'>forma:</span> <span class='ocrx_word' id='word_1_81' title='bbox 729 723 808 760; x_wconf 87' lang='lat' dir='ltr'>iam</span> <span class='ocrx_word' id='word_1_82' title='bbox 857 735 945 760; x_wconf 87' lang='lat' dir='ltr'>cum</span> <span class='ocrx_word' id='word_1_83' title='bbox 990 734 1149 761; x_wconf 87' lang='lat' dir='ltr'>carmen</span> <span class='ocrx_word' id='word_1_84' title='bbox 1191 723 1245 771; x_wconf 83' lang='grc' dir='ltr'>εἰς</span> <span class='ocrx_word' id='word_1_85' title='bbox 1297 719 1370 775; x_wconf 86' lang='grc' dir='ltr'>τὴν</span> <span class='ocrx_word' id='word_1_86' title='bbox 1412 720 1475 763; x_wconf 79' lang='grc' dir='ltr'><em>ἐπ’</em></span> <span class='ocrx_word' id='word_1_87' title='bbox 1517 721 1738 781; x_wconf 76' lang='grc' dir='ltr'><em>Ἀρτεμισίῳ</em></span> 
     </span>
     <span class='ocr_line' id='line_1_11' title="bbox 218 784 1742 842; baseline 0.005 -20"><span class='ocrx_word' id='word_1_88' title='bbox 218 784 437 835; x_wconf 87' lang='grc' dir='ltr'><em>ναυμαχίαν</em></span> <span class='ocrx_word' id='word_1_89' title='bbox 476 787 654 829; x_wconf 77' lang='lat' dir='ltr'>melicum</span> <span class='ocrx_word' id='word_1_90' title='bbox 695 787 819 826; x_wconf 86' lang='lat' dir='ltr'>fuisse</span> <span class='ocrx_word' id='word_1_91' title='bbox 858 789 1029 838; x_wconf 88' lang='lat' dir='ltr'>constet,</span> <span class='ocrx_word' id='word_1_92' title='bbox 1071 788 1252 838; x_wconf 89' lang='lat' dir='ltr'>sequitur</span> <span class='ocrx_word' id='word_1_93' title='bbox 1296 802 1454 828; x_wconf 90' lang='lat' dir='ltr'>carmen</span> <span class='ocrx_word' id='word_1_94' title='bbox 1494 789 1548 837; x_wconf 85' lang='grc' dir='ltr'>εἰς</span> <span class='ocrx_word' id='word_1_95' title='bbox 1586 786 1659 842; x_wconf 85' lang='grc' dir='ltr'>τὴν</span> <span class='ocrx_word' id='word_1_96' title='bbox 1698 789 1742 830; x_wconf 83' lang='grc' dir='ltr'>ἕν</span> 
     </span>
     <span class='ocr_line' id='line_1_12' title="bbox 217 851 1739 904; baseline 0.005 -17"><span class='ocrx_word' id='word_1_97' title='bbox 217 851 412 900; x_wconf 85' lang='grc' dir='ltr'><em>Σαλαμῖνι</em></span> <span class='ocrx_word' id='word_1_98' title='bbox 456 851 678 902; x_wconf 85' lang='grc' dir='ltr'><em>ναυμαχίαν</em></span> <span class='ocrx_word' id='word_1_99' title='bbox 711 853 916 901; x_wconf 72' lang='lat' dir='ltr'>eleyiacum</span> <span class='ocrx_word' id='word_1_100' title='bbox 952 851 1092 890; x_wconf 88' lang='lat' dir='ltr'>fuisse:</span> <span class='ocrx_word' id='word_1_101' title='bbox 1125 852 1260 902; x_wconf 89' lang='lat' dir='ltr'>itaque</span> <span class='ocrx_word' id='word_1_102' title='bbox 1290 853 1379 903; x_wconf 90' lang='lat' dir='ltr'>ille,</span> <span class='ocrx_word' id='word_1_103' title='bbox 1411 866 1528 903; x_wconf 90' lang='lat' dir='ltr'>quem</span> <span class='ocrx_word' id='word_1_104' title='bbox 1559 856 1739 904; x_wconf 87' lang='lat' dir='ltr'>sequitur</span> 
     </span>
     <span class='ocr_line' id='line_1_13' title="bbox 218 912 1741 971; baseline 0.004 -19"><span class='ocrx_word' id='word_1_105' title='bbox 218 914 376 964; x_wconf 88' lang='lat' dir='ltr'>Suidas,</span> <span class='ocrx_word' id='word_1_106' title='bbox 425 915 658 965; x_wconf 74' lang='lat' dir='ltr'>scripserat:</span> <span class='ocrx_word' id='word_1_107' title='bbox 711 915 778 955; x_wconf 80' lang='grc' dir='ltr'>καὶ</span> <span class='ocrx_word' id='word_1_108' title='bbox 823 912 847 968; x_wconf 82' lang='grc' dir='ltr'>ἡ</span> <span class='ocrx_word' id='word_1_109' title='bbox 896 912 963 955; x_wconf 82' lang='grc' dir='ltr'><em>ἐπ’</em></span> <span class='ocrx_word' id='word_1_110' title='bbox 1010 912 1232 971; x_wconf 80' lang='grc' dir='ltr'><em>Ἀρτεμισίῳ</em></span> <span class='ocrx_word' id='word_1_111' title='bbox 1279 917 1476 969; x_wconf 86' lang='grc' dir='ltr'><em>ναυμαχία</em></span> <span class='ocrx_word' id='word_1_112' title='bbox 1523 921 1741 970; x_wconf 80' lang='grc' dir='ltr'><em>μελικῶς,</em></span> 
     </span>
     <span class='ocr_line' id='line_1_14' title="bbox 215 972 1739 1034; baseline 0.005 -18"><span class='ocrx_word' id='word_1_113' title='bbox 215 974 240 1030; x_wconf 83' lang='grc' dir='ltr'><em>ἡ</em></span> <span class='ocrx_word' id='word_1_114' title='bbox 284 972 322 1017; x_wconf 82' lang='grc' dir='ltr'>δ’</span> <span class='ocrx_word' id='word_1_115' title='bbox 370 978 412 1018; x_wconf 84' lang='grc' dir='ltr'>ἕν</span> <span class='ocrx_word' id='word_1_116' title='bbox 449 981 645 1031; x_wconf 82' lang='grc' dir='ltr'><em>Σαλαμῖνι</em></span> <span class='ocrx_word' id='word_1_117' title='bbox 688 977 740 1020; x_wconf 78' lang='grc' dir='ltr'><em>δι’</em></span> <span class='ocrx_word' id='word_1_118' title='bbox 788 980 1008 1034; x_wconf 82' lang='grc' dir='ltr'><em>ἐλεγείας.</em></span> <span class='ocrx_word' id='word_1_119' title='bbox 1068 982 1152 1021; x_wconf 87' lang='lat' dir='ltr'>Hoc</span> <span class='ocrx_word' id='word_1_120' title='bbox 1194 995 1350 1032; x_wconf 89' lang='lat' dir='ltr'>quoque</span> <span class='ocrx_word' id='word_1_121' title='bbox 1393 995 1562 1032; x_wconf 89' lang='lat' dir='ltr'>carmen,</span> <span class='ocrx_word' id='word_1_122' title='bbox 1605 997 1739 1034; x_wconf 88' lang='lat' dir='ltr'>quem·</span> 
     </span>
     <span class='ocr_line' id='line_1_15' title="bbox 216 1044 1737 1097; baseline 0.003 -15"><span class='ocrx_word' id='word_1_123' title='bbox 216 1044 427 1083; x_wconf 86' lang='lat' dir='ltr'>admodum</span> <span class='ocrx_word' id='word_1_124' title='bbox 457 1045 498 1082; x_wconf 90' lang='lat' dir='ltr'>id</span> <span class='ocrx_word' id='word_1_125' title='bbox 529 1046 633 1095; x_wconf 91' lang='lat' dir='ltr'>quod</span> <span class='ocrx_word' id='word_1_126' title='bbox 664 1047 868 1096; x_wconf 88' lang='lat' dir='ltr'>praecedit</span> <span class='ocrx_word' id='word_1_127' title='bbox 898 1048 939 1085; x_wconf 90' lang='lat' dir='ltr'>et</span> <span class='ocrx_word' id='word_1_128' title='bbox 971 1049 1016 1086; x_wconf 91' lang='lat' dir='ltr'>ut</span> <span class='ocrx_word' id='word_1_129' title='bbox 1054 1047 1195 1096; x_wconf 90' lang='lat' dir='ltr'>opinor</span> <span class='ocrx_word' id='word_1_130' title='bbox 1227 1047 1332 1096; x_wconf 91' lang='lat' dir='ltr'>quod</span> <span class='ocrx_word' id='word_1_131' title='bbox 1371 1048 1566 1097; x_wconf 90' lang='lat' dir='ltr'>sequitur,</span> <span class='ocrx_word' id='word_1_132' title='bbox 1605 1047 1737 1087; x_wconf 88' lang='lat' dir='ltr'>condi-</span> 
     </span>
     <span class='ocr_line' id='line_1_16' title="bbox 216 1110 1740 1164; baseline 0.005 -19"><span class='ocrx_word' id='word_1_133' title='bbox 216 1112 314 1159; x_wconf 87' lang='lat' dir='ltr'>tum,</span> <span class='ocrx_word' id='word_1_134' title='bbox 347 1122 436 1147; x_wconf 89' lang='lat' dir='ltr'>cum</span> <span class='ocrx_word' id='word_1_135' title='bbox 472 1110 737 1150; x_wconf 71' lang='lat' dir='ltr'>Athenienses</span> <span class='ocrx_word' id='word_1_136' title='bbox 781 1112 910 1161; x_wconf 88' lang='lat' dir='ltr'>patrio</span> <span class='ocrx_word' id='word_1_137' title='bbox 954 1124 1064 1150; x_wconf 87' lang='lat' dir='ltr'>more</span> <span class='ocrx_word' id='word_1_138' title='bbox 1107 1112 1213 1150; x_wconf 87' lang='lat' dir='ltr'>iusta</span> <span class='ocrx_word' id='word_1_139' title='bbox 1259 1112 1533 1161; x_wconf 83' lang='lat' dir='ltr'>persolverent</span> <span class='ocrx_word' id='word_1_140' title='bbox 1575 1113 1740 1164; x_wconf 85' lang='lat' dir='ltr'>civibus,</span> 
     </span>
     <span class='ocr_line' id='line_1_17' title="bbox 217 1173 1739 1226; baseline 0.004 -15"><span class='ocrx_word' id='word_1_141' title='bbox 217 1174 285 1222; x_wconf 86' lang='lat' dir='ltr'>qui</span> <span class='ocrx_word' id='word_1_142' title='bbox 315 1173 357 1211; x_wconf 92' lang='lat' dir='ltr'>in</span> <span class='ocrx_word' id='word_1_143' title='bbox 389 1174 493 1212; x_wconf 92' lang='lat' dir='ltr'>bello</span> <span class='ocrx_word' id='word_1_144' title='bbox 526 1174 761 1214; x_wconf 87' lang='lat' dir='ltr'>ceciderant.</span> <span class='ocrx_word' id='word_1_145' title='bbox 822 1175 1009 1215; x_wconf 83' lang='lat' dir='ltr'>Fortasse</span> <span class='ocrx_word' id='word_1_146' title='bbox 1039 1179 1135 1215; x_wconf 87' lang='lat' dir='ltr'>tunc</span> <span class='ocrx_word' id='word_1_147' title='bbox 1166 1188 1247 1215; x_wconf 89' lang='lat' dir='ltr'>non</span> <span class='ocrx_word' id='word_1_148' title='bbox 1281 1179 1326 1215; x_wconf 90' lang='lat' dir='ltr'>ut</span> <span class='ocrx_word' id='word_1_149' title='bbox 1356 1177 1488 1226; x_wconf 87' lang='lat' dir='ltr'>priore</span> <span class='ocrx_word' id='word_1_150' title='bbox 1521 1177 1624 1217; x_wconf 92' lang='lat' dir='ltr'>bello</span> <span class='ocrx_word' id='word_1_151' title='bbox 1655 1191 1739 1217; x_wconf 88' lang='lat' dir='ltr'>cer-</span> 
     </span>
     <span class='ocr_line' id='line_1_18' title="bbox 218 1239 1741 1291; baseline 0.004 -15"><span class='ocrx_word' id='word_1_152' title='bbox 218 1245 352 1276; x_wconf 88' lang='lat' dir='ltr'>tamen</span> <span class='ocrx_word' id='word_1_153' title='bbox 376 1241 584 1288; x_wconf 87' lang='lat' dir='ltr'>poetarum</span> <span class='ocrx_word' id='word_1_154' title='bbox 609 1239 852 1291; x_wconf 88' lang='lat' dir='ltr'>institutum,</span> <span class='ocrx_word' id='word_1_155' title='bbox 886 1242 955 1280; x_wconf 84' lang='lat' dir='ltr'>sed</span> <span class='ocrx_word' id='word_1_156' title='bbox 986 1241 1147 1291; x_wconf 86' lang='lat' dir='ltr'>publica</span> <span class='ocrx_word' id='word_1_157' title='bbox 1178 1242 1417 1280; x_wconf 82' lang='lat' dir='ltr'>auctoritate</span> <span class='ocrx_word' id='word_1_158' title='bbox 1442 1241 1633 1281; x_wconf 86' lang='lat' dir='ltr'>Simonidi</span> <span class='ocrx_word' id='word_1_159' title='bbox 1655 1256 1741 1283; x_wconf 61' lang='lat' dir='ltr'>mus</span> 
     </span>
     <span class='ocr_line' id='line_1_19' title="bbox 216 1302 1044 1345; baseline 0.004 -5"><span class='ocrx_word' id='word_1_160' title='bbox 216 1316 291 1341; x_wconf 88' lang='lat' dir='ltr'>nus</span> <span class='ocrx_word' id='word_1_161' title='bbox 323 1302 604 1342; x_wconf 85' lang='lat' dir='ltr'>demandatum</span> <span class='ocrx_word' id='word_1_162' title='bbox 635 1307 813 1344; x_wconf 89' lang='lat' dir='ltr'>mortuos</span> <span class='ocrx_word' id='word_1_163' title='bbox 844 1306 1044 1345; x_wconf 87' lang='lat' dir='ltr'>laudandi.</span> 
     </span>
    </p>
   </div>
   <div class='ocr_carea' id='block_1_3' title="bbox 583 1444 1739 1560">
    <p class='ocr_par' dir='ltr' id='par_1_3' title="bbox 583 1444 1739 1560">
     <span class='ocr_line' id='line_1_20' title="bbox 868 1444 1739 1496; baseline 0.005 -10"><span class='ocrx_word' id='word_1_164' title='bbox 868 1444 942 1486; x_wconf 80' lang='lat'>84.</span> <span class='ocrx_word' id='word_1_165' title='bbox 978 1444 1083 1496; x_wconf 63' lang='lat'>[59]</span> <span class='ocrx_word' id='word_1_166' title='bbox 1650 1458 1739 1491; x_wconf 81' lang='lat'>1146</span> 
     </span>
     <span class='ocr_line' id='line_1_21' title="bbox 583 1525 1407 1560; baseline 0.005 -4"><span class='ocrx_word' id='word_1_167' title='bbox 583 1525 664 1557; x_wconf 82' lang='grc' dir='ltr'>Ε1Σ</span> <span class='ocrx_word' id='word_1_168' title='bbox 690 1526 789 1558; x_wconf 82' lang='grc' dir='ltr'>ΤΗΝ</span> <span class='ocrx_word' id='word_1_169' title='bbox 814 1526 878 1559; x_wconf 82' lang='grc' dir='ltr'>ΕΝ</span> <span class='ocrx_word' id='word_1_170' title='bbox 902 1526 1170 1559; x_wconf 73' lang='grc' dir='ltr'><strong>ΠΛΑΤΑΙΑΙΣ</strong></span> <span class='ocrx_word' id='word_1_171' title='bbox 1195 1525 1379 1560; x_wconf 81' lang='grc' dir='ltr'><em>ΜΑΧΗΝ.</em></span> <span class='ocrx_word' id='word_1_172' title='bbox 1406 1544 1407 1547; x_wconf 59' lang='lat'><em>=</em></span> 
     </span>
    </p>
   </div>
   <div class='ocr_carea' id='block_1_4' title="bbox 312 1603 1573 1738">
    <p class='ocr_par' dir='ltr' id='par_1_4' title="bbox 312 1603 1573 1738">
     <span class='ocr_line' id='line_1_22' title="bbox 312 1603 1573 1664; baseline 0.003 -17"><span class='ocrx_word' id='word_1_173' title='bbox 312 1604 487 1648; x_wconf 83' lang='grc' dir='ltr'><em>Μέσσοι</em></span> <span class='ocrx_word' id='word_1_174' title='bbox 520 1603 560 1648; x_wconf 84' lang='grc' dir='ltr'>δ’</span> <span class='ocrx_word' id='word_1_175' title='bbox 597 1607 644 1649; x_wconf 81' lang='grc' dir='ltr'>οἵ</span> <span class='ocrx_word' id='word_1_176' title='bbox 670 1604 709 1649; x_wconf 87' lang='grc' dir='ltr'>τ’</span> <span class='ocrx_word' id='word_1_177' title='bbox 742 1604 940 1664; x_wconf 80' lang='grc' dir='ltr'><em>Ἐφύρην</em></span> <span class='ocrx_word' id='word_1_178' title='bbox 971 1610 1251 1651; x_wconf 79' lang='grc' dir='ltr'><em>πολυπίδακα</em></span> <span class='ocrx_word' id='word_1_179' title='bbox 1281 1607 1573 1664; x_wconf 79' lang='grc' dir='ltr'><em>ναιετάοντες,</em></span> 
     </span>
     <span class='ocr_line' id='line_1_23' title="bbox 371 1674 1237 1738; baseline 0.006 -20"><span class='ocrx_word' id='word_1_180' title='bbox 371 1679 583 1733; x_wconf 81' lang='grc' dir='ltr'><em>παντοίης</em></span> <span class='ocrx_word' id='word_1_181' title='bbox 613 1674 771 1735; x_wconf 79' lang='grc' dir='ltr'><em>ἀρετῆς</em></span> <span class='ocrx_word' id='word_1_182' title='bbox 803 1680 940 1734; x_wconf 81' lang='grc' dir='ltr'><em>ἴδριες</em></span> <span class='ocrx_word' id='word_1_183' title='bbox 972 1679 1020 1722; x_wconf 82' lang='grc' dir='ltr'>ἐν</span> <span class='ocrx_word' id='word_1_184' title='bbox 1051 1677 1237 1738; x_wconf 79' lang='grc' dir='ltr'><em>πολέμῳ.</em></span> 
     </span>
    </p>
   </div>
   <div class='ocr_carea' id='block_1_5' title="bbox 313 1840 1742 1903">
    <p class='ocr_par' dir='ltr' id='par_1_5' title="bbox 313 1840 1742 1903">
     <span class='ocr_line' id='line_1_24' title="bbox 313 1840 1742 1903; baseline 0.004 -28"><span class='ocrx_word' id='word_1_185' title='bbox 313 1842 371 1876; x_wconf 88' lang='lat' dir='ltr'>Fr.</span> <span class='ocrx_word' id='word_1_186' title='bbox 399 1844 456 1875; x_wconf 84' lang='lat'>8.4</span> <span class='ocrx_word' id='word_1_187' title='bbox 506 1841 605 1878; x_wconf 90' lang='lat' dir='ltr'>Plut.</span> <span class='ocrx_word' id='word_1_188' title='bbox 631 1842 677 1877; x_wconf 91' lang='lat' dir='ltr'>de</span> <span class='ocrx_word' id='word_1_189' title='bbox 701 1842 884 1878; x_wconf 87' lang='lat' dir='ltr'>Herodoti</span> <span class='ocrx_word' id='word_1_190' title='bbox 907 1843 1026 1888; x_wconf 88' lang='lat' dir='ltr'>malig</span> <span class='ocrx_word' id='word_1_191' title='bbox 1027 1856 1062 1879; x_wconf 93' lang='lat' dir='ltr'>n.</span> <span class='ocrx_word' id='word_1_192' title='bbox 1089 1854 1119 1879; x_wconf 91' lang='lat' dir='ltr'>c.</span> <span class='ocrx_word' id='word_1_193' title='bbox 1145 1847 1208 1878; x_wconf 81' lang='lat'>42.</span> <span class='ocrx_word' id='word_1_194' title='bbox 1230 1840 1329 1879; x_wconf 80' lang='grc' dir='ltr'><em>Ἀλλά</em></span> <span class='ocrx_word' id='word_1_195' title='bbox 1356 1845 1585 1887; x_wconf 83' lang='grc' dir='ltr'><em>Κορινθίους</em></span> <span class='ocrx_word' id='word_1_196' title='bbox 1608 1858 1661 1903; x_wconf 75' lang='grc' dir='ltr'>γε</span> <span class='ocrx_word' id='word_1_197' title='bbox 1676 1846 1742 1882; x_wconf 77' lang='grc' dir='ltr'>καὶ</span> 
     </span>
    </p>
   </div>
   <div class='ocr_carea' id='block_1_6' title="bbox 217 1855 1751 1997">
    <p class='ocr_par' dir='ltr' id='par_1_6' title="bbox 217 1855 1751 1984">
     <span class='ocr_line' id='line_1_25' title="bbox 217 1855 1751 1948; baseline 0.005 -26"><span class='ocrx_word' id='word_1_198' title='bbox 217 1886 343 1945; x_wconf 79' lang='grc' dir='ltr'><em>τάξιν,</em></span> <span class='ocrx_word' id='word_1_199' title='bbox 375 1884 423 1932; x_wconf 80' lang='grc' dir='ltr'>ἣν</span> <span class='ocrx_word' id='word_1_200' title='bbox 457 1885 642 1933; x_wconf 84' lang='grc' dir='ltr'><em>ε’μαχοντο</em></span> <span class='ocrx_word' id='word_1_201' title='bbox 673 1893 750 1929; x_wconf 78' lang='grc' dir='ltr'><em>τοῖς</em></span> <span class='ocrx_word' id='word_1_202' title='bbox 783 1887 986 1947; x_wconf 77' lang='grc' dir='ltr'><em>βαρβάροις</em></span> <span class='ocrx_word' id='word_1_203' title='bbox 1000 1855 1080 1925; x_wconf 74' lang='lat' dir='ltr'>gual</span> <span class='ocrx_word' id='word_1_204' title='bbox 1110 1889 1214 1930; x_wconf 82' lang='grc' dir='ltr'><em>τέλος</em></span> <span class='ocrx_word' id='word_1_205' title='bbox 1248 1887 1378 1936; x_wconf 78' lang='grc' dir='ltr'><em>ἡλίκον</em></span> <span class='ocrx_word' id='word_1_206' title='bbox 1415 1888 1602 1948; x_wconf 77' lang='grc' dir='ltr'><em>ὑπῆρξεν</em></span> <span class='ocrx_word' id='word_1_207' title='bbox 1613 1889 1751 1937; x_wconf 62' lang='grc' dir='ltr'><em>αὐτοῖς,</em></span> 
     </span>
     <span class='ocr_line' id='line_1_26' title="bbox 218 1930 1743 1997; baseline 0.004 -28"><span class='ocrx_word' id='word_1_208' title='bbox 218 1931 296 1970; x_wconf 76' lang='grc' dir='ltr'><em>ἀπὸ</em></span> <span class='ocrx_word' id='word_1_209' title='bbox 321 1948 389 1970; x_wconf 88' lang='grc' dir='ltr'>του</span> <span class='ocrx_word' id='word_1_210' title='bbox 416 1936 652 1970; x_wconf 77' lang='grc' dir='ltr'><em>Πλαταιᾶσιν</em></span> <span class='ocrx_word' id='word_1_211' title='bbox 677 1930 834 1981; x_wconf 77' lang='grc' dir='ltr'><em>α’γῶνος,</em></span> <span class='ocrx_word' id='word_1_212' title='bbox 863 1935 983 1979; x_wconf 78' lang='grc' dir='ltr'><em>ἔξεστι</em></span> <span class='ocrx_word' id='word_1_213' title='bbox 1007 1939 1271 1995; x_wconf 77' lang='grc' dir='ltr'><em>Σιμωνίδου</em></span> <span class='ocrx_word' id='word_1_214' title='bbox 1296 1936 1506 1983; x_wconf 80' lang='grc' dir='ltr'><em>πυθέσθαι,</em></span> <span class='ocrx_word' id='word_1_215' title='bbox 1531 1937 1743 1997; x_wconf 75' lang='grc' dir='ltr'><em>γράφοντος</em></span> 
     </span>
    </p>
   </div>
   <div class='ocr_carea' id='block_1_7' title="bbox 218 1979 1798 2042">
    <p class='ocr_par' dir='ltr' id='par_1_7' title="bbox 218 1979 1798 2042">
     <span class='ocr_line' id='line_1_27' title="bbox 218 1979 1798 2042; baseline 0.003 -24"><span class='ocrx_word' id='word_1_216' title='bbox 218 1979 260 2018; x_wconf 79' lang='grc' dir='ltr'>ἒν</span> <span class='ocrx_word' id='word_1_217' title='bbox 290 1993 454 2022; x_wconf 88' lang='grc' dir='ltr'><em>τουτοις·</em></span> <span class='ocrx_word' id='word_1_218' title='bbox 489 1981 666 2018; x_wconf 81' lang='grc' dir='ltr'><em>Μέσσοι</em></span> <span class='ocrx_word' id='word_1_219' title='bbox 699 1986 844 2019; x_wconf 80' lang='grc' dir='ltr'><em>κτλ..</em></span> <span class='ocrx_word' id='word_1_220' title='bbox 873 2011 880 2019; x_wconf 90' lang='grc'><em>.</em></span> <span class='ocrx_word' id='word_1_221' title='bbox 906 1982 1123 2040; x_wconf 84' lang='grc' dir='ltr'><em>πατέρων.</em></span> <span class='ocrx_word' id='word_1_222' title='bbox 1163 1985 1210 2029; x_wconf 86' lang='lat' dir='ltr'>(v.</span> <span class='ocrx_word' id='word_1_223' title='bbox 1238 1988 1310 2019; x_wconf 89' lang='lat'>1—</span> <span class='ocrx_word' id='word_1_224' title='bbox 1320 1987 1367 2027; x_wconf 86' lang='grc'>6.)</span> <span class='ocrx_word' id='word_1_225' title='bbox 1408 1985 1538 2019; x_wconf 89' lang='grc' dir='ltr'><em>Ταυτα</em></span> <span class='ocrx_word' id='word_1_226' title='bbox 1567 1985 1640 2042; x_wconf 79' lang='grc' dir='ltr'><em>γὰρ</em></span> <span class='ocrx_word' id='word_1_227' title='bbox 1670 1983 1742 2032; x_wconf 70' lang='grc' dir='ltr'>οὔχ</span> <span class='ocrx_word' id='word_1_228' title='bbox 1784 1984 1798 1998; x_wconf 76' lang='grc'><em>“</em></span> 
     </span>
    </p>
   </div>
   <div class='ocr_carea' id='block_1_8' title="bbox 216 2025 1743 2794">
    <p class='ocr_par' dir='ltr' id='par_1_8' title="bbox 216 2025 1743 2782">
     <span class='ocr_line' id='line_1_28' title="bbox 218 2025 1742 2088; baseline 0.003 -23"><span class='ocrx_word' id='word_1_229' title='bbox 218 2028 300 2065; x_wconf 84' lang='grc' dir='ltr'><em>οἷον</em></span> <span class='ocrx_word' id='word_1_230' title='bbox 333 2026 374 2064; x_wconf 80' lang='grc' dir='ltr'>ἐν</span> <span class='ocrx_word' id='word_1_231' title='bbox 406 2030 584 2076; x_wconf 79' lang='grc' dir='ltr'><em>Κορίνθῳ</em></span> <span class='ocrx_word' id='word_1_232' title='bbox 611 2028 819 2075; x_wconf 83' lang='grc' dir='ltr'><em>ὃιὸασκων,</em></span> <span class='ocrx_word' id='word_1_233' title='bbox 851 2027 937 2065; x_wconf 79' lang='grc' dir='ltr'><em>οὐδ’</em></span> <span class='ocrx_word' id='word_1_234' title='bbox 963 2025 1072 2088; x_wconf 78' lang='grc' dir='ltr'><em>ᾆσμα</em></span> <span class='ocrx_word' id='word_1_235' title='bbox 1098 2031 1216 2066; x_wconf 80' lang='grc' dir='ltr'><em>ποιῶν</em></span> <span class='ocrx_word' id='word_1_236' title='bbox 1250 2030 1304 2072; x_wconf 84' lang='grc' dir='ltr'>εἰς</span> <span class='ocrx_word' id='word_1_237' title='bbox 1327 2028 1396 2076; x_wconf 87' lang='grc' dir='ltr'>τὴν</span> <span class='ocrx_word' id='word_1_238' title='bbox 1420 2028 1546 2077; x_wconf 81' lang='grc' dir='ltr'><em>πόλιν,</em></span> <span class='ocrx_word' id='word_1_239' title='bbox 1576 2029 1661 2069; x_wconf 86' lang='grc' dir='ltr'><em>αλλ’</em></span> <span class='ocrx_word' id='word_1_240' title='bbox 1687 2033 1742 2075; x_wconf 83' lang='grc' dir='ltr'>εἰς</span> 
     </span>
     <span class='ocr_line' id='line_1_29' title="bbox 217 2059 1742 2123; baseline 0.004 -12"><span class='ocrx_word' id='word_1_241' title='bbox 217 2075 286 2117; x_wconf 79' lang='grc' dir='ltr'>τὰς</span> <span class='ocrx_word' id='word_1_242' title='bbox 321 2073 477 2122; x_wconf 78' lang='grc' dir='ltr'><em>πράξεις</em></span> <span class='ocrx_word' id='word_1_243' title='bbox 508 2065 657 2117; x_wconf 79' lang='grc' dir='ltr'><em>ἐκείνας</em></span> <span class='ocrx_word' id='word_1_244' title='bbox 688 2059 869 2122; x_wconf 77' lang='grc' dir='ltr'><em>ἐλεγεῖα</em></span> <span class='ocrx_word' id='word_1_245' title='bbox 901 2076 1060 2123; x_wconf 79' lang='grc' dir='ltr'><em>γράφων</em></span> <span class='ocrx_word' id='word_1_246' title='bbox 1099 2076 1304 2123; x_wconf 74' lang='grc' dir='ltr'><em>ἱστόρηκεν.</em></span> <span class='ocrx_word' id='word_1_247' title='bbox 1359 2077 1441 2114; x_wconf 88' lang='lat' dir='ltr'>Duo</span> <span class='ocrx_word' id='word_1_248' title='bbox 1478 2078 1625 2116; x_wconf 83' lang='lat' dir='ltr'>diversa</span> <span class='ocrx_word' id='word_1_249' title='bbox 1655 2083 1742 2118; x_wconf 77' lang='lat' dir='ltr'>sunt</span> 
     </span>
     <span class='ocr_line' id='line_1_30' title="bbox 216 2123 1742 2178; baseline 0.004 -20"><span class='ocrx_word' id='word_1_250' title='bbox 216 2125 427 2170; x_wconf 71' lang='lat' dir='ltr'>flag-menta</span> <span class='ocrx_word' id='word_1_251' title='bbox 440 2123 604 2159; x_wconf 84' lang='lat' dir='ltr'>eiusdem</span> <span class='ocrx_word' id='word_1_252' title='bbox 623 2124 777 2178; x_wconf 88' lang='lat' dir='ltr'>elegiae,</span> <span class='ocrx_word' id='word_1_253' title='bbox 802 2126 845 2159; x_wconf 91' lang='lat' dir='ltr'>ut</span> <span class='ocrx_word' id='word_1_254' title='bbox 864 2125 955 2160; x_wconf 86' lang='lat' dir='ltr'>scite</span> <span class='ocrx_word' id='word_1_255' title='bbox 975 2125 1239 2161; x_wconf 84' lang='lat' dir='ltr'>animadvertit</span> <span class='ocrx_word' id='word_1_256' title='bbox 1256 2124 1380 2161; x_wconf 77' lang='lat' dir='ltr'>Blass:</span> <span class='ocrx_word' id='word_1_257' title='bbox 1399 2137 1486 2160; x_wconf 88' lang='lat' dir='ltr'>nam</span> <span class='ocrx_word' id='word_1_258' title='bbox 1499 2138 1533 2161; x_wconf 91' lang='lat' dir='ltr'>v.</span> <span class='ocrx_word' id='word_1_259' title='bbox 1546 2131 1650 2172; x_wconf 84' lang='lat' dir='ltr'>3seq.</span> <span class='ocrx_word' id='word_1_260' title='bbox 1667 2139 1742 2164; x_wconf 89' lang='lat' dir='ltr'>non</span> 
     </span>
     <span class='ocr_line' id='line_1_31' title="bbox 217 2171 1742 2218; baseline 0.003 -12"><span class='ocrx_word' id='word_1_261' title='bbox 217 2172 373 2216; x_wconf 82' lang='lat' dir='ltr'>possunt</span> <span class='ocrx_word' id='word_1_262' title='bbox 398 2171 573 2206; x_wconf 88' lang='lat' dir='ltr'>continuo</span> <span class='ocrx_word' id='word_1_263' title='bbox 599 2171 768 2216; x_wconf 88' lang='lat' dir='ltr'>excipere</span> <span class='ocrx_word' id='word_1_264' title='bbox 793 2171 953 2217; x_wconf 90' lang='lat' dir='ltr'>primum</span> <span class='ocrx_word' id='word_1_265' title='bbox 980 2171 1176 2215; x_wconf 87' lang='lat' dir='ltr'>distichon,</span> <span class='ocrx_word' id='word_1_266' title='bbox 1203 2172 1501 2218; x_wconf 85' lang='lat' dir='ltr'>quandoquidem</span> <span class='ocrx_word' id='word_1_267' title='bbox 1520 2186 1554 2209; x_wconf 79' lang='lat' dir='ltr'>v.</span> <span class='ocrx_word' id='word_1_268' title='bbox 1576 2179 1596 2210; x_wconf 87' lang='lat'><strong>3</strong></span> <span class='ocrx_word' id='word_1_269' title='bbox 1617 2174 1742 2211; x_wconf 84' lang='lat' dir='ltr'>Corin-</span> 
     </span>
     <span class='ocr_line' id='line_1_32' title="bbox 217 2217 1743 2273; baseline 0.003 -21"><span class='ocrx_word' id='word_1_270' title='bbox 217 2217 291 2253; x_wconf 90' lang='lat' dir='ltr'>thii</span> <span class='ocrx_word' id='word_1_271' title='bbox 315 2218 391 2253; x_wconf 84' lang='lat' dir='ltr'>sere</span> <span class='ocrx_word' id='word_1_272' title='bbox 415 2217 549 2253; x_wconf 91' lang='lat' dir='ltr'>iisdem</span> <span class='ocrx_word' id='word_1_273' title='bbox 573 2218 696 2253; x_wconf 85' lang='lat' dir='ltr'>verbis</span> <span class='ocrx_word' id='word_1_274' title='bbox 722 2219 975 2263; x_wconf 85' lang='lat' dir='ltr'>recensentur,</span> <span class='ocrx_word' id='word_1_275' title='bbox 1008 2220 1140 2273; x_wconf 87' lang='lat' dir='ltr'>quibus</span> <span class='ocrx_word' id='word_1_276' title='bbox 1164 2223 1263 2263; x_wconf 85' lang='lat' dir='ltr'>v.1;</span> <span class='ocrx_word' id='word_1_277' title='bbox 1294 2219 1417 2266; x_wconf 90' lang='lat' dir='ltr'>priore</span> <span class='ocrx_word' id='word_1_278' title='bbox 1443 2220 1603 2256; x_wconf 87' lang='lat' dir='ltr'>disticho</span> <span class='ocrx_word' id='word_1_279' title='bbox 1629 2223 1743 2268; x_wconf 80' lang='lat' dir='ltr'>poeta</span> 
     </span>
     <span class='ocr_line' id='line_1_33' title="bbox 219 2265 1741 2314; baseline 0.003 -14"><span class='ocrx_word' id='word_1_280' title='bbox 219 2265 344 2301; x_wconf 90' lang='lat' dir='ltr'>locum</span> <span class='ocrx_word' id='word_1_281' title='bbox 369 2265 560 2311; x_wconf 85' lang='lat' dir='ltr'>indicavit,</span> <span class='ocrx_word' id='word_1_282' title='bbox 585 2276 695 2309; x_wconf 90' lang='lat' dir='ltr'>quem</span> <span class='ocrx_word' id='word_1_283' title='bbox 714 2265 925 2309; x_wconf 87' lang='lat' dir='ltr'>Corinthii</span> <span class='ocrx_word' id='word_1_284' title='bbox 914 2278 953 2301; x_wconf 83' lang='lat' dir='ltr'>in</span> <span class='ocrx_word' id='word_1_285' title='bbox 972 2266 1053 2302; x_wconf 85' lang='lat' dir='ltr'>acie</span> <span class='ocrx_word' id='word_1_286' title='bbox 1072 2266 1323 2311; x_wconf 89' lang='lat' dir='ltr'>obtinuerunt,</span> <span class='ocrx_word' id='word_1_287' title='bbox 1349 2279 1381 2302; x_wconf 91' lang='lat' dir='ltr'>v.</span> <span class='ocrx_word' id='word_1_288' title='bbox 1402 2271 1423 2302; x_wconf 91' lang='lat'><strong>3</strong></span> <span class='ocrx_word' id='word_1_289' title='bbox 1437 2278 1524 2312; x_wconf 64' lang='lat' dir='ltr'>seq„</span> <span class='ocrx_word' id='word_1_290' title='bbox 1543 2270 1741 2314; x_wconf 79' lang='lat' dir='ltr'>postquam</span> 
     </span>
     <span class='ocr_line' id='line_1_34' title="bbox 218 2307 1740 2362; baseline 0.003 -15"><span class='ocrx_word' id='word_1_291' title='bbox 218 2311 352 2358; x_wconf 87' lang='lat' dir='ltr'>proelii</span> <span class='ocrx_word' id='word_1_292' title='bbox 364 2312 563 2358; x_wconf 87' lang='lat' dir='ltr'>descriptio</span> <span class='ocrx_word' id='word_1_293' title='bbox 577 2312 626 2347; x_wconf 86' lang='lat' dir='ltr'>ad</span> <span class='ocrx_word' id='word_1_294' title='bbox 636 2307 747 2349; x_wconf 85' lang='lat' dir='ltr'>finem</span> <span class='ocrx_word' id='word_1_295' title='bbox 761 2314 818 2349; x_wconf 89' lang='lat' dir='ltr'>est</span> <span class='ocrx_word' id='word_1_296' title='bbox 827 2313 1016 2359; x_wconf 84' lang='lat' dir='ltr'>perducta,</span> <span class='ocrx_word' id='word_1_297' title='bbox 1030 2313 1161 2349; x_wconf 84' lang='lat' dir='ltr'>laudat</span> <span class='ocrx_word' id='word_1_298' title='bbox 1171 2315 1319 2359; x_wconf 82' lang='lat' dir='ltr'>praeter</span> <span class='ocrx_word' id='word_1_299' title='bbox 1331 2313 1425 2349; x_wconf 86' lang='lat' dir='ltr'>alios</span> <span class='ocrx_word' id='word_1_300' title='bbox 1436 2313 1646 2351; x_wconf 84' lang='lat' dir='ltr'>Corinthios</span> <span class='ocrx_word' id='word_1_301' title='bbox 1658 2327 1740 2362; x_wconf 90' lang='lat' dir='ltr'>pro—</span> 
     </span>
     <span class='ocr_line' id='line_1_35' title="bbox 219 2359 1740 2406; baseline 0.003 -12"><span class='ocrx_word' id='word_1_302' title='bbox 219 2361 304 2405; x_wconf 87' lang='lat' dir='ltr'>pter</span> <span class='ocrx_word' id='word_1_303' title='bbox 329 2360 483 2405; x_wconf 84' lang='lat' dir='ltr'>egregia</span> <span class='ocrx_word' id='word_1_304' title='bbox 508 2359 685 2397; x_wconf 84' lang='lat' dir='ltr'>facinora.</span> <span class='ocrx_word' id='word_1_305' title='bbox 725 2360 917 2396; x_wconf 88' lang='lat' dir='ltr'>Praeconii</span> <span class='ocrx_word' id='word_1_306' title='bbox 942 2360 1152 2405; x_wconf 83' lang='lat' dir='ltr'>insolentia,</span> <span class='ocrx_word' id='word_1_307' title='bbox 1178 2361 1294 2396; x_wconf 88' lang='lat' dir='ltr'>solem</span> <span class='ocrx_word' id='word_1_308' title='bbox 1318 2360 1418 2396; x_wconf 88' lang='lat' dir='ltr'>enim</span> <span class='ocrx_word' id='word_1_309' title='bbox 1448 2359 1562 2406; x_wconf 69' lang='lat' dir='ltr'>poeta</span> <span class='ocrx_word' id='word_1_310' title='bbox 1585 2362 1740 2399; x_wconf 82' lang='lat' dir='ltr'>adhibet</span> 
     </span>
     <span class='ocr_line' id='line_1_36' title="bbox 219 2407 1738 2461; baseline 0.003 -19"><span class='ocrx_word' id='word_1_311' title='bbox 219 2408 355 2442; x_wconf 80' lang='lat' dir='ltr'>testem</span> <span class='ocrx_word' id='word_1_312' title='bbox 385 2417 527 2450; x_wconf 89' lang='lat' dir='ltr'>rerum,</span> <span class='ocrx_word' id='word_1_313' title='bbox 559 2418 653 2452; x_wconf 90' lang='lat' dir='ltr'>quae</span> <span class='ocrx_word' id='word_1_314' title='bbox 678 2409 875 2452; x_wconf 85' lang='lat' dir='ltr'>praesente</span> <span class='ocrx_word' id='word_1_315' title='bbox 900 2407 1126 2443; x_wconf 82' lang='lat' dir='ltr'>Graecorum</span> <span class='ocrx_word' id='word_1_316' title='bbox 1157 2408 1320 2443; x_wconf 88' lang='lat' dir='ltr'>exercitu</span> <span class='ocrx_word' id='word_1_317' title='bbox 1336 2410 1475 2461; x_wconf 80' lang='lat' dir='ltr'>gestae</span> <span class='ocrx_word' id='word_1_318' title='bbox 1500 2411 1616 2454; x_wconf 79' lang='lat' dir='ltr'>erant,</span> <span class='ocrx_word' id='word_1_319' title='bbox 1647 2410 1738 2446; x_wconf 84' lang='lat' dir='ltr'>satis</span> 
     </span>
     <span class='ocr_line' id='line_1_37' title="bbox 222 2435 1738 2500; baseline 0.003 -12"><span class='ocrx_word' id='word_1_320' title='bbox 222 2453 357 2499; x_wconf 85' lang='lat' dir='ltr'>arguit,</span> <span class='ocrx_word' id='word_1_321' title='bbox 383 2435 593 2489; x_wconf 80' lang='lat' dir='ltr'>Corinthios</span> <span class='ocrx_word' id='word_1_322' title='bbox 619 2454 745 2489; x_wconf 83' lang='lat' dir='ltr'>statim</span> <span class='ocrx_word' id='word_1_323' title='bbox 770 2456 857 2500; x_wconf 86' lang='lat' dir='ltr'>post</span> <span class='ocrx_word' id='word_1_324' title='bbox 880 2454 1063 2500; x_wconf 88' lang='lat' dir='ltr'>proelium</span> <span class='ocrx_word' id='word_1_325' title='bbox 1088 2454 1308 2490; x_wconf 83' lang='lat' dir='ltr'>Plataeense</span> <span class='ocrx_word' id='word_1_326' title='bbox 1332 2454 1372 2490; x_wconf 91' lang='lat' dir='ltr'>in</span> <span class='ocrx_word' id='word_1_327' title='bbox 1396 2455 1518 2491; x_wconf 84' lang='lat' dir='ltr'>varias</span> <span class='ocrx_word' id='word_1_328' title='bbox 1542 2456 1738 2500; x_wconf 84' lang='lat' dir='ltr'>reprehen—</span> 
     </span>
     <span class='ocr_line' id='line_1_38' title="bbox 221 2500 1740 2547; baseline 0.003 -12"><span class='ocrx_word' id='word_1_329' title='bbox 221 2501 342 2536; x_wconf 88' lang='lat' dir='ltr'>siones</span> <span class='ocrx_word' id='word_1_330' title='bbox 368 2500 581 2536; x_wconf 87' lang='lat' dir='ltr'>incurrisse·</span> <span class='ocrx_word' id='word_1_331' title='bbox 607 2503 719 2546; x_wconf 79' lang='lat' dir='ltr'>poeta</span> <span class='ocrx_word' id='word_1_332' title='bbox 738 2502 910 2547; x_wconf 87' lang='lat' dir='ltr'>prudens,</span> <span class='ocrx_word' id='word_1_333' title='bbox 931 2513 1015 2537; x_wconf 89' lang='lat' dir='ltr'>cum</span> <span class='ocrx_word' id='word_1_334' title='bbox 1033 2501 1263 2547; x_wconf 86' lang='lat' dir='ltr'>intelligeret</span> <span class='ocrx_word' id='word_1_335' title='bbox 1285 2513 1361 2537; x_wconf 91' lang='lat' dir='ltr'>non</span> <span class='ocrx_word' id='word_1_336' title='bbox 1381 2513 1458 2537; x_wconf 90' lang='lat' dir='ltr'>esse</span> <span class='ocrx_word' id='word_1_337' title='bbox 1477 2513 1583 2537; x_wconf 86' lang='lat' dir='ltr'>suum</span> <span class='ocrx_word' id='word_1_338' title='bbox 1601 2502 1740 2540; x_wconf 78' lang='lat' dir='ltr'>delicta</span> 
     </span>
     <span class='ocr_line' id='line_1_39' title="bbox 220 2547 1737 2594; baseline 0.002 -12"><span class='ocrx_word' id='word_1_339' title='bbox 220 2547 296 2583; x_wconf 86' lang='lat' dir='ltr'>sive</span> <span class='ocrx_word' id='word_1_340' title='bbox 322 2549 458 2583; x_wconf 90' lang='lat' dir='ltr'>ducum</span> <span class='ocrx_word' id='word_1_341' title='bbox 483 2548 560 2584; x_wconf 89' lang='lat' dir='ltr'>sive</span> <span class='ocrx_word' id='word_1_342' title='bbox 585 2548 761 2592; x_wconf 88' lang='lat' dir='ltr'>militurn,</span> <span class='ocrx_word' id='word_1_343' title='bbox 785 2548 816 2584; x_wconf 88' lang='lat' dir='ltr'>si</span> <span class='ocrx_word' id='word_1_344' title='bbox 841 2560 935 2592; x_wconf 79' lang='lat' dir='ltr'>quae</span> <span class='ocrx_word' id='word_1_345' title='bbox 961 2549 1123 2584; x_wconf 82' lang='lat' dir='ltr'>admissa</span> <span class='ocrx_word' id='word_1_346' title='bbox 1148 2551 1255 2584; x_wconf 88' lang='lat' dir='ltr'>erant</span> <span class='ocrx_word' id='word_1_347' title='bbox 1279 2549 1426 2584; x_wconf 83' lang='lat' dir='ltr'>elevare</span> <span class='ocrx_word' id='word_1_348' title='bbox 1450 2549 1511 2584; x_wconf 84' lang='lat' dir='ltr'>vel</span> <span class='ocrx_word' id='word_1_349' title='bbox 1529 2549 1737 2594; x_wconf 86' lang='lat' dir='ltr'>defendere,</span> 
     </span>
     <span class='ocr_line' id='line_1_40' title="bbox 218 2578 1739 2642; baseline 0.001 -13"><span class='ocrx_word' id='word_1_350' title='bbox 218 2595 399 2630; x_wconf 87' lang='lat' dir='ltr'>invidiam</span> <span class='ocrx_word' id='word_1_351' title='bbox 424 2597 604 2639; x_wconf 83' lang='lat' dir='ltr'>quantum</span> <span class='ocrx_word' id='word_1_352' title='bbox 628 2595 773 2631; x_wconf 87' lang='lat' dir='ltr'>licitum</span> <span class='ocrx_word' id='word_1_353' title='bbox 799 2595 943 2631; x_wconf 87' lang='lat' dir='ltr'>studuit</span> <span class='ocrx_word' id='word_1_354' title='bbox 967 2607 1103 2631; x_wconf 86' lang='lat' dir='ltr'>arcere.</span> <span class='ocrx_word' id='word_1_355' title='bbox 1130 2616 1173 2621; x_wconf 89' lang='lat'>—</span> <span class='ocrx_word' id='word_1_356' title='bbox 1204 2596 1299 2642; x_wconf 83' lang='lat' dir='ltr'>Iung</span> <span class='ocrx_word' id='word_1_357' title='bbox 1300 2595 1417 2640; x_wconf 83' lang='lat' dir='ltr'>hahn,</span> <span class='ocrx_word' id='word_1_358' title='bbox 1443 2595 1501 2631; x_wconf 86' lang='lat' dir='ltr'>cui</span> <span class='ocrx_word' id='word_1_359' title='bbox 1525 2578 1739 2632; x_wconf 80' lang='lat' dir='ltr'>Plutarchei</span> 
     </span>
     <span class='ocr_line' id='line_1_41' title="bbox 220 2641 1737 2696; baseline 0.002 -20"><span class='ocrx_word' id='word_1_360' title='bbox 220 2641 340 2677; x_wconf 88' lang='lat' dir='ltr'>libelli</span> <span class='ocrx_word' id='word_1_361' title='bbox 370 2642 461 2678; x_wconf 88' lang='lat' dir='ltr'>fides</span> <span class='ocrx_word' id='word_1_362' title='bbox 490 2643 668 2696; x_wconf 36' lang='lat' dir='ltr'>‘suspecta</span> <span class='ocrx_word' id='word_1_363' title='bbox 699 2644 764 2688; x_wconf 83' lang='lat' dir='ltr'>est,</span> <span class='ocrx_word' id='word_1_364' title='bbox 797 2643 910 2678; x_wconf 87' lang='lat' dir='ltr'>etiam</span> <span class='ocrx_word' id='word_1_365' title='bbox 942 2643 1008 2678; x_wconf 88' lang='lat' dir='ltr'>hos</span> <span class='ocrx_word' id='word_1_366' title='bbox 1039 2643 1239 2678; x_wconf 88' lang='lat' dir='ltr'>Simonidis</span> <span class='ocrx_word' id='word_1_367' title='bbox 1271 2654 1394 2678; x_wconf 87' lang='lat' dir='ltr'>versus</span> <span class='ocrx_word' id='word_1_368' title='bbox 1418 2642 1634 2678; x_wconf 89' lang='lat' dir='ltr'>subditicios</span> <span class='ocrx_word' id='word_1_369' title='bbox 1659 2654 1737 2680; x_wconf 85' lang='lat' dir='ltr'>esse</span> 
     </span>
     <span class='ocr_line' id='line_1_42' title="bbox 222 2688 1738 2735; baseline 0.002 -12"><span class='ocrx_word' id='word_1_370' title='bbox 222 2690 357 2733; x_wconf 86' lang='lat' dir='ltr'>censet,</span> <span class='ocrx_word' id='word_1_371' title='bbox 383 2689 443 2725; x_wconf 88' lang='lat' dir='ltr'>vel</span> <span class='ocrx_word' id='word_1_372' title='bbox 469 2689 500 2724; x_wconf 90' lang='lat' dir='ltr'>si</span> <span class='ocrx_word' id='word_1_373' title='bbox 520 2689 585 2724; x_wconf 89' lang='lat' dir='ltr'>Cei</span> <span class='ocrx_word' id='word_1_374' title='bbox 609 2691 743 2735; x_wconf 86' lang='lat' dir='ltr'>poetae</span> <span class='ocrx_word' id='word_1_375' title='bbox 768 2690 859 2734; x_wconf 89' lang='lat' dir='ltr'>sint,</span> <span class='ocrx_word' id='word_1_376' title='bbox 890 2689 1043 2725; x_wconf 90' lang='lat' dir='ltr'>ludibrii</span> <span class='ocrx_word' id='word_1_377' title='bbox 1066 2701 1179 2725; x_wconf 82' lang='lat' dir='ltr'>causa</span> <span class='ocrx_word' id='word_1_378' title='bbox 1196 2690 1263 2725; x_wconf 85' lang='lat' dir='ltr'>has</span> <span class='ocrx_word' id='word_1_379' title='bbox 1281 2701 1399 2735; x_wconf 86' lang='lat' dir='ltr'>nugas</span> <span class='ocrx_word' id='word_1_380' title='bbox 1417 2688 1618 2734; x_wconf 85' lang='lat' dir='ltr'>scripsisse,</span> <span class='ocrx_word' id='word_1_381' title='bbox 1643 2702 1738 2735; x_wconf 85' lang='lat' dir='ltr'>quae</span> 
     </span>
     <span class='ocr_line' id='line_1_43' title="bbox 221 2735 1736 2794; baseline 0.002 -25"><span class='ocrx_word' id='word_1_382' title='bbox 221 2735 444 2793; x_wconf 77' lang='lat' dir='ltr'>redarguere</span> <span class='ocrx_word' id='word_1_383' title='bbox 470 2737 580 2771; x_wconf 84' lang='lat' dir='ltr'>otiosi</span> <span class='ocrx_word' id='word_1_384' title='bbox 606 2737 662 2771; x_wconf 86' lang='lat' dir='ltr'>est</span> <span class='ocrx_word' id='word_1_385' title='bbox 685 2737 854 2774; x_wconf 85' lang='lat' dir='ltr'>hominis.</span> <span class='ocrx_word' id='word_1_386' title='bbox 883 2757 926 2763; x_wconf 90' lang='lat'>--</span> <span class='ocrx_word' id='word_1_387' title='bbox 953 2736 994 2773; x_wconf 88' lang='lat' dir='ltr'>V.</span> <span class='ocrx_word' id='word_1_388' title='bbox 1023 2742 1052 2771; x_wconf 92' lang='lat'>1.</span> <span class='ocrx_word' id='word_1_389' title='bbox 1079 2735 1241 2794; x_wconf 87' lang='grc' dir='ltr'><em>Μέσσοι,</em></span> <span class='ocrx_word' id='word_1_390' title='bbox 1272 2736 1332 2771; x_wconf 87' lang='grc' dir='ltr'>ΒΕ</span> <span class='ocrx_word' id='word_1_391' title='bbox 1359 2737 1398 2771; x_wconf 90' lang='lat' dir='ltr'>et</span> <span class='ocrx_word' id='word_1_392' title='bbox 1426 2737 1516 2772; x_wconf 82' lang='lat' dir='ltr'>vett.</span> <span class='ocrx_word' id='word_1_393' title='bbox 1542 2736 1623 2772; x_wconf 90' lang='lat' dir='ltr'>edd.</span> <span class='ocrx_word' id='word_1_394' title='bbox 1650 2736 1736 2782; x_wconf 79' lang='grc' dir='ltr'><em>μέσ-</em></span> 
     </span>
    </p>
   </div>
   <div class='ocr_carea' id='block_1_9' title="bbox 162 2765 1736 2837">
    <p class='ocr_par' dir='ltr' id='par_1_9' title="bbox 162 2765 1736 2837">
     <span class='ocr_line' id='line_1_44' title="bbox 162 2765 1736 2837; baseline 0.002 -21"><span class='ocrx_word' id='word_1_395' title='bbox 162 2803 166 2809; x_wconf 63' lang='lat'><strong>»</strong></span> <span class='ocrx_word' id='word_1_396' title='bbox 221 2794 324 2817; x_wconf 89' lang='grc' dir='ltr'><em>σοισι.</em></span> <span class='ocrx_word' id='word_1_397' title='bbox 359 2803 403 2809; x_wconf 88' lang='lat'>-—</span> <span class='ocrx_word' id='word_1_398' title='bbox 434 2780 602 2828; x_wconf 82' lang='grc' dir='ltr'><em>Ἐφύρην</em></span> <span class='ocrx_word' id='word_1_399' title='bbox 635 2783 910 2827; x_wconf 87' lang='lat' dir='ltr'>Schneidewin,</span> <span class='ocrx_word' id='word_1_400' title='bbox 942 2783 1084 2829; x_wconf 63' lang='lat' dir='ltr'>BTVy</span> <span class='ocrx_word' id='word_1_401' title='bbox 1120 2765 1311 2837; x_wconf 87' lang='grc' dir='ltr'><em>Ἔφυραν,</em></span> <span class='ocrx_word' id='word_1_402' title='bbox 1342 2783 1454 2827; x_wconf 82' lang='lat' dir='ltr'>vulgo</span> <span class='ocrx_word' id='word_1_403' title='bbox 1484 2781 1664 2828; x_wconf 76' lang='grc' dir='ltr'><em>γέφυραν.</em></span> <span class='ocrx_word' id='word_1_404' title='bbox 1691 2805 1736 2811; x_wconf 89' lang='grc'><strong>-</strong></span> 
     </span>
    </p>
   </div>
   <div class='ocr_carea' id='block_1_10' title="bbox 225 2829 1735 2877">
    <p class='ocr_par' dir='ltr' id='par_1_10' title="bbox 225 2829 1735 2877">
     <span class='ocr_line' id='line_1_45' title="bbox 225 2829 1735 2877; baseline 0.002 -14"><span class='ocrx_word' id='word_1_405' title='bbox 225 2829 267 2864; x_wconf 93' lang='lat' dir='ltr'>V.</span> <span class='ocrx_word' id='word_1_406' title='bbox 295 2834 315 2864; x_wconf 89' lang='lat'><strong>3</strong></span> <span class='ocrx_word' id='word_1_407' title='bbox 342 2832 380 2865; x_wconf 92' lang='lat' dir='ltr'>et</span> <span class='ocrx_word' id='word_1_408' title='bbox 405 2842 479 2875; x_wconf 90' lang='lat' dir='ltr'>seq.</span> <span class='ocrx_word' id='word_1_409' title='bbox 506 2829 702 2867; x_wconf 76' lang='lat' dir='ltr'>manifesto</span> <span class='ocrx_word' id='word_1_410' title='bbox 727 2831 861 2867; x_wconf 90' lang='lat' dir='ltr'>mendo</span> <span class='ocrx_word' id='word_1_411' title='bbox 887 2831 1070 2877; x_wconf 84' lang='lat' dir='ltr'>laborant,</span> <span class='ocrx_word' id='word_1_412' title='bbox 1095 2831 1160 2866; x_wconf 89' lang='lat' dir='ltr'>sed</span> <span class='ocrx_word' id='word_1_413' title='bbox 1186 2841 1273 2866; x_wconf 83' lang='lat' dir='ltr'>cura</span> <span class='ocrx_word' id='word_1_414' title='bbox 1290 2829 1441 2875; x_wconf 82' lang='lat' dir='ltr'>incerta,</span> <span class='ocrx_word' id='word_1_415' title='bbox 1467 2829 1623 2866; x_wconf 82' lang='lat' dir='ltr'>fortasse</span> <span class='ocrx_word' id='word_1_416' title='bbox 1648 2832 1735 2867; x_wconf 91' lang='lat' dir='ltr'>scri-</span> 
     </span>
    </p>
   </div>
  </div>
 </body>
</html>
