1864 3126
0 1893 7 1938 J·

0 1947 9 1961 'A

0 2197 8 2237 ὲ

0 2243 17 2262 {¹

0 2285 8 2317 ἰ

0 2322 9 2352 ἱ

0 2389 13 2462 ζ

0 2464 13 2516 ξ.

0 2523 17 2540 ‘⁴

760 145 1058 183 TIMO'PHEUS.
1590 144 1678 188 625

879 257 944 298 15.
1586 255 1677 298 1273

239 337 359 384 060⁹
396 336 420 383 ὁ
453 336 674 396 πτερωτὸς
706 335 798 391 ι’ξός
830 335 1057 395 ὀμμάτων,
1078 336 1242 395 ”Ερως,

238 408 263 456 ὁ
295 409 529 469 Κύπριδος
558 407 767 466 κυναγός,
799 406 826 466 ἡ
858 411 1041 467 φρενῶν
1074 407 1192 465 linas,

238 479 263 527 ὁ
295 479 355 540 μὴ
386 487 520 527 τίνων
551 487 729 526 θεοῖσιν
762 478 929 539 ὁρκίων
962 483 1097 534 δίκας.

879 602 943 644 16.

260 690 513 741 Antiphanes
544 702 608 740 ap.
640 684 788 729 At'hen.
819 689 854 727 X
885 702 922 739 p.
955 690 1040 729 433
1063 689 1110 728 C:
1152 685 1237 729 Οὐκ
1268 684 1320 729 ἂν
1351 684 1516 741 ἁμάρτοι
1548 686 1591 728 δέ
1621 704 1679 736 τις

142 754 209 796 καὶ
237 752 281 797 τὸ
312 752 502 809 ποτήριον
533 748 658 796 αὐτοῦ
690 750 928 808 (Νέστορος)
965 752 1089 808 λέγων
1121 751 1271 807 φιάλην
1297 752 1447 807 ’Ἀρεως
1483 750 1580 794 κατὰ
1610 750 1679 794 τὸν
1702 780 1708 788 ·

137 817 403 873 Ἀντιφάνους
435 819 607 870 Καινέα,
639 819 683 860 ἐν
715 812 747 876 ᾧ
777 818 925 874 λέγεται
956 815 1097 868 οὕτως·
1136 820 1172 860 εἰ
1206 823 1251 876 τῇ
1290 821 1410 873 δῆλος
1446 815 1679 874 (Emporius

143 888 311 927 coniecit
341 882 418 926 εἶτ’
452 883 531 939 ἤδη
564 881 653 939 δός)
685 881 864 938 φιάλην
896 880 958 940 (τὸ
990 881 1114 926 ὅπλον
1146 887 1267 938 vulgo
1310 887 1490 936 additur,
1531 887 1680 926 delevit

144 947 360 1004 Koppiers)
382 949 553 1004 ’Ἄρεως
583 947 681 991 κατὰ
716 947 960 1004 Τιμόθεον
991 947 1132 999 ξυστόν
1162 966 1201 991 τε
1231 949 1356 1004 βέλος.
1419 952 1479 992 Cf.
1511 952 1678 991 Aristot.

143 1018 224 1058 Ars
255 1020 362 1069 poet.
393 1031 426 1058 c.
459 1021 533 1069 21,
567 1020 609 1058 6:
647 1015 746 1071 λέγω
784 1014 828 1056 δὲ
865 1013 952 1058 οἷον
988 1012 1134 1069 ὁμοίως
1172 1015 1249 1070 ἔχει
1286 1014 1409 1070 φιάλη
1447 1013 1546 1069 πρὸς
1586 1012 1678 1056 Διό-

145 1094 283 1133 νυσον,
313 1081 379 1123 καὶ
410 1077 530 1131 άσπὶς
559 1078 659 1135 πρὸς
678 1079 822 1134 Ἄρην·
854 1080 938 1135 ἐρεῖ
961 1083 1098 1123 τοίνυν
1122 1081 1189 1123 καὶ
1212 1077 1287 1134 τὴν
1311 1079 1460 1123 ἀσπίδα
1485 1078 1542 1136 (A
1568 1082 1681 1122 addit

144 1144 213 1202 οὖ)
245 1144 424 1200 φιάλην
444 1145 619 1200 ’Ἀρεως
651 1144 807 1201 (Ἄρεος
833 1142 886 1201 G)
917 1146 983 1188 καὶ
1013 1144 1086 1201 τὴν
1117 1145 1267 1201 φιάλην
1297 1145 1477 1189 άσπίδα
1508 1144 1680 1188 Διονύ-

144 1225 229 1254 σου
273 1210 384 1268 (fort.
423 1216 497 1254 hoe
541 1227 699 1265 quoque
721 1208 964 1265 ‘exemplum
1010 1228 1057 1254 ex
1101 1215 1310 1255 Timotheo
1353 1211 1557 1267 petitum).
1621 1214 1681 1254 Of.
1722 1227 1730 1233 ·

144 1279 308 1320 Rhetor.
340 1279 401 1319 ΠΙ
433 1281 459 1319 4
493 1282 534 1319 et
569 1282 619 1318 11
657 1282 697 1319 et
722 1280 869 1320 Asshen.
895 1279 953 1318 XI
978 1281 1063 1320 502
1078 1281 1130 1319 B:
1158 1276 1469 1333 Ἀναξανδρίδης
1501 1278 1544 1320 δὲ
1575 1276 1680 1331 φιά-

144 1347 227 1394 λας
255 1342 422 1398 ’Ἁρεος
461 1348 575 1385 καλεῖ
604 1341 651 1385 τὰ
687 1341 857 1397 ποτήρια
892 1347 1011 1384 ταῦτα
1049 1341 1161 1398 (hinc
1197 1339 1411 1397 aliduando
1450 1346 1602 1385 conieci
1639 1347 1681 1385 in

145 1411 441 1451 Anaxandridis
472 1424 592 1452 versu
625 1424 687 1461 ap.
719 1411 866 1451 Athen.
887 1411 950 1450 ·1V
980 1414 1059 1452 131
1094 1412 1311 1462 legendum
1342 1425 1430 1451 esse
1463 1407 1614 1464 φιάλην
1643 1408 1677 1451 τ’

134 1473 310 1529 Ἄρεως
349 1473 432 1529 ἠδὲ
473 1472 697 1530 λεπαστήν).
759 1478 812 1516 Μ.
850 1477 1030 1518 Schmidt
1067 1478 1194 1518 credis,
1235 1477 1490 1517 Timotheum
1532 1474 1682 1530 φιάλην

137 1538 283 1595 ’Ἁρεως
313 1538 454 1595 ἄοινον
484 1543 550 1583 vel
581 1538 731 1594 φιάλην
754 1539 902 1595 ’Ἄρεως
932 1543 1047 1584 οἴνου
1079 1543 1239 1594 dixisse,
1270 1543 1420 1583 abusus
1447 1543 1680 1590 Aristotelis

136 1599 232 1647 'loeo
264 1609 314 1648 de
344 1611 450 1659 poet.
483 1621 513 1648 c.
548 1611 616 1659 21,
650 1610 695 1647 8:
734 1606 811 1647 ἔστι
843 1605 887 1647 δὲ
917 1605 1047 1663 τρόπῳ
1078 1604 1202 1663 τούτῳ
1233 1610 1302 1659 τῆς
1333 1610 1557 1661 μεταφορᾶς
1588 1611 1682 1661 χρῆ-

146 1676 244 1713 σθαι
273 1672 341 1713 καὶ
371 1670 516 1723 ἄλλως,
547 1669 918 1727 προσαγορεύσαντα
954 1670 997 1713 τὸ
1035 1669 1238 1725 ἀλλότριον
1269 1669 1479 1725 ἀποφῆσαι
1515 1675 1593 1713 τῶν
1625 1673 1682 1714 οἰ-

145 1738 264 1779 κείων
294 1754 343 1790 τι,
373 1735 461 1779 οἷον
492 1739 528 1779 εἰ
556 1736 628 1791 τὴν
659 1735 807 1779 άσπίδα
838 1738 941 1779 εἴποι
972 1735 1122 1791 φιάλην
1153 1735 1206 1791 μὴ
1228 1735 1392 1791 Ἄρεως,
1424 1735 1507 1778 ἀλλ’
1543 1735 1683 1779 ἄοινον

148 1802 224 1858 (ita
248 1804 451 1845 victorius
482 1806 699 1856 praeclare,
731 1805 826 1853 libri
857 1801 1004 1858 οἴνου).
1053 1805 1125 1844 ubi
1150 1805 1331 1844 Schmidt
1355 1805 1682 1855 inssempestivam

147 1870 342 1910 adhibens
374 1870 609 1909 medicinam
640 1871 804 1910 voculas
835 1865 889 1922 μὴ
921 1872 963 1910 et
992 1863 1075 1909 ἄλλ’
1111 1870 1302 1910 delendas
1334 1883 1423 1910 esse
1455 1874 1602 1910 censet.

883 1987 948 2028 17.

267 2073 571 2114 Anaxandrides
603 2086 664 2124 ap.
699 2073 845 2112 Athen.
876 2072 934 2111 XI
965 2074 1049 2113 455
1066 2073 1116 2111 F
1149 2068 1308 2125 Ἀρτίως
1347 2069 1585 2126 διηρτάμηκε
1616 2072 1683 2112 καὶ

152 2133 199 2178 τὰ
231 2135 303 2191 μὲν
341 2139 504 2190 διανεκῆ
541 2134 732 2191 Σοὸματος
769 2136 866 2190 μέρη
906 2135 1081 2190 δαμάζετ’
1131 2137 1180 2178 ἐν
1223 2139 1544 2190 πυρικτίτοισι
1585 2141 1682 2191 γᾶς,

153 2201 391 2256 Τιμόθεος
421 2203 498 2255 ἔφη
529 2199 633 2254 ποτ’,
664 2201 825 2256 ἄνδρες,
862 2201 935 2257 τὴν
971 2200 1117 2257 χύτραν
1154 2198 1263 2255 οἶμαι
1293 2201 1429 2256 λέγων.
1491 2204 1554 2242 Ita
1585 2204 1681 2242 Mei-

150 2268 252 2307 neke
293 2268 402 2308 Poet.
436 2267 545 2308 Com.
577 2269 641 2308 Fr.
674 2268 719 2307 Τ.
751 2268 813 2307 III
854 2271 938 2309 164
979 2269 1224 2319 emendavit,
1262 2270 1385 2319 vulgo
1421 2267 1464 2307 ἕν
1500 2265 1682 2319 πυρικτύ-

150 2344 259 2373 ποισι
289 2335 362 2386 γῆς
393 2328 470 2386 (sie
501 2333 618 2384 PVL,
649 2331 694 2373 ἐν
723 2330 990 2385 πυρικτύτοισι
1019 2337 1092 2388 γᾶς
1123 2335 1172 2384 A,
1203 2332 1246 2373 ἐν
1276 2332 1373 2387 πυρὶ
1402 2336 1610 2387 κτιτισιγᾶς
1637 2335 1683 2385 B,

151 2397 196 2438 ἐν
225 2397 472 2450 περικτίτοισι
502 2401 591 2452 γαῖς
621 2395 808 2452 Dobree).

152 2523 1684 2619 35352353?'videta⁶511&‘{}‘⁹{p232‘³⁶ae¹{¹m33213¹¹2¹{?50⁰3·3132}AE

151 2622 246 2656 tum.
273 2640 319 2646 -—-
344 2617 565 2665 γηγενέταν,
591 2618 762 2655 Meineke
786 2618 1007 2665 γαγενέταν.

246 2667 306 2703 Fr.
335 2671 389 2703 15.
441 2666 542 2702 Stob.
570 2666 739 2712 Append.
765 2678 801 2713 p.
829 2671 885 2703 23.
925 2670 976 2703 Τι
1018 2665 1160 2703 οθέου
1186 2663 1231 2702 θ’
1259 2664 1279 2702 ὁ
1306 2663 1503 2711 πτερωτός.
1544 2666 1684 2714 Scripsi

153 2711 245 2751 οὔθ’
273 2711 294 2751 ὁ
319 2727 378 2750 πτ.
400 2716 439 2751 et
455 2711 586 2759 Ἔρως,
606 2714 720 2759 vulgo
740 2712 843 2759 ἔρως,
862 2681 1033 2751 Meineiie
1052 2710 1134 2750 εἷθ’
1163 2711 1183 2749 ὁ
1210 2727 1312 2758 meo.
1332 2714 1393 2750 vel
1412 2707 1503 2759 ἦλθ’
1526 2711 1547 2750 ὁ
1567 2727 1684 2762 πτερ.,

152 2761 286 2798 Nauck
309 2760 405 2803 θεὸς
428 2758 627 2807 πτερωτός.
654 2781 697 2788 -
726 2761 768 2798 V.
795 2766 828 2798 2.
855 2758 1048 2807 Κύπριδος
1073 2761 1256 2807 Meineke,
1281 2762 1478 2807 legebatur
1503 2759 1684 2807 Κύπριος.

154 2810 326 2846 Ceterum
352 2809 463 2846 valde
489 2808 644 2845 dubium
670 2820 718 2844 an
750 2808 790 2845 hi
821 2820 948 2845 versus
979 2808 1356 2864 dithyrambographi
1387 2806 1480 2852 sint.
1512 2809 1684 2847 Meineke

157 2857 341 2894 Timotheo
365 2858 499 2894 comico
525 2856 670 2901 tribuit,
695 2856 767 2892 sed·
785 2856 869 2893 fort.
895 2855 1139 2892 Σωσιθέου
1165 2856 1411 2900 scribendum,
1432 2856 1522 2893 olim
1541 2857 1682 2895 conieci

157 2903 455 2951 Τιμοκλέους,
480 2904 614 2940 Nauck
642 2902 875 2951 Τιμησιθέου
901 2906 1111 2950 praeoptat.

225 2970 356 2997 Pon-ru
375 2971 452 2996 Lu.
471 2971 530 2997 111.
1355 2967 1401 2998 40
