1864 3126
281 160 365 202 100
556 194 558 197 ,
838 160 1030 196 ΡΟΕΤΑΕ
1056 161 1234 197 MELICI.

932 270 1002 312 29.
1036 271 1141 324 [62]

349 352 498 393 Στᾶθι
529 348 669 393 κᾶντα
701 354 830 406 φίλος
862 368 870 395 ;
904 385 913 394 .

347 420 420 463 καὶ
452 419 535 464 τὰν
568 418 633 464 ἐπ’
668 419 821 473 ὄσσοις
850 420 1103 478 ἀμπέτασον
1134 421 1278 479 χάριν.

933 602 1000 644 30.
1036 600 1139 658 [66.]
1727 610 1797 647 888

350 680 561 740 Χρύσειοι
594 680 635 725 δ’
672 682 897 740 ἐρέβινθοι
930 680 997 726 ἐπ’
1032 681 1202 727 ἀϊόνων
1234 682 1439 740 ἐφύοντο.

932 802 1002 846 31.
1036 802 1142 856 [67.]

349 882 480 926 Λᾶτω
512 883 584 927 καὶ
615 883 767 939 Νιόβα
799 882 916 939 μάλα
948 883 1028 940 μὲν
1060 887 1186 940 φίλαι
1217 878 1333 940 ἦσαν
1365 887 1544 942 ἔταιραι.

932 1016 1002 1060 32.
1035 1017 1140 1069 [16.]

349 1095 627 1140 Μνάσεσθαί
653 1095 753 1140 τινά
786 1114 899 1153 φαμι
929 1096 1003 1140 καὶ
1034 1096 1223 1154 ὕστερον
1254 1096 1447 1154 ἅμμεων.

371 1250 430 1285 Fr.
457 1254 512 1286 29.
563 1250 696 1287 Athen.
723 1250 809 1285 XIII
835 1249 965 1286 564D:
997 1250 1062 1286 καὶ
1092 1248 1114 1294 ἡ
1147 1248 1298 1307 Σαπφώ
1331 1249 1374 1287 δε
1405 1248 1499 1296 πρὸς
1523 1249 1588 1287 τὸν
1614 1249 1799 1309 ὑπερβαλ-

276 1295 414 1338 λόντως
444 1295 737 1343 θαυμαζόμενον
768 1295 837 1343 τὴν
868 1295 1019 1343 μορφὴν
1050 1298 1113 1334 καὶ
1145 1296 1261 1334 καλὸν
1293 1296 1392 1334 εἶναι
1416 1297 1665 1345 νομιζόμενόν
1691 1310 1799 1345 φησι·

277 1345 431 1380 Στᾶθι
456 1348 530 1380 κτλ.
558 1366 601 1371 -
627 1345 671 1380 V.
700 1349 730 1381 1.
756 1344 845 1380 Post
869 1348 934 1380 aut
964 1347 1050 1381 ante
1077 1347 1184 1400 φίλος
1207 1345 1352 1391 aliquid
1377 1346 1607 1382 intercidisse
1632 1349 1800 1393 apparet,

276 1393 433 1427 fortasse
459 1393 573 1427 στᾶθι
599 1389 719 1427 κᾶντα
743 1391 774 1428 ,Ρ
781 1390 853 1436 ιδ
880 1387 908 1428 ὦ
929 1394 1046 1437 φίλος,
1073 1393 1104 1428 si
1122 1393 1217 1428 forte
1237 1393 1387 1438 Sappho
1408 1405 1550 1428 versum
1572 1393 1802 1439 Glyconeum

278 1451 361 1474 cum
388 1439 540 1475 Alcaico
565 1439 878 1484 hendecasyllabo
905 1440 1130 1500 composuit,
1157 1441 1211 1475 sin
1233 1440 1409 1486 strophae
1428 1440 1603 1477 Alcaicae
1628 1441 1702 1477 fuit
1719 1452 1802 1478 ver-

277 1499 338 1521 sus
362 1486 596 1530 novissimus,
622 1487 741 1532 possis
766 1487 880 1522 στᾶθι
906 1487 982 1522 καὶ
1007 1485 1120 1522 ἄντα
1147 1488 1254 1539 φίλος
1279 1490 1485 1531 φίλοισιν
1511 1501 1600 1523 κατ
1624 1485 1705 1523 τάν
1725 1491 1799 1524 κτλ.

277 1534 460 1594 supplere.
484 1535 670 1594 Bentley
687 1545 834 1570 versum
861 1527 1152 1570 choriambicum
1173 1536 1252 1570 esse
1271 1536 1373 1570 ratus
1392 1535 1519 1570 Στᾶθι
1539 1532 1672 1571 κᾶντι
1693 1537 1802 1581 φίλος

277 1581 342 1616 καὶ
369 1595 450 1616 ταν
477 1578 546 1617 ἐπ’
573 1593 652 1617 οσσ
698 1578 917 1640 ἀμπέτασον
947 1580 1056 1640 χάριν
1089 1582 1205 1637 scrips
1189 1582 1253 1626 sit,
1279 1582 1421 1617 Ahrens
1446 1582 1572 1618 Στᾶθι
1597 1580 1800 1618 κάταντα
1852 1590 1856 1593 “

277 1629 386 1673 φίλος
416 1629 481 1663 καὶ
510 1626 580 1663 τὰν
614 1625 678 1664 ἐπ’
706 1626 830 1669 ὄσσοις
857 1631 862 1673 1
894 1625 1110 1674 ἀμπέτασον
1137 1625 1266 1674 χάριν,
1291 1631 1333 1664 ut
1357 1631 1515 1665 metrum
1541 1629 1592 1665 sit
1616 1631 1800 1666 encomio

276 1676 451 1732 logicum,
477 1677 518 1711 at
541 1673 709 1711 κάταντα
736 1677 783 1711 ab
808 1677 879 1711 hoc
903 1677 985 1711 loco
1005 1676 1178 1712 alienum.
1207 1696 1251 1703 —
1276 1677 1320 1713 V.
1340 1681 1375 1712 2.
1401 1673 1631 1721 ἀμπέτασον,
1657 1678 1800 1713 Ahrens

276 1720 500 1768 ὀμπέτασόν.
552 1722 660 1766 Quod
685 1723 888 1768 Hesychius
914 1723 1028 1758 habet
1052 1720 1282 1769 ἀμπέτασον,
1314 1720 1565 1778 ἀναμάλυψον
1597 1724 1671 1760 alio
1695 1724 1800 1760 vide-

276 1772 337 1804 tur
362 1771 559 1815 pertinere.
586 1790 631 1796 —
650 1769 821 1805 Fortasse
847 1771 938 1806 haec
963 1770 1082 1815 petita
1107 1771 1194 1805 sunt
1217 1783 1262 1806 ex
1287 1771 1460 1815 carmine,
1487 1772 1586 1816 quod
1611 1771 1659 1806 ad
1679 1772 1800 1808 Phozo-

276 1815 333 1851 nis
365 1828 529 1853 amorem
562 1817 756 1862 spectabat
786 1818 846 1863 (cf.
878 1818 920 1852 fr.
950 1819 1049 1871 140),
1085 1828 1310 1863 quamquam
1342 1818 1454 1853 etiam
1486 1817 1526 1854 in
1556 1819 1800 1864 epithalamio

276 1864 370 1899 haec
395 1866 570 1909 poterant
589 1864 679 1909 dici,
706 1866 806 1900 certe
827 1876 849 1900 a
869 1864 1030 1900 carmine
1050 1865 1088 1899 in
1101 1864 1280 1900 Alcaeum
1300 1865 1422 1901 aliena
1441 1868 1543 1910 sunt;
1570 1868 1613 1902 A.
1635 1866 1800 1902 Schoene

277 1911 323 1946 de
350 1911 521 1956 Sapphus
547 1911 661 1947 fratre
687 1912 789 1947 dicta
813 1916 893 1947 esse
919 1912 1138 1967 suspicatur.

371 1959 429 1994 Fr
458 1957 708 2050 30AddAdhe33,
725 1959 759 1993 ΙΙ
785 1957 1077 2042 ὅὲΡεῂΣαπῧω·
1104 1957 1269 2004 χρύσειοι
1300 1956 1398 2013 ἕρεβ.
1431 1963 1519 2043 urit.
1545 1959 1604 2042 (ἐξ
1630 1960 1799 1997 Eustath.

278 2009 359 2049 948,
385 2010 440 2040 44.
578 2017 592 2039 1
619 2018 631 2041 1
734 2017 807 2051 quo
860 2017 880 2041 e
899 2018 973 2042 lam
1035 2018 1189 2042 ermann
1215 2006 1426 2052 suspicatus
1452 2018 1490 2043 es
1605 2018 1689 2044 rens
1713 2006 1800 2054 χρύ-

277 2065 351 2088 σιοι
377 2053 536 2098 scripsit.

371 2100 429 2134 Fr.
457 2104 512 2136 31.
565 2101 697 2136 Athen.
723 2101 810 2135 XIII
829 2100 956 2136 571D:
982 2101 1150 2136 Καλοῦσι
1172 2101 1266 2158 γοῦν
1291 2100 1355 2137 καὶ
1379 2099 1424 2136 αἱ
1445 2097 1647 2159 ἐλεύθεραι
1672 2106 1800 2159 γυναῖ-

277 2160 341 2188 κες
366 2145 421 2182 ἔτι
445 2147 509 2182 καὶ
535 2148 605 2182 νῦν
630 2147 694 2182 καὶ
719 2146 762 2182 αἴ
783 2147 974 2204 παρθένοι
998 2145 1064 2189 τὰς
1089 2151 1270 2194 συνηθεις
1294 2148 1358 2183 καὶ
1377 2149 1489 2205 φίλας
1515 2144 1676 2194 ἑταίρας,
1701 2146 1750 2190 ὥς
1775 2146 1798 2194 ἡ

278 2192 462 2287 {3333
474 2193 786 2287 μάᾲέἵῖέῗζέοὲ
794 2209 897 2278 ’ἒξὲῗι
914 2192 1466 2287 (ξαέῒῖαέτέῗρίἴήοθωωῗ
1474 2198 1543 2277 ῗὲἰ
1552 2196 1604 2279 f?
1626 2193 1800 2278 Ϋῗέπα

372 2289 429 2324 Fr.
455 2292 512 2325 32.
562 2256 633 2324 Diuo
666 2289 852 2346 Chrysost
893 2289 951 2324 Or.
984 2289 1157 2325 XXXVII
1189 2289 1230 2325 T.
1263 2289 1412 2325 11535:
1450 2287 1690 2326 Μνάσασθαί
1714 2303 1799 2326 τινα

279 2333 387 2381 φάμη
419 2336 484 2371 καὶ
515 2334 643 2380 ἕτερον
669 2333 837 2382 ἀμμέων,
868 2334 969 2372 πάνυ
999 2335 1072 2381 γὰρ
1097 2337 1219 2377 καλῶς
1245 2335 1350 2372 εἶπεν
1375 2334 1397 2381 ἡ
1430 2334 1592 2381 Σαπφώ.
1620 2357 1664 2363 -
1690 2335 1799 2373 Μνα-

278 2385 415 2418 σεσθαι
429 2383 588 2419 correxit
601 2365 840 2419 Casaubonus
854 2395 921 2429 pro
940 2382 1170 2429 μνάσασθαι.
1184 2404 1228 2410 -—
1249 2397 1333 2430 φμα
1335 2384 1429 2419 ὶΒΜ
1442 2395 1462 2419 e
1476 2395 1567 2419 corr.
1587 2386 1628 2419 ut
1641 2383 1798 2421 Casaub.

278 2430 498 2474 coniecerat,
525 2430 589 2465 sed
614 2442 841 2476 quamquam
865 2430 979 2466 etiam
998 2431 1055 2466 Fr.
1077 2432 1201 2476 adesp.
1223 2435 1267 2467 53
1287 2431 1386 2476 quod
1405 2431 1575 2476 Sapphus
1595 2442 1675 2466 esse
1694 2431 1799 2467 vide-

277 2479 339 2512 tur
365 2477 462 2523 φαμὶ
482 2477 629 2523 legitur,
655 2478 808 2514 Lesbios
826 2479 869 2513 ut
887 2483 1001 2524 φαῐμι
1019 2478 1154 2514 dixisse
1174 2479 1322 2514 credam
1341 2477 1504 2514 adducor
1522 2477 1643 2513 forma
1660 2490 1756 2524 pers.
1776 2483 1798 2514 3

279 2525 372 2570 sing.
399 2529 520 2570 φαῖσι,
546 2536 620 2569 qua
640 2525 790 2570 Sappho
810 2537 875 2561 usa
901 2528 958 2561 est
981 2525 1024 2561 fr.
1046 2530 1092 2561 66
1117 2525 1444 2570 (quemadmodum
1469 2524 1514 2561 fr.
1534 2529 1579 2560 97
1605 2519 1668 2570 ἦσι
1692 2525 1799 2571 dixit7

279 2571 344 2607 sed
369 2571 477 2617 φατὶ,
509 2572 608 2616 quod
639 2572 854 2608 Heraclides
887 2584 946 2617 ap.
971 2573 1142 2609 Eustath.
1171 2577 1273 2618 1613,
1298 2576 1344 2608 28
1375 2571 1618 2653 Aeolensihlus
1655 2572 1798 2655 ίιῖὔιῖτ,

278 2600 780 2725 ξὲῗὲἕῗυὲκθῖξῗῐῇωᾳίῗά
793 2620 1288 2723 pizposleaegkggguariffitgff
1306 2619 1566 2723 881111ῃῖθοῖΠῖιὲ
1583 2631 1696 2712 1Slgph.
1703 2630 1799 2711 else?

267 2713 525 2771 ‚25:9127313090‘
543 2712 683 2772 λέγεις·
713 2707 780 2758 ,,εὖ
807 2711 854 2759 δὴ
880 2711 999 2749 ταῦτά
1024 2727 1065 2759 γε
1093 2714 1227 2759 φῆσθα
1251 2712 1364 2770 γέρον
1389 2714 1498 2759 φίλε“
1508 2722 1515 2729 ·
1541 2709 1635 2748 ἄνευ
1661 2711 1704 2749 δὲ
1729 2714 1797 2750 τοῦ

277 2767 292 2794 ῖ
315 2758 515 2815 γραπτέον,
536 2757 619 2795 ἐπεὶ
637 2760 701 2796 ’καὶ
713 2742 759 2795 οἷ
775 2759 917 2801 Αἰολεῖς
936 2759 1066 2806 φὲσθα
1085 2760 1256 2806 λέγουσιν
1270 2757 1354 2796 ἀντὶ
1366 2760 1432 2796 τοῦ
1449 2757 1583 2805 ἔλεγες.
1616 2760 1798 2806 ,,φῆσθα“

278 2808 342 2841 καὶ
366 2806 408 2842 τὸ
434 2788 612 2852 ,,ἔφησθα
631 2806 885 2853 κελαινεφές-*2
918 2808 983 2853 qui
1000 2809 1104 2844 locus
1129 2808 1239 2844 valde
1262 2807 1459 2844 mendosus
1477 2809 1549 2851 est,
1574 2819 1660 2842 nam
1679 2819 1798 2854 neque

277 2835 529 2944 Ξῖἓῖζχῗῗίι,
531 2859 647 2936 Ὑηὲἶῖ
660 2853 1322 2949 &ffissfatfe‘ssdpfssssssssssnssssssssffle
1320 2864 1669 2948 3222211‘112322321‘*
1663 2855 1798 2947 ,0333
1830 2882 1835 2886 ’
