1864 3126
217 71 245 110 4
777 70 967 106 ΡΟΕΤΑΕ
994 71 1172 109 MELICI.

217 180 398 230 discipuli
440 164 732 231 significantur,
774 183 1014 221 censendum
1054 186 1115 222 est
1150 185 1281 234 ipsum
1311 185 1571 225 Plutarchum
1610 187 1737 238 negli-

215 249 358 296 genter
389 247 511 285 verbo
543 259 621 285 non
653 249 745 296 apto
778 260 894 286 usum
927 261 1013 287 esse
1041 243 1389 299 (quemadmodum
1415 251 1536 289 etiam
1566 251 1647 289 alia
1676 250 1736 288 in-

216 311 352 350 scitiae
385 313 621 350 documenta
651 312 692 349 in
723 313 796 351 hoc
827 313 929 352 libro
961 309 1122 363 edidit);
1152 327 1244 352 nam
1276 309 1490 366 αὐλητικήν
1521 315 1598 354 dici
1622 327 1735 364 opor·

214 376 342 414 tebat:
371 377 431 414 sin
455 379 562 415 recte
589 389 629 415 se
655 377 778 416 habet
803 373 999 432 αὐλῳδίας
1024 380 1271 427 vocabulum,
1291 392 1368 419 non
1394 380 1474 418 iam
1494 380 1543 418 de
1563 378 1735 430 Olympo

214 442 465 491 accipiendus
498 444 559 480 est
590 443 717 493 locus,
749 445 817 482 sed
849 445 898 483 de
930 444 1101 491 Callino,
1139 445 1337 494 elegiacae
1374 445 1508 494 poesis
1547 445 1734 495 principe.

213 505 344 556 Igitur
377 505 588 556 Olympus,
630 508 697 557 qui
728 511 821 547 ante
853 508 1015 548 Clonam
1047 504 1280 563 αὐλῳδικῶν
1317 505 1451 560 νόμων
1487 510 1735 549 inventorem

212 571 314 609 vixit
351 573 404 609 et·
428 566 661 622 αὐλητικοὺς
699 569 846 624 νόμους
877 574 1066 622 condidit,
1105 574 1241 613 modos
1273 576 1449 623 tantum,
1482 587 1608 625 neque
1640 588 1735 615 vero

214 636 390 674 carmina
419 637 654 686 composuit.
1439 646 1442 649 ’
1488 643 1493 653 “

332 701 434 740 Sane
467 701 610 741 Suidas
643 702 755 742 dicit:
779 700 977 755 Ὄλυμπος
1010 735 1016 743 .
1042 736 1078 743 ..
1111 699 1281 755 αὐλητὴς
1311 701 1375 742 καὶ
1412 700 1577 756 ποιητὴς
1608 706 1735 756 μελῶν

211 764 278 805 καὶ
309 764 498 819 ἐλεγείων,
530 769 650 817 atque
681 768 727 816 is,
760 782 876 818 quem
907 770 1191 820 grammaticus
1224 769 1444 819 descripsit,
1476 770 1584 808 haud
1615 770 1735 810 dubie
1821 807 1824 810 .

211 834 371 881 poetam
401 832 526 871 fuisse
557 832 739 882 credidit,
773 834 840 871 sed
872 835 912 872 in
944 848 1034 873 eum
1066 847 1241 873 errorem
1272 834 1457 873 inductus
1490 837 1569 885 est,
1601 849 1732 886 quem·
1747 844 1818 876 810

210 897 422 936 admodum
453 897 581 936 nostri
612 898 809 946 homines,
842 899 1027 948 quoniam
1058 900 1260 950 ignoravit
1289 899 1483 939 vocabula
1513 900 1663 952 ποίημα
1693 904 1735 941 et

209 958 374 1013 ποιητής
405 963 526 1001 etiam
557 964 605 1002 de
630 963 803 1012 musicis,
830 964 897 1014 qui
922 965 1059 1004 modos
1083 965 1246 1013 faciunt,
1272 965 1472 1013 usurpari:
1504 966 1561 1004 ita
1585 966 1734 1015 planis-

211 1028 308 1066 sime
335 1028 543 1068 Aristotel.
569 1029 701 1067 Probl.
727 1029 820 1067 XIX
850 1031 915 1080 19,
942 1032 1014 1069 20:
1046 1028 1111 1068 καὶ
1143 1025 1285 1076 πάντες
1317 1029 1358 1068 οἱ
1384 1025 1531 1081 ἀγαθοὶ
1563 1031 1734 1082 ποιηταί,

208 1089 341 1131 πυκνὰ
373 1089 471 1144 πρὸς
502 1089 574 1143 τὴν
606 1091 727 1146 μέσην
758 1088 974 1133 ἀπαντῶσι·
1015 1090 1090 1133 κάν
1122 1090 1342 1143 ἀπέλθωσι,
1373 1090 1468 1145 ταχὺ
1501 1092 1732 1147 ἐπανέρχον-

207 1167 286 1196 ται·
318 1153 417 1207 πρὸς
448 1155 491 1196 δὲ
523 1154 645 1209 ἄλλην
678 1155 801 1206 οὕτως
832 1154 1029 1210 οὐδεμίαν.
1075 1162 1196 1209 atque
1235 1159 1373 1198 eodem
1410 1160 1604 1199 vocabulo
1642 1159 1733 1198 Plu-

209 1223 370 1261 tarchus
397 1223 461 1262 vel
485 1223 618 1272 potius
639 1223 920 1274 Aristoxenus,
951 1238 1069 1274 quem
1100 1224 1168 1262 ille
1201 1224 1422 1274 descripsit,
1448 1225 1569 1263 etiam
1597 1224 1731 1275 Olym-

208 1301 304 1337 pum
335 1290 514 1366 appellat
539 1292 664 1337 c.11,
697 1290 768 1328 ubi
800 1291 1018 1328 enarmonii
1042 1289 1200 1340 generis
1226 1289 1402 1328 inventio
1430 1290 1465 1328 ei
1491 1290 1732 1329 vindicatur:

207 1349 248 1392 τὸ
280 1368 354 1405 γαρ
386 1351 429 1392 ἕν
459 1356 542 1401 ταῖς
573 1352 706 1405 μέσαις
732 1350 968 1405 ἐναρμόνιον
997 1350 1164 1403 πυκνόν,
1191 1351 1220 1407 ᾧ
1246 1355 1322 1392 νῦν
1347 1355 1526 1405 χρῶνται,
1552 1349 1600 1393 οὗ
1627 1353 1741 1394 δοκεῖ

209 1413 330 1471 (adde
362 1431 451 1457 cum
483 1419 733 1468 Westphalio
766 1413 985 1472 ἐκείνου)
1003 1420 1072 1458 τοῦ
1103 1420 1267 1469 ποιητοῦ
1298 1414 1414 1457 εἶναιι
1459 1431 1586 1468 neque
1619 1419 1736 1457 aliter

208 1483 458 1533 accipiendus
491 1485 600 1523 locus
633 1497 663 1522 c.
699 1486 770 1523 18:
809 1487 998 1537 μαρτυρεῖ
1027 1486 1126 1536 γοῦν
1167 1499 1212 1522 τα
1246 1479 1444 1534 Ὀλύμπου
1473 1498 1512 1522 τε
1543 1499 1607 1522 και
1642 1485 1735 1534 Τερ-

207 1544 391 1599 πάνδρου
424 1545 620 1599 ποιήματα
650 1547 716 1587 καὶ
746 1552 825 1588 τῶν
855 1546 1006 1597 τούτοις
1037 1544 1306 1600 ὁμοιοτρόπων
1336 1545 1512 1588 πάντωνε
1554 1562 1647 1588 nam
1678 1549 1735 1587 ibi

208 1613 256 1652 (le
288 1614 496 1653 modorum
539 1615 811 1665 simplicitate,
848 1628 928 1653 non
965 1615 1013 1653 de
1050 1613 1290 1652 carminibus
1328 1613 1474 1663 agitur.
1505 1634 1563 1639 —
1593 1613 1734 1663 Neque

207 1679 276 1716 ubi
309 1677 401 1729 μέλη
435 1678 594 1728 Olympi
624 1682 912 1730 memorantur,
951 1680 999 1717 de
1029 1678 1270 1717 carminibus
1311 1678 1585 1728 cogitandum,
1622 1677 1734 1716 velut

207 1756 269 1792 ap.
302 1743 469 1782 Aristot.
500 1743 583 1782 Pol.
616 1743 716 1781 VIII
749 1745 787 1793 5,
818 1746 863 1783 ⁷5:
902 1740 973 1795 οὐχ
1003 1739 1139 1794 ἥκιστα
1171 1740 1213 1781 δὲ
1238 1741 1304 1781 καὶ
1335 1738 1400 1780 διὰ
1430 1744 1507 1781 τῶν
1533 1738 1732 1794 Ὀλύμπου

207 1810 351 1858 μελῶν·
382 1810 502 1847 ταῦτα
533 1805 606 1861 γὰρ
638 1804 960 1862 ὁμολογουμένως
989 1805 1057 1854 τὰς
1093 1804 1229 1859 ψυχὰς.
1260 1811 1369 1847 ποιεῖ
1394 1803 1732 1856 ἐνθουσιαστικάς,

206 1873 277 1910 ubi
309 1884 421 1910 secus
463 1872 641 1911 iudicant
680 1873 937 1923 interpretes,
979 1873 1311 1923 quemadmodum
1352 1873 1473 1911 etiam
1506 1872 1732 1911 Volkmann

206 1937 313 1976 Plut.
351 1938 399 1975 de
439 1950 541 1978 mus.
578 1951 609 1977 o.
648 1940 700 1977 19
745 1938 866 1990 δῆλον
909 1935 945 1977 δ’
995 1933 1094 1977 εἶναι
1136 1936 1202 1976 καὶ
1240 1935 1284 1976 ἐκ
1319 1939 1396 1976 τῶν
1435 1937 1641 1989 Φρυγίων,
1673 1932 1732 1976 ὅτι

207 1998 279 2041 οὐκ
310 1997 480 2054 ἠγνόητο
513 1997 556 2054 (ἡ
594 1998 692 2053 νήτη
730 2001 1008 2055 συνημμένων)
1040 1999 1108 2042 ὑπ’
1138 1997 1338 2054 Ὀλύμπου
1367 2016 1406 2041 τε
1436 2000 1503 2040 καὶ
1533 2004 1611 2041 τῶν
1637 1997 1731 2041 ἀκο-

206 2063 492 2118 λουθησάντων
518 2066 672 2122 ἐκείνῳ·
705 2066 870 2119 ἐχρῶντο
903 2063 939 2106 δ’
974 2064 1072 2122 αὐτῇ
1104 2064 1152 2107 οὐ
1184 2064 1308 2119 μόνον
1339 2063 1434 2106 κατὰ
1459 2063 1531 2118 τὴν
1555 2069 1731 2119 κροῦσιν,

206 2128 302 2171 ἀλλὰ
333 2130 398 2170 καὶ
430 2128 526 2171 κατὰ
557 2128 599 2171 τὸ
632 2131 745 2183 μέλος
775 2131 818 2171 ἐν
848 2136 928 2180 τοῖς
965 2128 1181 2187 Μητρῴοις
1218 2131 1285 2171 καὶ
1322 2130 1365 2171 ἕν
1400 2143 1475 2171 τισι
1514 2134 1592 2171 τῶν
1625 2133 1731 2183 Φρυ-

207 2198 304 2250 γίων
336 2211 546 2247 perperam
577 2193 674 2236 κατὰ
706 2196 835 2248 μέλος,
873 2199 977 2248 quod
1017 2200 1078 2236 est
1107 2200 1150 2236 in
1180 2199 1370 2244 melodiis,
1408 2198 1532 2236 vertit
1567 2199 1610 2236 in
1641 2209 1730 2236 can-

207 2264 343 2302 tilenis.
404 2262 542 2301 Potius
588 2263 693 2312 quod
729 2264 933 2313 praecedit
967 2259 1065 2302 κατὰ
1102 2265 1264 2315 κροῦσιν
1302 2263 1352 2301 ad
1393 2262 1566 2301 carmina
1605 2262 1730 2301 modis

208 2327 367 2366 musicis
400 2327 592 2376 adaptata
624 2331 685 2367 est
716 2329 979 2377 referendum,
1012 2331 1055 2368 at
1086 2330 1157 2367 hoc
1187 2341 1265 2367 non
1292 2327 1518 2378 Olympum,
1544 2326 1614 2366 sed
1646 2326 1730 2365 eius

207 2394 434 2441 sectatores,
466 2394 579 2430 velut
611 2393 884 2443 Terpandrum
918 2397 1081 2444 spectat.

326 2456 485 2507 Olympi
524 2459 631 2495 nomi
674 2459 715 2496 hi
756 2462 1028 2498 recensentur:
1069 2460 1109 2497 in
1150 2458 1369 2507 Apollinem
1410 2457 1476 2507 qui
1517 2454 1730 2496 Πολυκέ-

207 2525 360 2572 φαλος
391 2522 519 2561 dictus
553 2526 624 2570 est,
652 2537 768 2572 quem
794 2524 862 2562 alii
888 2523 1040 2563 Crateti
1067 2523 1227 2574 Olympi
1262 2519 1454 2572 discipulo
1487 2522 1728 2570 tribuebant,

207 2587 311 2626 Plut.
351 2600 382 2627 c.
424 2590 461 2626 7.
501 2587 659 2626 Pindar.
699 2589 815 2638 Pyth.
853 2590 930 2627 XII
972 2591 1023 2628 15
1069 2589 1203 2638 ibique
1247 2588 1368 2627 schol.
1405 2590 1446 2625 et
1491 2587 1662 2636 Hesych.
1693 2600 1728 2626 v·

207 2653 405 2702 Πολυκεφ.
439 2646 528 2705 (ubi
557 2665 644 2691 non
667 2655 774 2692 recte
813 2654 1120 2693 citharoedicum
1157 2654 1281 2692 melos
1313 2646 1527 2704 dicitur*);
1561 2647 1729 2703 Ἁρμά-

300 2764 334 2809 *)
360 2765 467 2801 Hunc
506 2765 656 2811 Olympi
691 2777 840 2801 nomum
878 2766 978 2802 haud
1010 2765 1121 2802 dubie
1153 2765 1306 2824 respicit
1336 2765 1538 2822 Epicrates
1566 2764 1729 2800 comicus

209 2814 322 2859 poeta
348 2823 406 2858 ap.
434 2813 567 2848 Athen.
593 2812 680 2848 XIII
701 2818 769 2848 570
791 2814 833 2849 B:
864 2812 941 2855 Τὰς
967 2812 1036 2860 μὲν
1059 2812 1131 2860 γὰρ
1157 2811 1270 2854 ἄλλοις
1298 2811 1396 2848 ἔστιν
1422 2809 1609 2853 αὐλούσας
1634 2811 1730 2848 ἰδεῖν
