1864 3126
793 127 1023 166 CORINNA.
1586 131 1675 174 545

142 239 316 294 κανδρος
346 238 650 294 ἕτεροιουμένων
681 236 722 279 δ’
753 255 820 280 και
853 237 1031 293 Κόριννα
1063 240 1242 295 ἓτεροίων
1273 239 1327 284 α’.
1384 239 1574 297 Ὠρίωνος
1604 247 1674 286 τοῦ

137 299 325 385 ’Ίξιιέωςη
337 304 381 346 ἐν
423 307 591 362 Βοιωτία
635 305 815 360 ἐγένοντο
859 306 1074 361 θυγατέρες
1117 306 1303 363 Μητιόχη
1348 309 1414 350 καὶ
1458 311 1673 363 Μενίππη·

143 362 272 422 «vtae,
301 386 364 413 οτε
390 367 561 425 Ὠρίωνα
584 366 783 425 ἠφάνισεν
808 371 848 421 ἐξ
873 367 1103 424 ἀνθρωπων
1118 371 1308 427 ’Ἄρτεμις
1334 374 1540 427 ἐτρέφοντο
1565 372 1673 428 παρὰ

141 438 189 493 ’τῇ
220 437 344 491 μητρί,
375 436 442 478 καὶ
462 433 617 491 Ἀθηνᾶ
642 436 714 491 μὲν
740 438 944 479 ἐδίδασκεν
969 434 1091 487 αὐτὰς
1114 436 1246 488 ἱστοὺς
1271 439 1512 491 ἐξυφαίνειν,
1532 437 1673 494 ’Λφρο-

143 501 230 555 δίτη
261 501 306 543 δὲ
336 498 473 552 αὐταῖς
503 502 626 543 ἔδωκε
655 499 807 552 κᾶλλος.
868 501 952 543 ἐπει
989 501 1031 543 δὲ
1064 499 1225 545 Ἀονίαν
1261 501 1359 557 ολην
1390 504 1502 558 ἔλαβε
1539 502 1673 558 λοιμὸς

141 566 209 610 καὶ
237 566 375 610 πολλοὶ
404 564 682 620 ἀπέθνησκον,
718 564 899 621 θεωροὺς
936 564 1164 610 ἀπέστειλαν
1200 568 1306 623 παρὰ
1343 567 1412 611 τὸν
1444 567 1673 611 Ἀπόλλωνα

140 629 211 676 τὸν
239 629 473 688 Γορτύνιον·
504 633 570 674 καὶ
597 630 730 683 αὐτοῖς
755 630 862 675 εἶπεν
887 629 909 675 ὁ
934 630 1043 684 θεός,
1068 631 1281 676 ἱλάσασθαι
1307 633 1380 677 δύο
1406 632 1496 684 τοὺς
1517 631 1672 688 Ἐριου-

141 698 255 749 νίους
283 695 423 748 θεούς·
454 697 533 752 ἔφη
566 697 609 740 δὲ
638 695 900 740 κατακαύσειν
930 695 1075 748 αὐτοὺς
1104 697 1177 753 τὴν
1207 704 1346 753 μῆνιν,
1384 702 1419 741 εἰ
1449 698 1523 742 δύο
1556 699 1672 741 δυσὶν

141 762 301 806 ἑκοῦσαι
329 763 526 816 παρθένοι
555 761 716 817 θύματα
754 763 946 818 γένοιντο·
982 761 1082 818 πρὸς
1119 764 1162 806 δὲ
1194 762 1243 820 δὴ
1275 763 1316 808 τὸ
1348 771 1530 819 μαντεῖον
1561 764 1670 807 οὐδε-

141 829 212 882 μία
241 832 319 871 τῶν
349 829 393 871 ἐν
423 833 468 886 τῇ
499 827 609 872 πόλει
639 829 856 883 παρθένων
886 825 1134 882 ὑπήκουσεν,
1171 829 1261 885 ἄχρι
1297 829 1399 886 γυνὴ
1439 835 1574 885 θῆσσα
1603 828 1672 873 τὸν

141 891 316 947 χρησμὸν
347 891 527 949 ἐξήνεγκε
558 891 657 948 πρὸς
686 891 754 944 τὰς
783 893 1004 949 θυγατέρας
1034 898 1103 937 τοῦ
1129 893 1328 950 Ὠρίωνος.
1362 899 1406 938 αἱ
1428 894 1466 938 δ’
1502 893 1555 947 ὦς
1580 894 1670 938 ἐπύ-

138 963 263 1001 θοντο
293 958 381 1012 περὶ
410 956 480 1001 τὸν
509 957 618 1002 ἱστὸν
647 960 826 1014 ἔχουσαι,
862 956 931 1000 τὸν
970 955 1069 1013 ὑπὲρ
1105 958 1234 1002 ἀστῶν
1269 960 1450 1004 θάνατον
1490 961 1670 1011 ἐδέξαντο

139 1024 235 1079 πρὶν
263 1020 290 1078 ἢ
321 1021 395 1078 τὴν
425 1023 635 1079 ἐπιδήμιον
666 1025 932 1067 ἐπιπεσοῦσαν
962 1022 1083 1075 αὐτὰς
1114 1023 1308 1079 ἀφανίσαι
1337 1025 1478 1079 νόσον,
1515 1027 1595 1080 τρὶς
1628 1025 1670 1068 δὲ

138 1087 383 1145 βοησόμεναι
413 1092 604 1145 χθονίους
636 1091 841 1144 δαίμονας,
866 1084 925 1132 ὅτι
950 1086 1083 1140 αὐτοῖς
1114 1091 1275 1133 ἑκοῦσαι
1297 1090 1458 1146 θύματα
1481 1093 1670 1147 γίνονται,

140 1153 337 1206 ἐπάταξαν
368 1153 509 1206 ἑαυτὰς
538 1160 585 1213 τῇ
615 1157 764 1210 κερκίδι
794 1152 901 1209 παρὰ
938 1151 1011 1207 τὴν
1049 1158 1202 1210 κλεῖδα,
1239 1158 1305 1199 καὶ
1341 1155 1562 1211 ἀνέρρηξαν
1597 1154 1670 1210 τὴν

139 1218 315 1277 σφαγήν·
346 1221 414 1262 καὶ
444 1215 560 1263 αὗται
591 1220 663 1275 μὲν
693 1219 911 1276 ἀμφότεραι
947 1221 1161 1264 κατέπεσον
1198 1223 1238 1272 ἐς
1267 1220 1340 1276 τὴν
1370 1227 1463 1278 γῆν·
1527 1225 1667 1275 Φερσε-

138 1284 245 1341 φόνη
285 1285 328 1328 δὲ
364 1286 431 1327 καὶ
455 1284 598 1340 1’Ἁιδης
636 1288 888 1340 οἰκτείραντες
930 1283 976 1327 τὰ
1021 1286 1093 1340 μὲν
1136 1286 1294 1341 σώματα
1333 1292 1411 1330 τῶν
1453 1287 1669 1342 παρθένων

136 1348 359 1406 ἠφάνισαν·
391 1348 478 1392 ἀντὶ
509 1348 547 1392 δ’
588 1350 750 1393 ἐκείνων
780 1349 943 1406 ἀστέρας
973 1348 1200 1406 ἀνήνεγκαν
1238 1353 1283 1394 ἐκ
1318 1356 1387 1407 τῆς
1422 1356 1511 1407 γῆς·
1550 1354 1592 1394 οἱ
1625 1352 1669 1394 δὲ

138 1416 327 1470 φανέντες
362 1414 644 1470 ἀνηνέχθησαν
674 1417 729 1466 εἰς
760 1413 953 1470 οὐρανόν,
991 1417 1057 1458 καὶ
1088 1415 1233 1468 αὐτοὺς
1265 1415 1478 1472 ὠνόμασαν
1509 1416 1669 1472 ἀνθρω-

137 1498 206 1525 ποι
236 1480 425 1536 κομήτας·
462 1479 672 1535 ἱδρύσαπο
705 1480 748 1522 δὲ
778 1479 920 1531 πάντες
941 1479 1080 1532 ’Ἀονες
1116 1483 1160 1524 ἐν
1191 1481 1410 1542 Ὀρχομενῷ
1446 1487 1516 1538 τῆς
1545 1487 1668 1526 Βοιω-

136 1549 220 1598 τίας
250 1545 357 1602 ἱερὸν
388 1547 580 1601 ἐπίσημον
609 1551 688 1589 τῶν
717 1546 933 1602 παρθένων
962 1544 1129 1589 τούτων·
1167 1549 1232 1591 καὶ
1272 1547 1408 1599 αὗταῖς
1444 1547 1540 1590 καθ’
1583 1548 1668 1590 ἕκα-

138 1626 230 1655 στον
260 1613 344 1663 ἔτος
373 1610 485 1667 κόροι
515 1629 553 1654 τε
583 1612 650 1654 καὶ
679 1610 794 1667 κόραι
825 1613 1050 1668 μειλὺγματα
1081 1613 1288 1667 φέρουσιν·
1328 1611 1669 1669 προσαγορεύουσι

138 1674 178 1718 δ’
213 1675 333 1728 αὐτὰς
357 1676 447 1733 ἄχρι
476 1682 553 1719 νῦν
584 1679 742 1728 Αἰολεῖς
765 1679 986 1732 κορωνίδας
1009 1680 1250 1734 παρθένους.
1301 1680 1497 1720 Carminis
1522 1681 1667 1720 titulus

128 1738 340 1798 Ἑτεροίων
365 1740 602 1798 (Mellmann
621 1740 952 1797 Ἑτεροιουμένων
977 1742 1286 1798 comendavit)
1311 1746 1525 1786 insolentia
1549 1746 1669 1785 offen-

63 1822 69 1828 ·
137 1810 213 1862 dit,
255 1810 326 1850 sed
358 1810 636 1862 Παρθενείων,
674 1812 780 1862 qnod
810 1811 954 1862 aliquis
984 1812 1186 1863 coniiciat,
1225 1812 1344 1851 nimis
1376 1812 1544 1862 recedit,
1576 1811 1667 1850 fort.

138 1875 371 1926 simpliciter
401 1871 581 1928 Κόριννα
611 1871 655 1915 α’
686 1876 958 1925 scribendum,
995 1879 1041 1916 ut
1079 1874 1260 1930 ἕτεροίων
1290 1879 1442 1917 temere
1475 1891 1522 1917 ex
1552 1890 1666 1928 prae-

138 1929 276 1991 giesso
308 1938 612 1993 ἓτεροιουμένων
642 1941 696 1981 sit
726 1942 919 1981 additum.
980 1941 1168 1981 Welcker
1192 1942 1256 1982 Kl.
1283 1942 1486 1982 Schriften
1511 1942 1553 1981 Π
1582 1944 1666 1982 136

136 2005 234 2045 item
270 2005 390 2045 titulo
421 2006 570 2046 tradito
606 2006 725 2046 fidem
769 2009 944 2058 denegat
980 2009 1102 2058 atque
1145 2005 1239 2059 μέλη
1276 2007 1540 2059 intelligenda
1578 2021 1667 2047 esse

122 2073 285 2112 censet.
327 2091 378 2098 -
421 2070 593 2111 Fallitur
636 2072 817 2122 Dfibner‚
861 2072 929 2123 qui
972 2072 1105 2128 Etym.
1136 2073 1242 2113 Flor.
1274 2073 1406 2112 Miller
1436 2074 1547 2112 Miso.
1581 2074 1664 2112 239

141 2134 290 2188 κερκίδι
325 2138 512 2175 πεπιθεῖν
543 2135 739 2177 Corinnae
770 2138 988 2178 vindicavit
1024 2140 1067 2177 et
1105 2138 1155 2177 ad
1193 2139 1267 2178 hoc
1298 2150 1459 2179 carmen
1490 2137 1665 2188 rettulit3

138 2199 236 2240 mihi
266 2200 426 2240 videtur
456 2201 712 2241 Homericum
742 2200 907 2254 ῥηιδίως.
935 2206 1122 2244 πεπιθεῖν
1153 2216 1251 2243 esse.

867 2349 941 2400 ³⁸8.

233 2647 292 2686 Fr.
318 2651 350 2684 8.
401 2647 576 2685 Priscian.
604 2648 620 2683 I
645 2652 709 2684 86·
741 2648 817 2693 „In
835 2650 1021 2707 plenoque
1043 2653 1165 2686 tamen
1188 2650 1314 2686 Aeolis
1345 2651 1460 2687 secuti
1482 2651 1549 2687 hoc
1571 2651 1665 2696 faci·

139 2705 236 2731 mum
262 2695 322 2732 illi
339 2696 433 2732 enim
451 2692 650 2741 θουγάτηρ
669 2696 798 2733 dicunt
810 2707 883 2742 pro
899 2694 1128 2743 θυγάτηρ,
1148 2710 1193 2733 ου
1212 2698 1458 2743 corripientes,
1477 2699 1532 2734 vel
1548 2699 1667 2746 maqis

1697 1293 1787 1326 1208

139 2753 162 2777 υ
187 2752 275 2779 sono
298 2754 326 2779 u
348 2743 450 2780 soliti
473 2746 560 2779 sunt
572 2744 831 2788 pronuntiare,
856 2744 1005 2790 ideoque
1022 2744 1238 2780 adscribunt
1256 2758 1295 2788 o,
1319 2755 1395 2781 non
1413 2748 1454 2781 ut
1473 2746 1665 2803 diphthon-
1692 2777 1703 2787 ,

137 2799 224 2835 quam
253 2790 416 2848 faciant,
445 2791 508 2826 sed
538 2794 581 2826 ut
610 2801 738 2826 sonum
763 2804 786 2826 v
824 2791 1014 2827 Aeolicum
1044 2792 1253 2835 ostendant,
1290 2795 1332 2828 ut
1365 2790 1665 2848 Καλλιχόρου

139 2834 285 2891 χθονὸ
295 2850 313 2878 ς
338 2850 355 2873 ε
365 2834 389 2874 ὖ
427 2838 525 2878 είας
548 2834 797 2891 θουγάτηρ.
845 2837 1027 2875 Corinnae
1046 2837 1178 2875 tribuit
1196 2838 1383 2884 Welcker,
1409 2851 1493 2875 cum
1511 2840 1551 2876 in
1569 2840 1666 2876 anti-

139 2883 222 2928 quis
247 2883 405 2921 editioni
431 2896 475 2920 us
500 2887 630 2922 contra
649 2884 819 2922 codicum
839 2885 1103 2922 auctoritatem
1117 2885 1347 2923 Callimacho
1361 2889 1461 2923 esset
1471 2887 1664 2925 tributum.

209 2948 294 2975 Pon-1·
275 2956 339 2976 nu
357 2950 436 2977 Lu.
468 2950 528 2976 m.
1335 2950 1378 2981 35
