1864 3126
780 155 1054 195 SIMONIDES.
1595 154 1683 198 473

785 291 878 335 125.
913 291 1049 345 [209]

240 383 437 443 Ἁργεῖος
469 384 655 443 Δάνδης
685 384 1011 443 σταδιοδρόμος
1042 384 1208 430 ἐνθάδε
1240 394 1379 430 κεῖται

303 461 447 511 νίκαις
480 457 723 515 Ιππόβοτον
754 454 932 515 πατρίδ’
969 458 1269 513 ἐπευκλεΐσας,

360 527 571 589 Ὀλυμπίᾳ
602 532 685 585 δίς,
718 531 766 574 ἐν
799 528 849 574 δὲ
882 530 1079 574 Πυθῶνι
1109 531 1231 586 τρία,

362 599 458 645 δύω
491 598 536 645 δ’
572 602 621 646 έν
649 598 829 661 Ἰσθμῷ,
861 597 1162 645 πεντεκαίδεκ’
1198 601 1247 645 ἐν
1279 602 1451 660 Νεμέᾳ,

241 669 320 724 τὰς
350 668 392 715 δ’
428 669 566 723 ἄλλας
595 674 723 724 νίκας
754 669 838 716 οὐκ
869 669 1058 730 εὐμαρές
1088 669 1178 716 ἐστ’
1213 670 1476 731 ἀριθμῆσαι.

147 837 245 875 nidis
272 836 447 875 carmina.
476 859 519 864 -
546 837 612 884 Ep
642 838 766 874 124A.
810 837 854 875 V.
885 843 914 874 1.
940 836 1127 883 λεύσσεις,
1154 838 1234 876 cod.
1268 838 1296 874 P
1321 836 1475 880 λεύσεις.
1505 860 1547 864 -
1582 839 1622 875 V.
1649 845 1682 876 2.

148 886 262 933 vulgo
288 887 374 933 post
397 882 583 961 ‘semitm
610 884 897 932 interpungitur.
924 907 970 912 -
996 885 1122 932 Epigr.
1147 885 1267 922 12413.
1294 886 1340 922 V.
1363 891 1395 923 1.
1421 884 1576 932 ἐπιδὼν,
1601 887 1681 923 cod.

148 970 177 1006 P
204 944 357 1006 ἐπίδοσιν).
383 989 428 996 ·—·
454 968 595 1053 κατέέη
573 982 636 1027 ’μιν
667 969 706 1004 ιιι
737 970 815 1006 Pal.
841 969 914 1006 fuit
938 967 1093 1019 κατέβη,
1119 971 1252 1016 postea
1271 982 1293 1004 ν
1313 969 1497 1006 additum.
1520 991 1562 997 —
1584 969 1628 1007 V.
1649 975 1681 1007 2.

146 1015 340 1064 θάλαμον,
366 1017 447 1054 cod.
473 1016 503 1052 P
571 1019 722 1064 αλαμος.

242 1111 369 1159 Epigr.
399 1116 477 1149 125.
527 1112 638 1149 Anth.
659 1111 737 1148 Pal.
758 1112 845 1148 XIII
866 1087 927 1148 14·
954 1112 1002 1148 ab
1028 1113 1159 1149 eadem
1180 1125 1228 1149 m.
1256 1114 1486 1159 Σιμωνίδου,
1513 1109 1576 1148 ἐπὶ
1598 1109 1683 1156 ἔξα-

147 1158 268 1207 μέτρω
293 1157 506 1218 πεντάμετρ
532 1159 597 1196 καὶ
622 1156 693 1196 δύο
704 1173 907 1214 ..totu-stom
932 1157 1013 1196 εἶτα
1041 1157 1256 1207 ἑξάμετρον.
1286 1182 1326 1187 -
1357 1161 1399 1198 V.
1429 1165 1459 1196 1.
1485 1161 1565 1197 Pal.
1592 1159 1683 1196 δᾶν-

146 1210 205 1250 δις
244 1205 536 1254 σταδιαδρόμοις,
574 1204 759 1254 posterius
797 1207 957 1243 fortasse
994 1219 1070 1244 non
1101 1208 1354 1245 reiiciendum.
1413 1207 1564 1244 Dandes
1597 1220 1681 1244 cum

148 1256 278 1292 01.‘1·1
304 1255 437 1292 vicerit
461 1255 596 1300 stadio,
622 1255 653 1291 si
680 1255 881 1291 Simonidis
906 1255 978 1291 hoc
1003 1258 1061 1292 est
1086 1256 1330 1302 epigramma,
1357 1257 1457 1292 haud
1482 1256 1539 1292 ita
1564 1256 1684 1292 multo

146 1305 232 1350 post
256 1303 354 1340 diem
380 1314 594 1349 supremum
620 1303 755 1339 obiisse
781 1303 986 1339 censendus
1012 1305 1079 1339 est.
1133 1303 1323 1340 Benudorf
1351 1316 1386 1350 p.
1417 1308 1484 1348 15,
1515 1306 1558 1339 ut
1588 1304 1685 1339 solet

147 1352 290 1386 fumum
315 1362 360 1387 ex
379 1351 462 1387 luce
481 1351 583 1395 dene,
609 1353 738 1386 censet
754 1347 911 1396 Ἀργεῖος
930 1348 1060 1401 1ᾴδας
1080 1351 1328 1395 scribendum,
1354 1355 1396 1388 ut
1415 1351 1548 1397 opinor
1568 1351 1683 1387 etiam

147 1398 282 1452 ceteris
316 1398 425 1441 Iocis
464 1398 530 1434 ubi
559 1398 631 1434 hoc
662 1398 821 1434 cursoris
853 1408 988 1434 nomen
1018 1399 1174 1445 legitur,
1210 1399 1359 1444 penitus
1390 1399 1683 1443 oblitteramus,

149 1444 327 1491 quoniam
353 1445 388 1481 ei
414 1446 524 1481 fidem
550 1445 727 1481 excedere
753 1445 911 1490 videtur,
938 1445 1032 1482 duos
1058 1428 1199 1482 eisdein
1224 1447 1458 1490 temporibus
1488 1446 1683 1482 celeberri-

147 1505 228 1530 mos
273 1503 439 1529 cursores
483 1492 616 1534 fuisse,
659 1495 859 1538 utrumque
897 1493 1089 1539 Argivum.
1147 1494 1264 1539 Atqui
1306 1494 1448 1530 Ladam
1491 1494 1685 1539 maiorem,

148 1540 251 1577 cuius
288 1540 413 1586 patria.
442 1540 649 1585 ignoratur,
681 1540 861 1586 Argivum
893 1540 1005 1577 fuisse
1046 1553 1142 1577 vana.
1178 1544 1236 1578 est
1266 1541 1479 1577 Benndorfii
1511 1553 1573 1576 sus
1601 1541 1686 1586 icio,

79 1630 87 1637 ·
148 1588 282 1624 iisdem
309 1588 413 1634 temp
415 1587 541 1623 oribus
567 1588 708 1624 Ladam
739 1588 840 1624 hunc
870 1590 909 1624 et
939 1588 1109 1624 Dandem
1134 1589 1269 1625 vixisse
1295 1589 1524 1625 confidenter
1548 1600 1568 1624 e
1598 1589 1686 1631 ixit·

149 1635 215 1672 sed
241 1635 288 1672 de
314 1635 441 1672 Ladae
467 1634 619 1671 maioris
643 1637 767 1671 aetate
794 1636 888 1671 nihil
914 1638 972 1672 est
996 1636 1204 1682 proditum,
1237 1636 1310 1672 nisi
1333 1637 1434 1683 quod
1466 1636 1573 1682 Myro
1605 1636 1685 1672 eius

149 1682 391 1719 simulacrum
419 1683 526 1726 fecit3
553 1682 640 1719 hinc
665 1682 823 1729 colligas
848 1649 1020 1720 artifieisp
1028 1683 1224 1729 aequalem
1249 1684 1326 1720 fere
1350 1684 1478 1729 fuisse,
1511 1683 1576 1730 qui
1601 1695 1685 1719 cum

149 1729 343 1777 Ageladae
369 1711 588 1776 discipqus,
614 1730 783 1776 aequalis
808 1730 964 1766 Phidiae
995 1730 1127 1777 fuerit,
1161 1732 1237 1767 fere
1262 1732 1310 1767 ab
1337 1731 1393 1768 Ol.
1419 1735 1466 1768 80
1491 1743 1610 1777 usque
1635 1731 1683 1766 ad

150 1778 207 1815 Ol.
240 1781 287 1814 90
325 1778 489 1814 floruisse
522 1779 726 1814 censendus
758 1779 823 1814 est.
870 1778 924 1814 De
956 1779 1078 1823 Lada,
1112 1779 1144 1815 si
1175 1780 1275 1815 recte
1306 1778 1478 1825 memmi,
1510 1778 1686 1815 disseruit

151 1825 195 1862 H.
222 1826 349 1862 lacobi
373 1826 413 1861 in
437 1825 752 1862 commentatione
784 1838 910 1872 gymn.
937 1826 1215 1871 Posnaniensis,
1247 1838 1343 1872 quae
1374 1838 1449 1863 non
1474 1827 1523 1863 ad
1555 1839 1687 1863 manus

149 1874 217 1909 est.
253 1894 296 1899 -
331 1873 373 1910 V.
401 1878 422 1909 3
446 1869 626 1922 Ὀλυμπίᾳ
653 1873 840 1919 Schaefer,
866 1874 980 1920 vulgo
1003 1870 1196 1920 Ὀλύμπια.
1247 1874 1339 1910 Οιιιιι
1365 1875 1410 1911 de
1437 1886 1511 1911 una
1535 1875 1686 1910 tantum

149 1919 347 1968 Olympica
380 1886 556 1956 vietor-iau
572 1909 735 1965 cdnstet,
774 1921 916 1957 conieci
951 1922 1154 1967 aliquando
1190 1919 1473 1979 Ὀλυμπιάνδις,
1511 1925 1554 1958 ut
1591 1923 1686 1958 haec

148 1965 280 2004 dorica
313 1968 432 2004 forma
464 1967 595 2012 (Bekk.
622 1968 692 2003 An.
719 1949 770 2004 1⁹11
798 1970 902 2013 1303)
936 1981 1009 2005 uon
1040 1971 1191 2005 tantum
1222 1965 1444 2015 Ὀλυμπίαζε
1478 1970 1542 2006 sed
1569 1969 1684 2005 etiam

146 2012 328 2065 Ὀλυμπίᾳ
362 2015 647 2062 significaverit,
678 2027 800 2061 neque
836 2019 961 2052 tamen
988 2017 1192 2063 quidquam
1219 2018 1457 2062 mutandum,
1489 2029 1578 2053 nam
1604 2018 1686 2063 pot-

151 2065 232 2099 erat
258 2052 418 2107 Dandae,
445 2063 509 2108 qui
535 2063 591 2100 01.
614 2067 658 2099 77
685 2063 808 2099 stadio
828 2064 948 2100 victor
966 2064 1202 2100 renuntiatus
1222 2067 1290 2110 est,
1316 2046 1512 2111 praemi-es.
1533 2064 1683 2100 dolicho

68 2144 83 2159 ‚
148 2110 209 2146 vel
235 2109 360 2147 diaulo
386 2110 458 2156 Oly
433 2111 582 2157 ympiae
608 2111 751 2147 vicisse.
779 2132 824 2138 —
853 2111 894 2147 V.
915 2115 949 2147 4.
972 2108 1108 2160 Ἰσθμῷ
1134 2111 1276 2157 scripsi,
1302 2112 1402 2148 idem
1429 2111 1573 2158 placuit
1594 2111 1685 2147 Mei-

148 2156 278 2199 nekio
309 2157 464 2194 offendit
495 2159 594 2194 enim
626 2158 790 2195 insolens
820 2159 962 2195 tradita
993 2160 1179 2206 scriptura
1210 2158 1252 2197 ἐν
1280 2156 1430 2206 Ἰσθμοῖ
1456 2160 1552 2204 (cod
1579 2159 1608 2193 P
1642 2156 1683 2194 ἐν

151 2207 218 2241 ισθ
218 2206 316 2251 μοί),
340 2217 428 2242 nam
455 2206 554 2257 quod
580 2206 680 2252 apud
701 2206 927 2242 Platonem
915 2219 954 2242 ιιι
976 2206 1116 2253 Gorgia
1136 2211 1203 2243 472
1231 2207 1370 2253 legitur
1396 2205 1437 2243 ἕν
1465 2209 1606 2250 Πυθοῖ,
1634 2206 1686 2242 ibi

151 2219 244 2288 scite
268 2234 420 2289 Boeckh
447 2252 581 2290 Oecon.
608 2253 642 2288 II
670 2257 739 2289 764
766 2250 807 2289 ἐν
834 2256 972 2302 Πυθίῳ
1000 2254 1172 2299 correxit,
1196 2266 1270 2290 non
1296 2255 1395 2291 recte
1416 2254 1534 2289 Cobet
1554 2255 1690 2289 Πυθοῖ

152 2298 313 2345 scripsit,
339 2299 404 2345 qui
428 2311 504 2335 non
528 2300 692 2336 debebat
713 2300 832 2354 spect.
860 2290 958 2337 Nov.
974 2303 1059 2347 321)
1087 2299 1128 2338 ἐν
1150 2300 1288 2349 Ἰσθμῷ
1309 2302 1384 2338 alia
1410 2302 1447 2337 id
1466 2312 1606 2358 genus
1605 2301 1687 2336 ubi-

147 2357 224 2403 que
261 2345 396 2383 tollere
434 2347 577 2391 conari,
617 2347 723 2392 atqui
760 2347 943 2385 Pindarus
974 2349 1069 2384 dixit
1102 2349 1158 2385 Ol.
1195 2315 1273 2385 ἛΤΙμΙ
1299 2352 1365 2384 81:
1404 2349 1533 2397 κλεινᾷ
1571 2345 1606 2383 τ’
1644 2346 1686 2384 ἐν

147 2390 303 2441 Ἰσθμῷ,
342 2393 470 2429 Isthm.
503 2394 537 2429 V
571 2398 632 2430 15:
678 2392 719 2430 ἐν
747 2392 903 2442 Ἰσθμῷ,
938 2396 1030 2432 item
1062 2393 1103 2433 έν
1137 2397 1298 2433 Πυθῶνι
1333 2396 1388 2432 01.
1417 2384 1532 2432 1139.
1579 2395 1685 2430 Nem.

151 2440 201 2476 XI
222 2445 279 2477 23.
308 2462 350 2467 —-
378 2439 525 2490 Νεμέᾳ,
552 2441 631 2477 cod.
653 2441 730 2478 Pal.
751 2454 792 2478 νε
797 2443 901 2488 μ,αία
928 2442 1104 2479 Scheefer
1123 2443 1218 2480 coni.
1239 2444 1516 2479 πεντεκαίδεκα
1538 2442 1685 2500 Νεμέᾳ,

152 2488 412 2525 Schneidewin
439 2486 481 2524 ἐκ
494 2477 666 2545 Νεμέας,
693 2489 865 2526 Schmidt
888 2487 995 2526 πέντ’
1018 2488 1187 2526 έκαίνυτ’
1217 2488 1258 2527 ἐν
1280 2493 1342 2534 Ν.,
1367 2502 1438 2536 ego
1457 2488 1688 2531 πεντάκις

153 2533 195 2572 ἐν
223 2534 355 2585 Νεμέᾳ
392 2537 466 2582 (vel
492 2534 689 2571 πεντάκι
723 2533 778 2581 δ’)
814 2538 856 2573 ut
887 2548 1014 2573 versus
1046 2539 1095 2574 sit
1127 2538 1378 2583 iambelegus,
1411 2549 1521 2583 quem
1553 2537 1687 2573 ascivit

151 2573 1685 2686 ξ’ἕιίἶηὲἑοῗὲἲὲ...ΝἱίιῗὲωὲοΤέἓοὲἳῗὲὲῖἳωῖἓιορέξὲθῗὲιιςᾚαξοὶζῗὲἰὲ

150 2678 209 2713 Ad
245 2678 403 2714 eundem
442 2678 591 2718 modum
630 2678 668 2713 ιιι
707 2678 833 2714 Attico
865 2678 1059 2725 epitaphio
1092 2680 1225 2716 Kaibel
1262 2684 1304 2715 51
1339 2680 1453 2715 heroo
1486 2679 1685 2715 subiicitur

148 2721 410 2782 Ἀρχεστρατην
434 2722 546 2768 ἀνδρὶ
572 2723 863 2779 ποθεινοτάτην.
898 2746 941 2752 -
975 2726 1017 2763 V.
1044 2731 1077 2763 5.
1102 2724 1330 2781 ἀριθμῆσαι,
1357 2726 1571 2763 Simonides
1595 2726 1683 2764 fort.

205 2772 362 2818 υθρῆσαι
394 2772 562 2819 scripsit,
594 2772 694 2818 quod
725 2773 838 2808 etiam
867 2773 997 2809 Nauck
1029 2773 1200 2816 coniecit,
1233 2785 1386 2810 numero
1413 2773 1681 2818 commodiore3

151 2768 204 2855 ξε
224 2819 268 2856 fr.
293 2824 375 2864 228,
401 2831 628 2865 quamquam
662 2831 735 2856 non
767 2821 945 2856 utendum
972 2821 1029 2856 est
1059 2821 1130 2857 hoc
1160 2821 1376 2857 testimonio
1407 2821 1454 2857 ad
1482 2821 1685 2857 Simonidis

152 2877 287 2902 nomen
319 2867 405 2903 huic
436 2868 561 2914 elogio
587 2867 833 2914 praemissum
865 2868 1063 2912 tuendum,
1095 2879 1182 2904 nam
1214 2868 1329 2904 alium
1360 2870 1508 2914 spectat
1540 2869 1680 2913 Iocum3

152 2913 218 2949 sed
242 2913 479 2951 Simonideae
505 2915 596 2951 artis
628 2915 729 2951 haud
754 2926 884 2961 expers
908 2917 967 2951 est
997 2915 1059 2951 hic
1084 2916 1229 2953 titulus.
1259 2937 1302 2942 —
1328 2916 1420 2952 Post
1445 2916 1480 2953 h.
1508 2927 1542 2953 v.
1569 2917 1682 2953 inter-
