1864 3126
575 84 880 124 FRAGMENTA
905 84 1174 123 ADESPOTA.
1554 84 1641 127 703

796 194 909 237 ·50.

201 275 399 322 Καύκων
432 273 479 320 θ’
514 276 660 329 ἕλικας
690 275 811 333 βόας.

837 409 906 453 51.

199 476 894 527 HLU--LU.!LU-ULUH

205 577 417 628 Τοιοῦτος
448 577 511 628 εἰς
541 574 693 632 Θήβας
723 574 827 628 πάϊς
857 572 1099 632 ἀρμάτεσσ’
1135 573 1361 633 ὀχήμενος,

836 697 906 739 52.
1380 674 1382 677 Ι
1547 707 1637 739 1333

199 777 894 801 „Lu--‡uu-u--.cu!

202 852 353 903 Μᾶλις
383 848 465 907 μὲν
497 852 605 906 ἔννη
638 848 800 894 λεπτὸν
831 847 969 906 ἔχοισ’
1005 846 1072 893 ἐπ’
1105 846 1308 904 ἀτράκτω
1339 853 1480 895 λίνον.

837 970 906 1014 53.

197 1051 308 1109 Ἐγώ
341 1069 455 1110 φαμι
488 1051 775 1149 ἰοπλοκάμων
808 1053 993 1097 Μοισᾶν
1025 1045 1076 1096 εὖ
1107 1056 1270 1110 λαχεῖν.

199 1183 257 1220 Fr.
284 1187 340 1220 50.
377 1183 513 1239 Etym.
540 1183 634 1219 Gud.
661 1186 742 1228 308,
762 1187 825 1219 26:
852 1180 1071 1224 Καύκοντες
1091 1182 1217 1225 ἕλικας
1242 1181 1351 1232 βόας·
1379 1180 1558 1242 ἀποκοπῇ
1574 1185 1640 1221 καὶ

98 1231 275 1289 συγκοπῇ
297 1228 522 1287 Καύκωνες,
542 1211 761 1267 Καυκώνων
781 1231 1022 1275 πτολίεθρον,
1048 1231 1112 1267 καὶ
1137 1229 1237 1267 κατὰ
1262 1229 1469 1289 συγκοπὴν
1481 1230 1634 1269 κώκων·

98 1269 331 1324 Ηρωδιανὸς
355 1279 442 1325 περὶ
466 1279 618 1316 παθῶν.
670 1278 914 1315 Scribendum
941 1276 1132 1314 Καύκων
1156 1275 1202 1315 θ’
1231 1278 1387 1321 ἕλικας
1448 1278 1546 1325 όας,
1581 1282 1638 1316 at—

105 1337 177 1372 que
202 1327 257 1363 its.
281 1328 349 1363 An.
377 1326 492 1362 Paris.
520 1326 639 1362 Crem.
660 1326 712 1362 IV
733 1330 789 1371 55,
815 1330 873 1372 29,
898 1326 994 1363 adde
1019 1326 1069 1363 ib.
1097 1330 1155 1373 68,
1175 1329 1221 1362 24
1247 1329 1285 1363 et
1310 1324 1368 1364 Et.
1444 1336 1494 1363 or.
1515 1327 1640 1364 Miller

106 1373 213 1410 Misc
245 1377 323 1410 180.
373 1373 543 1410 Fortasse
570 1374 682 1420 Ibyci
706 1375 774 1420 est,
798 1377 841 1410 ut
864 1355 930 1411 'ille
955 1374 1107 1411 dixerit.

531 1442 697 1481 Καύκων
721 1441 769 1480 θ’
798 1444 925 1487 ἕλικας
948 1443 1042 1493 βόας
1067 1442 1216 1491 ἥλσατο.

104 1517 179 1554 vid.
205 1517 310 1563 Ibyci
334 1517 377 1553 fr.
405 1520 461 1553 55.
511 1516 629 1563 Epion
654 1519 789 1562 poetae
816 1517 1005 1553 vindicare
1031 1517 1157 1554 studet
1181 1516 1222 1552 Ο.
1251 1517 1463 1554 Schneider.

198 1529 273 1602 F'r.y
289 1568 345 1602 51.
395 1564 596 1622 Hephaest.
629 1568 692 1601 81:
733 1562 992 1624 Τετράμετρον
1031 1563 1073 1601 δὲ
1106 1562 1381 1624 καταληκτικὸν
1417 1563 1635 1610 ἔπιωνικόν,

103 1609 597 1720 ἓεζὲἕρέἶῖᾧῖῗέῗᾶἔιῗ
602 1610 802 1718 ,ῗῖξῖῗέᾆῖ
812 1609 1479 1719 ’ἢηέἕὲτέξῗῖηὲἕῖωᾍῖἷῖξέῖἸ-,ΖἌ
1495 1612 1635 1720 3223}

102 1705 305 1766 τροχαῑκὴν
332 1703 567 1754 ἕξάσημον“
545 1722 568 1753 η
596 1704 830 1754 ἕπτάσημον,
864 1706 946 1744 εἶτα
970 1707 1039 1754 τὴν
1068 1705 1110 1744 ἐκ
1141 1710 1318 1755 τροχαίου
1345 1708 1410 1745 καὶ
1436 1711 1503 1756 τῆς
1528 1706 1638 1746 ἀδια-

103 1753 225 1801 φόρου
259 1756 505 1792 κατακλεῖδα·
544 1754 641 1792 οἷον·
681 1756 893 1798 τοιοῦτος
930 1759 1005 1792 κτλ.
1056 1754 1202 1798 Μόλις
1239 1754 1321 1803 μὲν
1352 1759 1427 1794 κτλ.
1469 1757 1527 1803 (fr.
1562 1759 1638 1804 52).

105 1803 245 1840 Versus
271 1804 330 1839 est
354 1805 593 1849 asynartetus
618 1803 895 1849 Archilochius,
921 1804 1040 1840 velut:

318 1872 515 1922 Δήμητρος
539 1872 657 1921 ἁγνῆς
681 1874 743 1911 καὶ
770 1873 885 1922 κόρης
909 1872 977 1921 τήν
1002 1873 1216 1922 πανήγυριν
1243 1875 1374 1925 σέβων.

103 1946 177 1983 vid.
202 1946 340 1983 Archil.
369 1946 410 1983 fr.
440 1951 518 1983 120.
546 1966 591 1973 —
616 1946 796 1993 τοιοῦτος,
820 1946 854 1981 Α
872 1947 1042 1990 τεοῦτος,
1067 1947 1151 1983 fort.
1178 1947 1343 1989 τοοῦτος.
1382 1947 1539 2005 Abreus,
1566 1947 1632 1993 qui

102 1994 257 2031 Aeolico
280 1996 414 2041 poetae
441 1994 651 2052 adscripsit,
676 1996 845 2036 τοίουτος
870 1993 924 2036 είς
950 1993 1108 2053 Θήβαις.
1135 2017 1178 2022 -
1210 1992 1416 2053 ἄρμάτεσσ’
1445 1991 1515 2042 ὄχή
1546 2007 1633 2036 ενος

103 2042 259 2089 Bentley
285 2042 356 2078 nisi
381 2042 480 2100 quod
505 2039 604 2099 dost„
630 2041 691 2078 PE
701 2054 782 2100 pr.
798 2043 830 2078 A
856 2042 967 2079 Turn.
993 2043 1050 2079 m
1075 2039 1280 2101 αρμάτεσσι
1299 2040 1490 2103 χήμενος,
1560 2044 1634 2089 χεί-

103 2102 225 2136 μενος,
250 2089 434 2126 Amaldus
458 2087 663 2136 ἆρματεσσ’
691 2086 908 2136 ὀχούμενος,
937 2102 1006 2137 ego
1027 2090 1117 2127 olim
1136 2088 1327 2137 ἁρμάτεσσ
1365 2089 1568 2136 ωχημὲνος.
1591 2111 1634 2116 -

108 2138 241 2174 versus
266 2138 423 2174 fortasse
451 2136 636 2174 Corinnae
661 2138 890 2174 tribuendus.

199 2185 256 2222 Fr.
283 2188 340 2221 52.
378 2185 432 2220 He
435 2186 580 2230 phaest.
601 2188 663 2221 81:
694 2182 954 2231 Τετράμετρον
981 2184 1023 2221 δὲ
1045 2183 1320 2231 καταληκτικὸν
1341 2183 1573 2222 ἐπιωνικὸν.
1596 2214 1604 2222 .
1628 2216 1634 2222 .

104 2231 211 2268 οἷον.
235 2260 241 2267 .
264 2229 412 2273 ,Μόλις
426 2197 621 2278 μὲνἜννη
635 2235 710 2268 κτλ.
726 2253 770 2258 -
790 2232 916 2273 Μᾶλις
940 2232 1083 2287 scripsi,
1110 2235 1152 2268 ut
1169 2232 1336 2269 mulieris
1362 2232 1413 2268 sit
1431 2243 1580 2277 nomen,
1606 2233 1632 2268 C

103 2281 223 2326 μᾶλις,
243 2260 307 2315 p'A
327 2277 446 2325 μόλις,
472 2279 585 2325 vulgo
610 2277 726 2346 μόλις.
753 2301 789 2305 -
813 2278 902 2334 ἔννη
922 2279 1067 2326 scripsi,
1084 2276 1206 2337 Ἔξννη
1229 2279 1347 2337 Toup,
1375 2280 1490 2326 vulgo
1502 2261 1631 2317 Ἔννα.

103 2327 148 2363 cf.
176 2327 235 2363 Et.
261 2326 310 2363 M.
338 2330 420 2371 344,
449 2331 484 2363 1:
503 2323 637 2372 ’Ἐννη
688 2325 765 2362 ἔστι
795 2326 866 2362 νῶ·
893 2328 1070 2386 σημαίνει
1092 2325 1134 2363 τὸ
1161 2325 1306 2387 vrfflw·
1321 2324 1341 2363 ὁ
1376 2325 1636 2384 παρατατικὸς

102 2374 167 2411 καὶ
194 2371 255 2411 ἐπὶ
280 2387 427 2420 πρωτης
458 2371 535 2410 ἐστὶ
567 2340 742 2420 συὲυγίας
773 2374 838 2410 καὶ
859 2371 926 2410 ἐπὶ
960 2374 1153 2432 δευτέρας·
1188 2388 1238 2411 αν
1263 2372 1335 2421 γὰρ
1363 2372 1439 2412 ἐστὶ
1465 2388 1635 2422 νωμενος

104 2419 154 2464 ὡς
178 2418 378 2468 κλώμενος,
404 2420 579 2468 δηλονότι
605 2418 682 2458 ἐστὶ
708 2422 917 2479 δευτέρας
931 2423 998 2459 τοῦ
1019 2423 1071 2458 νῶ
1092 2419 1112 2458 ὁ
1132 2419 1390 2481 παρατατικός
1413 2421 1521 2467 ἔνων,
1548 2422 1636 2468 ἔνης

105 2469 172 2516 ἔνη
148 2483 193 2516 η,
226 2470 290 2506 καὶ
322 2470 544 2525 πλεονασμῷ
575 2470 642 2505 τοῦ
674 2483 696 2504 ν
730 2468 840 2516 ἔννη,
871 2466 989 2511 οὕτως
1019 2468 1262 2515 Ηρωδιανός.
1313 2481 1420 2517 quae,
1446 2471 1490 2506 ut
1514 2471 1631 2506 etiam

103 2516 277 2554 Gaisford
302 2516 473 2562 coniecit,
498 2507 545 2554 sd
565 2517 693 2553 hunc
682 2528 805 2563 ipsum
824 2527 972 2554 versum
991 2518 1187 2554 referenda
1213 2522 1317 2562 sunt,
1344 2519 1454 2564 sedp
1458 2522 1568 2563 .,603
1588 2522 1633 2554 34

102 2566 264 2602 testatur
291 2565 404 2601 aliam
430 2565 653 2610 scripturam
681 2563 758 2601 ἔνει
785 2563 956 2611 (μάλιστα
982 2563 1052 2611 μὲν
1072 2564 1149 2602 ἔνει
1169 2565 1222 2601 ibi
1241 2547 1380 2611 legitur
1362 2567 1392 2648 fl)
1414 2576 1636 2611 comparans

105 2612 321 2649 Hesiodium
355 2612 423 2658 Op.
452 2616 519 2648 ‘17⁷
552 2616 617 2648 νεῖ
635 2609 794 2659 νήματα,
831 2614 872 2649 at
898 2612 950 2649 ibi
976 2624 1125 2659 quoque
1152 2613 1338 2659 scriptura
1388 2616 1531 2658 uctuat,
1558 2613 1587 2648 B
1614 2617 1632 2648 1

105 2660 152 2706 νῆ
185 2660 353 2705 exhibet,
386 2624 424 2695 ipd
457 2660 557 2705 quod
590 2660 705 2695 etiam
738 2660 870 2696 Suidas
900 2661 1072 2696 testatur.
1128 2660 1336 2718 Hesychius
1366 2660 1525 2696 formam
1557 2658 1635 2696 ἔνει

105 2707 242 2743 Atticis
268 2688 453 2744 attribuit.
482 2703 623 2743 -ἐπ’
651 2705 824 2753 ἅτράκτω
849 2708 967 2753 λίνον,
991 2710 1024 2743 A
1046 2704 1107 2743 ἐπ’
1134 2704 1307 2756 ἀτράκτῳ
1327 2710 1441 2743 λῖνον.
1464 2728 1506 2733 -
1533 2707 1632 2744 Fort.

105 2756 234 2791 Alcaei
265 2756 321 2791 cst
357 2766 503 2799 versus,
533 2754 607 2790 nisi
644 2754 727 2800 quis
765 2754 873 2791 malit
904 2754 1087 2791 Corinnae
1118 2744 1308 2791 vindicar‘e
1346 2756 1447 2800 (tunc
1486 2754 1633 2801 ἔχωσα

104 2813 173 2848 pro
199 2801 327 2886 {ficum
352 2803 562 2849 corrigatur
586 2803 762 2848 oportet).

243 2862 262 2885 r
299 2854 354 2886 58.
404 2850 502 2888 Plut.
535 2850 581 2885 de
612 2849 980 2896 garru1.c.5.1(oel
1011 2848 1143 2886 σκόπει
1167 2847 1235 2895 τὴν
1259 2851 1401 2886 Λυσίου
1425 2848 1550 2887 πειθὼ
1576 2851 1642 2887 καὶ
