1864 3126
227 158 314 202 458
795 162 986 199 ΡΟΕΤΑΕ
1013 164 1186 202 MELICI.

380 265 487 324 ἡμῖν
520 269 566 312 ἐκ
596 267 778 313 πάντων
808 268 929 314 τοῦτ’
965 269 1170 330 ἀπένειμε
1201 272 1331 331 τύχη·

315 336 493 382 Ἑλλάδι
523 338 608 396 γὰρ
641 340 908 393 σπεύδοντες
938 343 1198 400 ἐλευθερίην
1229 350 1479 402 περιθεῖναι
1658 361 1749 393 1150

380 408 548 466 κείμεθ’
584 407 819 471 άγηράντῳ
852 411 1072 470 χρώμενοι
1103 412 1295 473 εὐλογίῃ.

856 545 951 587 101.
987 545 1119 608 [159]
1657 562 1743 594 1151

318 637 487 687 Παῖδες
514 633 766 693 Ἀθηναίων
798 640 988 696 Περσῶν
1020 638 1209 697 στρατὸν
1242 640 1521 695 ἐξελάσαντες

377 705 571 765 ἤρκεσαν
602 706 823 770 ἀργαλέην
854 712 1033 771 πατρίδι
1065 710 1362 771 δουλοσύνην.

223 881 319 917 nidis
353 892 479 917 versus
511 881 681 926 inscripti
713 881 863 917 fuerunt
893 877 934 917 in
972 882 1082 928 cippo
1108 881 1389 917 Atheniensium
1415 892 1530 927 prope
1561 881 1745 927 Plataeas,

221 929 294 965 vid.
331 929 414 964 adn.
447 928 490 964 fr.
523 932 579 966 98.
613 949 656 954 -—-
690 929 732 965 V.
762 933 790 966 1.
824 925 977 975 ἀρετῆς,
1009 929 1120 965 Anth.
1154 929 1234 964 cod.
1261 929 1290 963 P
1322 939 1367 964 ex
1398 940 1490 965 corr.
1515 926 1663 974 ἀρετᾶς.
1699 950 1743 956 -

222 975 266 1012 V.
292 980 323 1011 2.
352 973 440 1021 ἡμῖν
468 974 509 1011 ἐκ
535 972 687 1011 πάντων
713 972 816 1011 τοῦτ’
845 977 954 1013 Anth.
982 978 1020 1012 et
1038 976 1102 1011 BD
1129 988 1187 1022 ap.
1209 975 1331 1012 Schol.
1353 974 1428 1021 Ar.‚
1452 977 1567 1022 vulgo
1588 974 1629 1012 ἐκ
1649 974 1745 1012 πάν-
1782 981 1788 984 “

220 1036 294 1058 των
319 1019 431 1059 τοῦθ’
466 1020 567 1068 ἡμῖν.
602 1044 647 1050 -
680 1023 724 1060 V.
752 1028 783 1059 3.
812 1021 1052 1067 σπεύδοντες,
1085 1024 1116 1058 D
1144 1023 1266 1059 Schol.
1294 1020 1534 1064 σπεύσαντες.
1565 1043 1609 1050 --
1642 1021 1744 1061 ἐλευ-

219 1071 367 1115 θερίην,
394 1071 473 1106 cod.
503 1071 579 1106 Pal.
606 1070 669 1105 BD
698 1068 932 1116 ἐλευθερίαν.
959 1092 1003 1097 -
1030 1074 1258 1116 περιθεῖναι,
1285 1071 1365 1106 cod.
1391 1071 1469 1106 Pal.
1495 1071 1582 1116 περὶ
1601 1074 1745 1117 θεῖναι,

219 1118 248 1152 Β
269 1120 512 1164 παραθεῖναι.
530 1139 573 1144 -
593 1118 637 1153 V.
651 1122 683 1154 4.
705 1116 904 1167 άγηράντςο
926 1119 1093 1163 Planud.,
1113 1115 1298 1166 άκηράτῳ,
1311 1118 1447 1163 Schol.,
1468 1115 1645 1167 άγηράτῳ
1666 1118 1744 1156 Pal.

310 1213 436 1259 Epigr.
467 1216 544 1249 101.
597 1212 717 1249 Schol.
745 1213 894 1250 Aristid.
916 1213 956 1249 T.
979 1213 1031 1248 III
1054 1216 1119 1248 155
1144 1217 1343 1258 postquam
1368 1213 1568 1258 adscripsit
1593 1225 1649 1259 ep.
1675 1218 1744 1250 100

214 1260 339 1306 pergit
371 1259 492 1306 ἕτεροι
524 1260 590 1295 τοῦ
625 1257 742 1296 αὐτοῦ
774 1261 819 1306 (D
852 1258 945 1296 ἄλλα
977 1261 1043 1296 τοῦ
1076 1257 1194 1296 αὐτοῦ
1221 1261 1436 1306 Σιμωνίδου
1468 1260 1533 1296 ubi
1567 1258 1675 1297 ἄλλο
1701 1272 1746 1297 ex

216 1307 430 1343 Frommelii
462 1307 567 1342 libris
600 1308 889 1353 corrigendum),
926 1308 1018 1344 item
1051 1312 1117 1343 136
1151 1307 1309 1343 subiecit
1339 1320 1366 1344 s.
1391 1319 1427 1353 p.
1457 1320 1490 1342 n.
1523 1308 1591 1343 hos
1617 1320 1743 1345 versus

215 1355 335 1400 primo
363 1354 520 1390 disticho
547 1366 602 1400 ep.
631 1358 687 1400 97,
714 1355 779 1390 ubi
804 1357 960 1401 apparet
985 1355 1049 1390 καὶ
1074 1352 1164 1390 ἄλλο
1197 1355 1257 1390 vel
1283 1355 1358 1390 tale
1385 1355 1475 1399 quid
1499 1355 1742 1400 intercidisse,

215 1402 529 1447 quemadmodum
555 1402 669 1437 etiam
696 1406 764 1438 155
788 1403 904 1439 Paris.
932 1404 963 1438 A
989 1413 1050 1448 ap.
1068 1401 1126 1438 Fr.
1147 1403 1218 1438 hoc
1238 1402 1538 1438 additamentum
1556 1403 1742 1448 neglexit3

214 1460 311 1485 vana
344 1449 460 1495 igitur
484 1449 646 1485 Kaibelii
681 1449 807 1495 opinio
842 1450 955 1486 schol.
988 1450 1061 1485 duo
1092 1449 1258 1485 carmina
1283 1450 1322 1484 in
1354 1460 1469 1484 unum
1495 1450 1742 1496 coniunxisse,

216 1508 309 1543 quae
336 1497 505 1543 copulari
531 1499 729 1542 nequeunt,
755 1498 798 1532 ut
827 1497 888 1533 vel
921 1497 1119 1533 diversitas
1151 1496 1349 1533 manifesta
1373 1498 1537 1542 κείμεθα
1565 1500 1603 1533 et
1627 1494 1737 1543 ἤρκε-

218 1557 287 1579 σαν
313 1545 448 1590 arguit.
493 1544 722 1589 (Frommelii
747 1544 833 1580 libri
864 1557 899 1590 p.
927 1549 982 1581 58.
1010 1549 1054 1580 59
1081 1544 1282 1580 Simonidis
1305 1555 1440 1580 nomen
1464 1545 1662 1590 testantur,
1698 1549 1744 1580 52

215 1592 418 1636 omittunt.)
464 1591 620 1649 Legitur
645 1593 682 1627 h.
708 1603 764 1637 ep.
792 1592 906 1627 etiam
931 1593 969 1627 in
994 1592 1145 1627 Anthol.
1173 1592 1250 1627 Pal.
1271 1591 1341 1627 VII
1366 1595 1434 1627 257
1443 1605 1452 1626 2
1486 1602 1577 1628 corr.
1604 1592 1645 1627 in
1667 1603 1740 1628 ras.

206 1637 360 1684 ’Ἄδηλον
392 1638 445 1680 εἰς
475 1652 563 1679 τους
590 1637 809 1685 Ἀθηναίους
839 1638 1063 1685 προμάχους.
1114 1639 1198 1675 Non
1227 1640 1328 1674 recte
1362 1639 1620 1675 Schneidewin
1652 1639 1744 1675 dicit

215 1687 308 1723 haec
333 1686 514 1732 inscripta
537 1687 651 1722 fuisse
676 1687 713 1721 in
740 1690 980 1723 monumento
1006 1686 1289 1722 Atheniensium
1314 1686 1362 1721 ad
1389 1686 1578 1722 Salamina
1603 1686 1742 1723 occiso·

214 1746 308 1777 rum,
333 1745 418 1770 nam
439 1745 473 1769 v.
502 1738 519 1769 1
547 1734 730 1780 pedestre,
762 1745 835 1769 non
861 1735 993 1770 navale
1019 1734 1202 1780 proelium
1234 1733 1391 1769 indicari
1417 1733 1581 1778 videtui-3
1613 1734 1742 1779 itaque

216 1781 345 1817 rettuli
371 1782 419 1817 ad
442 1782 700 1827 Athenienses,
726 1781 790 1826 qui
814 1781 976 1817 Plataeis
1002 1781 1217 1817 occiderunt
1243 1782 1369 1827 (atque
1390 1780 1433 1815 id
1458 1780 1572 1816 etiam
1598 1781 1743 1826 Kriiger

216 1829 311 1864 Hist.
339 1829 442 1865 Stud.
471 1829 487 1863 I
516 1833 557 1864 71
587 1829 760 1874 coniecit)
786 1840 1030 1874 assensusque
1056 1829 1113 1864 est
1133 1829 1305 1864 Duncker
1323 1827 1417 1863 Hist.
1439 1827 1567 1873 Antiq.
1588 1828 1640 1863 IV
1660 1831 1741 1873 847,

218 1877 329 1920 atque
356 1877 469 1911 etiam
494 1888 591 1912 nunc
616 1878 742 1921 tueor,
773 1877 872 1921 quod
905 1877 994 1912 olim
1020 1876 1206 1922 proposui.
1257 1874 1431 1921 Elogium
1457 1875 1741 1911 Atheniensium

216 1923 256 1958 in
281 1923 389 1969 cippo
415 1934 528 1969 prope
554 1924 726 1958 Plataeas
750 1923 970 1969 inscriptum
997 1934 1079 1958 cum
1106 1935 1218 1968 supra
1237 1924 1306 1968 (ep.
1332 1924 1412 1968 100)
1433 1924 1564 1966 exstet,
1591 1933 1742 1958 consen-

216 1972 368 2005 taneum
396 1971 452 2006 est
476 1971 548 2006 hoc
573 1969 672 2016 pilae
696 1970 735 2005 in
756 1970 947 2006 Ceramico
974 1970 1143 2006 additum
1163 1970 1288 2014 fuisse,
1314 1970 1629 2014 quemadmodum
1655 1970 1743 2006 bina

218 2016 414 2063 epitaphia
441 2017 717 2053 Corinthiorum
752 2020 821 2062 (ep.
850 2022 904 2052 96.
932 2019 1008 2062 97),
1041 2018 1132 2052 item
1165 2017 1413 2062 Tegeatarum
1449 2019 1521 2062 (ep.
1550 2021 1627 2053 102.
1658 2019 1741 2062 103)

217 2067 355 2101 extant.
408 2065 480 2100 Sed
515 2076 588 2101 non
620 2065 805 2110 integrum
837 2067 1024 2100 servatum
1050 2065 1121 2099 hoc
1154 2064 1401 2110 epigramma,
1428 2064 1741 2108 quemadmodum

216 2113 331 2148 etiam
357 2125 414 2158 ep.
442 2116 486 2148 97
520 2113 779 2148 detruncatum
813 2112 989 2147 exhibent
1021 2112 1135 2147 schol.
1169 2111 1279 2147 Arist.
1313 2114 1352 2146 et
1382 2110 1493 2146 Anth.
1520 2111 1611 2155 Pal„
1645 2111 1680 2146 h.
1708 2121 1739 2148 e.

214 2160 340 2203 iidem,
374 2160 438 2205 qui
469 2160 539 2195 hoc
565 2172 622 2205 ep.
654 2158 726 2195 soli
760 2160 1070 2204 propagaverunt.
1122 2159 1307 2194 Proelium
1335 2157 1444 2200 enim,
1475 2169 1548 2203 quo
1573 2158 1644 2194 viri
1667 2157 1740 2193 for—

212 2210 269 2242 tes
290 2208 553 2252 occubuerunt,
578 2218 653 2242 non
673 2207 830 2242 decebat
856 2207 1004 2242 reticeri
1031 2207 1070 2241 in
1090 2205 1271 2242 Ceramici
1295 2209 1548 2250 monumento,
1574 2207 1616 2242 ut
1632 2205 1740 2241 testi-

214 2255 373 2290 ficantur
392 2255 547 2299 antiqua
566 2254 689 2299 elogia
708 2254 871 2300 publica,
897 2265 992 2299 quae
1014 2254 1221 2300 supersunt,
1246 2253 1286 2288 in
1305 2251 1439 2297 quibus
1459 2253 1606 2298 praeter
1624 2252 1740 2288 Athe—

215 2302 399 2337 niensium
432 2313 565 2337 nomen
592 2302 707 2337 etiam
739 2301 924 2346 proelium
949 2301 1136 2337 indicatur
1168 2297 1231 2336 ἐπ’
1254 2296 1373 2335 Ἠιόνι
1398 2297 1616 2346 Στρυμόνος
1640 2295 1739 2346 ἀμφὶ

215 2347 306 2395 ῤὀάς
331 2350 370 2385 et
395 2350 624 2390 Ποτειδαίας
650 2346 688 2383 δ’
715 2346 816 2394 ἀμφὶ
842 2346 962 2389 πύλας
989 2347 1171 2394 ἔδ(αμεν).
1216 2347 1372 2383 Videtur
1396 2349 1522 2383 autem
1548 2347 1739 2383 exordium

215 2396 329 2442 elogii
354 2395 601 2442 interceptum
629 2407 718 2440 esse3
745 2396 923 2441 scriptum
948 2396 1107 2431 fortasse
1138 2395 1226 2430 fuit:
1253 2392 1407 2439 ’Ἀνδρας
1438 2393 1507 2440 μὲν
1540 2392 1646 2435 πόλις
1669 2390 1738 2439 ἥδε

215 2447 339 2480 ποθεῖ
363 2444 428 2479 καὶ
455 2445 570 2490 δῆμος
593 2441 803 2488 Ἐρεχθέως
832 2441 994 2479 Τούσδε·
1022 2443 1256 2478 Πλαταιᾶσιν
1282 2439 1319 2477 δ’
1349 2439 1389 2478 ἐν
1414 2439 1621 2487 προμάχοις
1645 2439 1739 2476 ἔθα-

215 2503 283 2527 νον
308 2493 453 2532 Παῖδες
480 2489 703 2536 Ἀθηναίων·
730 2492 887 2534 Περσῶν
918 2493 1005 2535 κτλ,
1040 2489 1352 2535 quemadmodum
1385 2491 1441 2524 est
1464 2489 1503 2524 in
1528 2488 1652 2534 elogio
1679 2487 1738 2524 Ol.

216 2543 272 2584 87,
295 2543 313 2574 1
334 2539 484 2574 condito
505 2538 648 2583 ἄνδρας
665 2537 739 2584 μὲμ
758 2537 864 2579 πόλις
884 2534 952 2582 ἥδε
975 2540 1098 2573 ποθεῖ
1110 2537 1175 2572 καὶ
1194 2537 1241 2582 δῆ
1264 2564 1419 2573 ......
1441 2532 1584 2582 πρόσθε
1605 2537 1739 2570 Ποτει-

216 2587 327 2627 δαίοις
352 2585 389 2621 οἳ
413 2584 538 2621 θάνον
565 2583 684 2631 ἔμπρο
712 2613 838 2620 .....
864 2586 999 2625 παῖδες
1019 2583 1245 2630 Ἀθηναίων·
1273 2581 1401 2629 ψυχὰν
1427 2579 1469 2618 δ’
1497 2585 1586 2635 κτλ..
1620 2582 1738 2626 Asyn-

216 2634 339 2679 deton,
373 2634 542 2678 quamvis
574 2633 667 2668 alias
700 2632 907 2668 Simonides
937 2643 1011 2668 non
1041 2631 1243 2676 admiserit,
1278 2642 1351 2667 non
1377 2631 1434 2666 est
1458 2629 1663 2665 offensloni.
1692 2649 1738 2655 —

216 2681 258 2717 V.
289 2683 319 2716 1.
347 2677 589 2724 ἐξελάσαντες
607 2679 749 2725 scripsi,
776 2680 972 2725 legebatur
992 2677 1241 2722 ἐξολέσαντες,
1268 2676 1580 2724 quemadmodum
1607 2678 1663 2712 est
1681 2687 1738 2722 ep.

218 2732 295 2772 140,
322 2733 342 2763 3
370 2728 415 2763 de
441 2729 511 2764 hoc
536 2728 618 2773 ipsa
643 2738 768 2772 pugna
801 2727 1012 2762 Plataeensi
1037 2725 1187 2771 Πέρσας
1218 2723 1482 2770 ἐξελάσαντες,
1503 2725 1623 2777 'atque
1651 2734 1738 2759 con-

215 2775 339 2811 firmat
371 2775 666 2811 emendationem
701 2775 781 2810 cod.
813 2774 929 2810 Paris.
955 2774 988 2808 A
1019 2785 1078 2819 ap.
1111 2773 1298 2809 Frommel
1329 2775 1415 2815 357,
1449 2782 1513 2816 qm
1542 2771 1737 2816 praeterea

214 2824 354 2863 παῖδας
379 2822 539 2858 exhibet.
568 2842 612 2847 —
638 2822 682 2858 V.
703 2825 735 2857 2.
763 2819 994 2866 δουλοσύνην
1020 2821 1136 2864 Plan.,
1162 2817 1392 2856 δουλοσύναν
1418 2829 1447 2854 c.
1475 2817 1551 2853 Pal.
1581 2819 1668 2863 (sec.
1688 2830 1735 2853 m.

215 2868 444 2910 δουλοσύνας
481 2869 656 2913 correxit,
697 2868 762 2904 sed
793 2868 926 2904 deinde
964 2865 1197 2903 δουλοσύναν
1236 2866 1432 2911 restituit),
1475 2865 1589 2900 schol.
1624 2865 1737 2901 Arist.

217 2918 412 2961 utramque
442 2916 661 2962 scripturam
688 2916 876 2961 praebent.
