<?xml version="1.0" encoding="UTF-8"?>
<!DOCTYPE html PUBLIC "-//W3C//DTD XHTML 1.0 Transitional//EN"
    "http://www.w3.org/TR/xhtml1/DTD/xhtml1-transitional.dtd">
<html xmlns="http://www.w3.org/1999/xhtml" xml:lang="en" lang="en">
 <head>
  <title>
</title>
<meta http-equiv="Content-Type" content="text/html;charset=utf-8" />
  <meta name='ocr-system' content='tesseract 3.04.00' />
  <meta name='ocr-capabilities' content='ocr_page ocr_carea ocr_par ocr_line ocrx_word'/>
</head>
<body>
  <div class='ocr_page' id='page_1' title='image "./poetaelyricigrae03berguoft_0240.png"; bbox 0 0 1864 3126; ppageno 0'>
   <div class='ocr_carea' id='block_1_1' title="bbox 178 153 1215 200">
    <p class='ocr_par' dir='ltr' id='par_1_1' title="bbox 178 153 1215 200">
     <span class='ocr_line' id='line_1_1' title="bbox 178 153 1215 200; baseline -0.013 0"><span class='ocrx_word' id='word_1_1' title='bbox 178 157 267 199; x_wconf 83' lang='grc'><em>230</em></span> <span class='ocrx_word' id='word_1_2' title='bbox 524 184 526 189; x_wconf 88' lang='grc'><em>.</em></span> <span class='ocrx_word' id='word_1_3' title='bbox 682 196 685 200; x_wconf 52' lang='grc'><em>,</em></span> <span class='ocrx_word' id='word_1_4' title='bbox 747 153 940 190; x_wconf 84' lang='grc' dir='ltr'><strong>ΡΟΕΤΑΕ</strong></span> <span class='ocrx_word' id='word_1_5' title='bbox 964 153 1142 189; x_wconf 84' lang='lat' dir='ltr'>MELICI.</span> <span class='ocrx_word' id='word_1_6' title='bbox 1210 155 1215 158; x_wconf 83' lang='lat'>&#39;</span> 
     </span>
    </p>
   </div>
   <div class='ocr_carea' id='block_1_2' title="bbox 842 297 1051 350">
    <p class='ocr_par' dir='ltr' id='par_1_2' title="bbox 842 297 1051 350">
     <span class='ocr_line' id='line_1_2' title="bbox 842 297 1051 350; baseline -0.005 -10"><span class='ocrx_word' id='word_1_7' title='bbox 842 297 908 340; x_wconf 88' lang='lat'><em>79.</em></span> <span class='ocrx_word' id='word_1_8' title='bbox 943 297 1051 350; x_wconf 88' lang='lat'>[93].</span> 
     </span>
    </p>
   </div>
   <div class='ocr_carea' id='block_1_3' title="bbox 299 378 1708 436">
    <p class='ocr_par' dir='ltr' id='par_1_3' title="bbox 299 378 1708 436">
     <span class='ocr_line' id='line_1_3' title="bbox 299 378 1708 436; baseline -0.004 -11"><span class='ocrx_word' id='word_1_9' title='bbox 299 387 489 436; x_wconf 79' lang='lat' dir='ltr'>Hesych.:</span> <span class='ocrx_word' id='word_1_10' title='bbox 540 384 846 436; x_wconf 87' lang='grc' dir='ltr'><em>Βρυαλίκται·</em></span> <span class='ocrx_word' id='word_1_11' title='bbox 895 382 1120 434; x_wconf 86' lang='grc' dir='ltr'><em>πολεμικοί,</em></span> <span class='ocrx_word' id='word_1_12' title='bbox 1165 378 1347 434; x_wconf 86' lang='grc' dir='ltr'><em>ὀρχησταὶ</em></span> <span class='ocrx_word' id='word_1_13' title='bbox 1389 379 1462 433; x_wconf 81' lang='grc' dir='ltr'><em>μὲν</em></span> <span class='ocrx_word' id='word_1_14' title='bbox 1502 381 1708 421; x_wconf 84' lang='grc' dir='ltr'><em>αἰδοίπου·</em></span> 
     </span>
    </p>
   </div>
   <div class='ocr_carea' id='block_1_4' title="bbox 172 442 1798 1412">
    <p class='ocr_par' dir='ltr' id='par_1_4' title="bbox 172 442 1798 1412">
     <span class='ocr_line' id='line_1_4' title="bbox 172 442 1709 504; baseline -0.005 -12"><span class='ocrx_word' id='word_1_15' title='bbox 172 450 333 504; x_wconf 81' lang='grc' dir='ltr'><strong><em>Ἴβυκος</em></strong></span> <span class='ocrx_word' id='word_1_16' title='bbox 363 449 429 490; x_wconf 85' lang='grc' dir='ltr'><em>καὶ</em></span> <span class='ocrx_word' id='word_1_17' title='bbox 455 450 702 502; x_wconf 87' lang='grc' dir='ltr'><em>Στησίχορος.</em></span> <span class='ocrx_word' id='word_1_18' title='bbox 734 450 803 488; x_wconf 90' lang='lat' dir='ltr'>ubi</span> <span class='ocrx_word' id='word_1_19' title='bbox 834 449 916 488; x_wconf 82' lang='lat' dir='ltr'>cod.</span> <span class='ocrx_word' id='word_1_20' title='bbox 949 444 1117 500; x_wconf 74' lang='grc' dir='ltr'><em>ὥρχηται</em></span> <span class='ocrx_word' id='word_1_21' title='bbox 1148 462 1230 499; x_wconf 88' lang='grc' dir='ltr'><em>μεν.</em></span> <span class='ocrx_word' id='word_1_22' title='bbox 1280 447 1325 486; x_wconf 92' lang='lat' dir='ltr'><em>O.</em></span> <span class='ocrx_word' id='word_1_23' title='bbox 1353 447 1498 485; x_wconf 75' lang='lat' dir='ltr'>Mfiller</span> <span class='ocrx_word' id='word_1_24' title='bbox 1530 442 1645 499; x_wconf 84' lang='lat' dir='ltr'>(Dor.</span> <span class='ocrx_word' id='word_1_25' title='bbox 1668 447 1709 486; x_wconf 92' lang='lat' dir='ltr'><em>II</em></span> 
     </span>
     <span class='ocr_line' id='line_1_5' title="bbox 183 509 1713 570; baseline -0.003 -14"><span class='ocrx_word' id='word_1_26' title='bbox 183 512 289 570; x_wconf 82' lang='lat'>342)</span> <span class='ocrx_word' id='word_1_27' title='bbox 323 515 572 567; x_wconf 86' lang='grc' dir='ltr'><em>βρυαλλίκται</em></span> <span class='ocrx_word' id='word_1_28' title='bbox 604 515 760 563; x_wconf 84' lang='lat' dir='ltr'>scribit,</span> <span class='ocrx_word' id='word_1_29' title='bbox 792 514 998 553; x_wconf 84' lang='lat' dir='ltr'><strong>Hermann</strong></span> <span class='ocrx_word' id='word_1_30' title='bbox 1022 513 1137 552; x_wconf 85' lang='lat' dir='ltr'>coni.:</span> <span class='ocrx_word' id='word_1_31' title='bbox 1169 512 1478 563; x_wconf 85' lang='grc' dir='ltr'><em>Βρυαλίκται·</em></span> <span class='ocrx_word' id='word_1_32' title='bbox 1509 509 1713 563; x_wconf 81' lang='grc' dir='ltr'><em>πολεμικοὶ</em></span> 
     </span>
     <span class='ocr_line' id='line_1_6' title="bbox 181 574 1710 633; baseline -0.003 -12"><span class='ocrx_word' id='word_1_33' title='bbox 181 578 379 633; x_wconf 85' lang='grc' dir='ltr'><em>ὀρχησταί·</em></span> <span class='ocrx_word' id='word_1_34' title='bbox 411 579 701 631; x_wconf 85' lang='grc' dir='ltr'><em>Βρυαλίκται</em></span> <span class='ocrx_word' id='word_1_35' title='bbox 727 576 1031 630; x_wconf 84' lang='grc' dir='ltr'><em>μενέδουποι.</em></span> <span class='ocrx_word' id='word_1_36' title='bbox 1052 574 1213 630; x_wconf 85' lang='grc' dir='ltr'><em>Ἴβυκος</em></span> <span class='ocrx_word' id='word_1_37' title='bbox 1236 581 1327 628; x_wconf 88' lang='grc' dir='ltr'><em>κτλ.,</em></span> <span class='ocrx_word' id='word_1_38' title='bbox 1353 578 1537 616; x_wconf 86' lang='lat' dir='ltr'>similiter</span> <span class='ocrx_word' id='word_1_39' title='bbox 1555 577 1710 627; x_wconf 76' lang='lat' dir='ltr'>Haupt:</span> 
     </span>
     <span class='ocr_line' id='line_1_7' title="bbox 182 638 1712 698; baseline -0.003 -13"><span class='ocrx_word' id='word_1_40' title='bbox 182 645 441 698; x_wconf 88' lang='grc' dir='ltr'><em>Βρυαλλίκται</em></span> <span class='ocrx_word' id='word_1_41' title='bbox 466 642 717 696; x_wconf 84' lang='grc' dir='ltr'><em>μενέδουποι”</em></span> <span class='ocrx_word' id='word_1_42' title='bbox 743 638 945 694; x_wconf 76' lang='grc' dir='ltr'><em>πολεμικοὶ</em></span> <span class='ocrx_word' id='word_1_43' title='bbox 970 638 1154 695; x_wconf 82' lang='grc' dir='ltr'><em>ὀρχησταί</em></span> <span class='ocrx_word' id='word_1_44' title='bbox 1162 659 1171 681; x_wconf 87' lang='lat'>:</span> <span class='ocrx_word' id='word_1_45' title='bbox 1204 646 1251 682; x_wconf 88' lang='lat' dir='ltr'><em>ut</em></span> <span class='ocrx_word' id='word_1_46' title='bbox 1274 643 1363 693; x_wconf 83' lang='lat' dir='ltr'>ipsa</span> <span class='ocrx_word' id='word_1_47' title='bbox 1389 643 1471 682; x_wconf 86' lang='lat' dir='ltr'>sive</span> <span class='ocrx_word' id='word_1_48' title='bbox 1489 642 1602 693; x_wconf 86' lang='lat' dir='ltr'>Ibyci</span> <span class='ocrx_word' id='word_1_49' title='bbox 1627 643 1712 682; x_wconf 84' lang='lat' dir='ltr'>sive</span> 
     </span>
     <span class='ocr_line' id='line_1_8' title="bbox 184 705 1712 759; baseline -0.003 -9"><span class='ocrx_word' id='word_1_50' title='bbox 184 711 400 751; x_wconf 85' lang='lat' dir='ltr'>Stesichori</span> <span class='ocrx_word' id='word_1_51' title='bbox 430 710 555 750; x_wconf 84' lang='lat' dir='ltr'>verba</span> <span class='ocrx_word' id='word_1_52' title='bbox 587 710 666 748; x_wconf 87' lang='lat' dir='ltr'>sint</span> <span class='ocrx_word' id='word_1_53' title='bbox 697 710 875 759; x_wconf 77' lang='lat' dir='ltr'>servata,</span> <span class='ocrx_word' id='word_1_54' title='bbox 907 708 976 746; x_wconf 87' lang='lat' dir='ltr'><em>sed</em></span> <span class='ocrx_word' id='word_1_55' title='bbox 1007 705 1262 759; x_wconf 84' lang='grc' dir='ltr'><em>μενέδουποι,</em></span> <span class='ocrx_word' id='word_1_56' title='bbox 1299 708 1346 746; x_wconf 84' lang='lat' dir='ltr'><em>ut</em></span> <span class='ocrx_word' id='word_1_57' title='bbox 1376 708 1582 757; x_wconf 85' lang='lat' dir='ltr'>ingeniose</span> <span class='ocrx_word' id='word_1_58' title='bbox 1611 706 1712 746; x_wconf 85' lang='lat' dir='ltr'>Her-</span> 
     </span>
     <span class='ocr_line' id='line_1_9' title="bbox 183 773 1713 823; baseline -0.004 -7"><span class='ocrx_word' id='word_1_59' title='bbox 183 790 305 816; x_wconf 82' lang='lat' dir='ltr'>mann</span> <span class='ocrx_word' id='word_1_60' title='bbox 335 776 540 823; x_wconf 73' lang='lat' dir='ltr'>divinavit,</span> <span class='ocrx_word' id='word_1_61' title='bbox 571 777 659 813; x_wconf 88' lang='lat' dir='ltr'><em>tum</em></span> <span class='ocrx_word' id='word_1_62' title='bbox 691 774 851 813; x_wconf 89' lang='lat' dir='ltr'>demum</span> <span class='ocrx_word' id='word_1_63' title='bbox 882 775 989 812; x_wconf 81' lang='lat' dir='ltr'>recte</span> <span class='ocrx_word' id='word_1_64' title='bbox 1021 785 1064 812; x_wconf 86' lang='lat' dir='ltr'><em>se</em></span> <span class='ocrx_word' id='word_1_65' title='bbox 1095 773 1234 821; x_wconf 87' lang='lat' dir='ltr'>habet,</span> <span class='ocrx_word' id='word_1_66' title='bbox 1269 773 1304 812; x_wconf 89' lang='lat' dir='ltr'>si</span> <span class='ocrx_word' id='word_1_67' title='bbox 1333 785 1413 811; x_wconf 89' lang='lat' dir='ltr'><em>non</em></span> <span class='ocrx_word' id='word_1_68' title='bbox 1445 773 1713 820; x_wconf 79' lang='lat' dir='ltr'>saltatatores,</span> 
     </span>
     <span class='ocr_line' id='line_1_10' title="bbox 185 838 1711 892; baseline -0.004 -11"><span class='ocrx_word' id='word_1_69' title='bbox 185 842 256 882; x_wconf 87' lang='lat' dir='ltr'><em>sed</em></span> <span class='ocrx_word' id='word_1_70' title='bbox 286 854 358 892; x_wconf 82' lang='lat' dir='ltr'><em>per</em></span> <span class='ocrx_word' id='word_1_71' title='bbox 388 841 692 879; x_wconf 76' lang='lat' dir='ltr'>translationem</span> <span class='ocrx_word' id='word_1_72' title='bbox 723 839 940 877; x_wconf 80' lang='lat' dir='ltr'>bellatores</span> <span class='ocrx_word' id='word_1_73' title='bbox 972 838 1172 877; x_wconf 84' lang='lat' dir='ltr'>dicuntur.</span> <span class='ocrx_word' id='word_1_74' title='bbox 1226 839 1312 888; x_wconf 86' lang='lat' dir='ltr'><em>Ego</em></span> <span class='ocrx_word' id='word_1_75' title='bbox 1344 838 1515 876; x_wconf 83' lang='lat' dir='ltr'>tentavi:</span> <span class='ocrx_word' id='word_1_76' title='bbox 1557 839 1711 887; x_wconf 86' lang='grc' dir='ltr'><em>Βρυα-</em></span> 
     </span>
     <span class='ocr_line' id='line_1_11' title="bbox 185 897 1713 956; baseline -0.003 -10"><span class='ocrx_word' id='word_1_77' title='bbox 185 903 355 946; x_wconf 65' lang='grc' dir='ltr'><em>λικταῗ·</em></span> <span class='ocrx_word' id='word_1_78' title='bbox 386 904 607 956; x_wconf 85' lang='grc' dir='ltr'><em>πολεμικοί,</em></span> <span class='ocrx_word' id='word_1_79' title='bbox 639 900 821 955; x_wconf 85' lang='grc' dir='ltr'><em>ὀρχησταὶ</em></span> <span class='ocrx_word' id='word_1_80' title='bbox 851 901 1068 953; x_wconf 75' lang='grc' dir='ltr'><em>ἔνοπλοι,</em></span> <span class='ocrx_word' id='word_1_81' title='bbox 1100 897 1338 954; x_wconf 81' lang='grc' dir='ltr'><em>ὦς,”Ιβυκος</em></span> <span class='ocrx_word' id='word_1_82' title='bbox 1367 901 1434 941; x_wconf 82' lang='grc' dir='ltr'><em>καὶ</em></span> <span class='ocrx_word' id='word_1_83' title='bbox 1462 902 1713 954; x_wconf 87' lang='grc' dir='ltr'><em>Στησίχορος,</em></span> 
     </span>
     <span class='ocr_line' id='line_1_12' title="bbox 186 962 1715 1021; baseline -0.004 -10"><span class='ocrx_word' id='word_1_84' title='bbox 186 985 276 1011; x_wconf 85' lang='lat' dir='ltr'><em>cum</em></span> <span class='ocrx_word' id='word_1_85' title='bbox 315 973 434 1010; x_wconf 83' lang='lat' dir='ltr'>antea</span> <span class='ocrx_word' id='word_1_86' title='bbox 470 967 671 1020; x_wconf 83' lang='grc' dir='ltr'><em>πολεμικοὶ</em></span> <span class='ocrx_word' id='word_1_87' title='bbox 709 965 892 1020; x_wconf 85' lang='grc' dir='ltr'><em>ὀρχησταὶ</em></span> <span class='ocrx_word' id='word_1_88' title='bbox 928 964 1020 1019; x_wconf 79' lang='grc' dir='ltr'><em>μετὰ</em></span> <span class='ocrx_word' id='word_1_89' title='bbox 1056 964 1270 1019; x_wconf 79' lang='grc' dir='ltr'><em>προσώπου</em></span> <span class='ocrx_word' id='word_1_90' title='bbox 1302 962 1588 1021; x_wconf 79' lang='grc' dir='ltr'><em>(προσωπείου)</em></span> <span class='ocrx_word' id='word_1_91' title='bbox 1626 979 1715 1006; x_wconf 82' lang='lat' dir='ltr'>eon-</span> 
     </span>
     <span class='ocr_line' id='line_1_13' title="bbox 186 1029 1715 1086; baseline -0.004 -11"><span class='ocrx_word' id='word_1_92' title='bbox 186 1037 387 1086; x_wconf 86' lang='lat' dir='ltr'>ieoissem,</span> <span class='ocrx_word' id='word_1_93' title='bbox 419 1036 608 1085; x_wconf 85' lang='lat' dir='ltr'>Hartung</span> <span class='ocrx_word' id='word_1_94' title='bbox 633 1034 868 1085; x_wconf 86' lang='grc' dir='ltr'><em>πελεμικτοί,</em></span> <span class='ocrx_word' id='word_1_95' title='bbox 899 1029 1080 1086; x_wconf 83' lang='grc' dir='ltr'><em>ὀρχησταὶ</em></span> <span class='ocrx_word' id='word_1_96' title='bbox 1106 1029 1198 1084; x_wconf 77' lang='grc' dir='ltr'><em>μετὰ</em></span> <span class='ocrx_word' id='word_1_97' title='bbox 1224 1029 1389 1072; x_wconf 81' lang='grc' dir='ltr'><em>δούπου.</em></span> <span class='ocrx_word' id='word_1_98' title='bbox 1433 1033 1526 1072; x_wconf 78' lang='lat' dir='ltr'>Alia,</span> <span class='ocrx_word' id='word_1_99' title='bbox 1550 1032 1715 1072; x_wconf 87' lang='lat' dir='ltr'>molitur</span> 
     </span>
     <span class='ocr_line' id='line_1_14' title="bbox 188 1093 1715 1150; baseline -0.003 -11"><span class='ocrx_word' id='word_1_100' title='bbox 188 1101 386 1149; x_wconf 84' lang='lat' dir='ltr'>Schmidt,</span> <span class='ocrx_word' id='word_1_101' title='bbox 429 1100 496 1150; x_wconf 89' lang='lat' dir='ltr'>qui</span> <span class='ocrx_word' id='word_1_102' title='bbox 527 1113 616 1138; x_wconf 87' lang='lat' dir='ltr'><em>oum</em></span> <span class='ocrx_word' id='word_1_103' title='bbox 647 1099 828 1150; x_wconf 85' lang='lat' dir='ltr'>proxima</span> <span class='ocrx_word' id='word_1_104' title='bbox 858 1099 993 1150; x_wconf 81' lang='lat' dir='ltr'>glossa</span> <span class='ocrx_word' id='word_1_105' title='bbox 1024 1093 1263 1150; x_wconf 87' lang='grc' dir='ltr'><em>(βρυανίων,</em></span> <span class='ocrx_word' id='word_1_106' title='bbox 1301 1093 1620 1149; x_wconf 80' lang='grc' dir='ltr'><em>μετεωριζόμενος</em></span> <span class='ocrx_word' id='word_1_107' title='bbox 1648 1094 1715 1135; x_wconf 82' lang='grc' dir='ltr'><em>καὶ</em></span> 
     </span>
     <span class='ocr_line' id='line_1_15' title="bbox 188 1156 1716 1218; baseline -0.003 -13"><span class='ocrx_word' id='word_1_108' title='bbox 188 1160 409 1218; x_wconf 82' lang='grc' dir='ltr'><em>κορωνιῶν)</em></span> <span class='ocrx_word' id='word_1_109' title='bbox 432 1166 635 1204; x_wconf 72' lang='lat' dir='ltr'>coniunxit</span> <span class='ocrx_word' id='word_1_110' title='bbox 659 1166 701 1204; x_wconf 86' lang='lat' dir='ltr'>in</span> <span class='ocrx_word' id='word_1_111' title='bbox 725 1165 829 1204; x_wconf 83' lang='lat' dir='ltr'>hune</span> <span class='ocrx_word' id='word_1_112' title='bbox 848 1164 1027 1203; x_wconf 87' lang='lat' dir='ltr'>modum:</span> <span class='ocrx_word' id='word_1_113' title='bbox 1059 1162 1350 1215; x_wconf 87' lang='grc' dir='ltr'><em>Βρυαλιχικταί·</em></span> <span class='ocrx_word' id='word_1_114' title='bbox 1375 1159 1565 1202; x_wconf 84' lang='grc' dir='ltr'><em>πολιτικοὶ</em></span> <span class='ocrx_word' id='word_1_115' title='bbox 1589 1156 1716 1215; x_wconf 85' lang='lat' dir='ltr'><strong>(haud</strong></span> 
     </span>
     <span class='ocr_line' id='line_1_16' title="bbox 191 1224 1717 1282; baseline -0.003 -12"><span class='ocrx_word' id='word_1_116' title='bbox 191 1232 309 1270; x_wconf 86' lang='lat' dir='ltr'>dubie</span> <span class='ocrx_word' id='word_1_117' title='bbox 334 1228 535 1281; x_wconf 83' lang='grc' dir='ltr'><em>πολεμικοὶ</em></span> <span class='ocrx_word' id='word_1_118' title='bbox 563 1230 734 1268; x_wconf 83' lang='lat' dir='ltr'>seribere</span> <span class='ocrx_word' id='word_1_119' title='bbox 759 1227 906 1282; x_wconf 86' lang='lat' dir='ltr'>voluit)</span> <span class='ocrx_word' id='word_1_120' title='bbox 933 1225 1115 1281; x_wconf 83' lang='grc' dir='ltr'><em>ὀρχησταὶ</em></span> <span class='ocrx_word' id='word_1_121' title='bbox 1140 1226 1211 1280; x_wconf 81' lang='grc' dir='ltr'><em>μὲν</em></span> <span class='ocrx_word' id='word_1_122' title='bbox 1236 1227 1421 1268; x_wconf 83' lang='grc' dir='ltr'><em>αἰδοίπου</em></span> <span class='ocrx_word' id='word_1_123' title='bbox 1441 1224 1619 1279; x_wconf 85' lang='grc' dir='ltr'><em>Ἴβυκος,</em></span> <span class='ocrx_word' id='word_1_124' title='bbox 1649 1224 1717 1266; x_wconf 83' lang='grc' dir='ltr'><em>καὶ</em></span> 
     </span>
     <span class='ocr_line' id='line_1_17' title="bbox 191 1290 1798 1348; baseline -0.003 -13"><span class='ocrx_word' id='word_1_125' title='bbox 191 1296 430 1348; x_wconf 86' lang='grc' dir='ltr'><em>Στησίχορος</em></span> <span class='ocrx_word' id='word_1_126' title='bbox 449 1295 727 1347; x_wconf 84' lang='grc' dir='ltr'><em>βρυαλιχίζων,</em></span> <span class='ocrx_word' id='word_1_127' title='bbox 755 1290 1074 1346; x_wconf 82' lang='grc' dir='ltr'><em>μετεωριζόμενος</em></span> <span class='ocrx_word' id='word_1_128' title='bbox 1092 1292 1159 1333; x_wconf 83' lang='grc' dir='ltr'><em>καὶ</em></span> <span class='ocrx_word' id='word_1_129' title='bbox 1177 1295 1398 1345; x_wconf 85' lang='grc' dir='ltr'><em>κορωνιῶν,</em></span> <span class='ocrx_word' id='word_1_130' title='bbox 1421 1306 1560 1332; x_wconf 85' lang='lat' dir='ltr'>rursus</span> <span class='ocrx_word' id='word_1_131' title='bbox 1581 1294 1715 1331; x_wconf 86' lang='lat' dir='ltr'>autem</span> <span class='ocrx_word' id='word_1_132' title='bbox 1729 1298 1798 1330; x_wconf 75' lang='lat'><em>994</em></span> 
     </span>
     <span class='ocr_line' id='line_1_18' title="bbox 192 1356 1715 1412; baseline -0.004 -11"><span class='ocrx_word' id='word_1_133' title='bbox 192 1364 290 1401; x_wconf 80' lang='lat' dir='ltr'>haee</span> <span class='ocrx_word' id='word_1_134' title='bbox 309 1373 495 1412; x_wconf 81' lang='lat' dir='ltr'>perverse</span> <span class='ocrx_word' id='word_1_135' title='bbox 516 1361 664 1410; x_wconf 79' lang='lat' dir='ltr'>scripta</span> <span class='ocrx_word' id='word_1_136' title='bbox 683 1372 770 1399; x_wconf 88' lang='lat' dir='ltr'>esse</span> <span class='ocrx_word' id='word_1_137' title='bbox 790 1360 992 1399; x_wconf 84' lang='lat' dir='ltr'>existimat</span> <span class='ocrx_word' id='word_1_138' title='bbox 1013 1372 1085 1410; x_wconf 86' lang='lat' dir='ltr'><em>pro</em></span> <span class='ocrx_word' id='word_1_139' title='bbox 1105 1356 1373 1411; x_wconf 84' lang='grc' dir='ltr'><em>Βρυλλιχικταὶ</em></span> <span class='ocrx_word' id='word_1_140' title='bbox 1391 1361 1432 1398; x_wconf 86' lang='lat' dir='ltr'><em>et</em></span> <span class='ocrx_word' id='word_1_141' title='bbox 1451 1356 1715 1410; x_wconf 84' lang='grc' dir='ltr'><em>βρυλλιχίζων.</em></span> 
     </span>
    </p>
   </div>
   <div class='ocr_carea' id='block_1_5' title="bbox 779 1468 1059 1528">
    <p class='ocr_par' dir='ltr' id='par_1_5' title="bbox 779 1468 1059 1528">
     <span class='ocr_line' id='line_1_19' title="bbox 779 1468 1059 1528; baseline -0.004 -11"><span class='ocrx_word' id='word_1_142' title='bbox 779 1468 781 1470; x_wconf 80' lang='grc'><strong>’</strong></span> <span class='ocrx_word' id='word_1_143' title='bbox 852 1473 1059 1528; x_wconf 64' lang='lat'>80.[87]</span> 
     </span>
    </p>
   </div>
   <div class='ocr_carea' id='block_1_6' title="bbox 196 1555 1717 1680">
    <p class='ocr_par' dir='ltr' id='par_1_6' title="bbox 196 1555 1717 1680">
     <span class='ocr_line' id='line_1_20' title="bbox 315 1555 1717 1614; baseline -0.003 -13"><span class='ocrx_word' id='word_1_144' title='bbox 315 1563 505 1614; x_wconf 67' lang='lat' dir='ltr'>Hesych:</span> <span class='ocrx_word' id='word_1_145' title='bbox 537 1556 870 1612; x_wconf 79' lang='grc' dir='ltr'><em>Ναυκληρτόσιμοι</em></span> <span class='ocrx_word' id='word_1_146' title='bbox 901 1557 1045 1613; x_wconf 77' lang='grc' dir='ltr'><em>στέγαι·</em></span> <span class='ocrx_word' id='word_1_147' title='bbox 1077 1555 1123 1598; x_wconf 75' lang='grc' dir='ltr'><em>τὰ</em></span> <span class='ocrx_word' id='word_1_148' title='bbox 1148 1559 1384 1608; x_wconf 81' lang='grc' dir='ltr'><em>πανδοκεῖα,</em></span> <span class='ocrx_word' id='word_1_149' title='bbox 1416 1555 1498 1597; x_wconf 81' lang='grc' dir='ltr'><em>ἐπεὶ</em></span> <span class='ocrx_word' id='word_1_150' title='bbox 1528 1556 1626 1598; x_wconf 75' lang='grc' dir='ltr'><em>ἔνιοι</em></span> <span class='ocrx_word' id='word_1_151' title='bbox 1656 1555 1717 1610; x_wconf 86' lang='grc' dir='ltr'><em>ε’μ-</em></span> 
     </span>
     <span class='ocr_line' id='line_1_21' title="bbox 196 1619 1635 1680; baseline -0.004 -12"><span class='ocrx_word' id='word_1_152' title='bbox 196 1631 335 1680; x_wconf 84' lang='grc' dir='ltr'><em>πορεῖα</em></span> <span class='ocrx_word' id='word_1_153' title='bbox 366 1626 564 1680; x_wconf 81' lang='grc' dir='ltr'><em>λέγουσιν·</em></span> <span class='ocrx_word' id='word_1_154' title='bbox 598 1621 650 1673; x_wconf 80' lang='grc' dir='ltr'><em>ὡς</em></span> <span class='ocrx_word' id='word_1_155' title='bbox 680 1624 746 1664; x_wconf 83' lang='grc' dir='ltr'><em>καὶ</em></span> <span class='ocrx_word' id='word_1_156' title='bbox 776 1625 1015 1677; x_wconf 87' lang='grc' dir='ltr'><em>Στησίχορος</em></span> <span class='ocrx_word' id='word_1_157' title='bbox 1046 1619 1307 1677; x_wconf 80' lang='grc' dir='ltr'><em>ἐμπορικὸν</em></span> <span class='ocrx_word' id='word_1_158' title='bbox 1338 1619 1472 1663; x_wconf 85' lang='grc' dir='ltr'><em>οἷκον</em></span> <span class='ocrx_word' id='word_1_159' title='bbox 1503 1622 1635 1675; x_wconf 86' lang='grc' dir='ltr'><em>φησίν.</em></span> 
     </span>
    </p>
   </div>
   <div class='ocr_carea' id='block_1_7' title="bbox 926 1742 994 1783">
    <p class='ocr_par' dir='ltr' id='par_1_7' title="bbox 926 1742 994 1783">
     <span class='ocr_line' id='line_1_22' title="bbox 926 1742 994 1783; baseline 0 0"><span class='ocrx_word' id='word_1_160' title='bbox 926 1742 994 1783; x_wconf 87' lang='grc'><em>81.</em></span> 
     </span>
    </p>
   </div>
   <div class='ocr_carea' id='block_1_8' title="bbox 200 1819 1721 1946">
    <p class='ocr_par' dir='ltr' id='par_1_8' title="bbox 200 1819 1721 1946">
     <span class='ocr_line' id='line_1_23' title="bbox 320 1819 1721 1878; baseline -0.002 -11"><span class='ocrx_word' id='word_1_161' title='bbox 320 1830 447 1869; x_wconf 86' lang='lat' dir='ltr'>Sohol.</span> <span class='ocrx_word' id='word_1_162' title='bbox 487 1829 538 1867; x_wconf 80' lang='lat' dir='ltr'><em>ad</em></span> <span class='ocrx_word' id='word_1_163' title='bbox 573 1828 736 1878; x_wconf 84' lang='lat' dir='ltr'>Dionys.</span> <span class='ocrx_word' id='word_1_164' title='bbox 769 1828 909 1866; x_wconf 83' lang='lat' dir='ltr'>Thrae.</span> <span class='ocrx_word' id='word_1_165' title='bbox 946 1827 987 1865; x_wconf 92' lang='lat' dir='ltr'>in</span> <span class='ocrx_word' id='word_1_166' title='bbox 1025 1827 1150 1866; x_wconf 91' lang='lat' dir='ltr'>Bekk.</span> <span class='ocrx_word' id='word_1_167' title='bbox 1180 1826 1257 1865; x_wconf 87' lang='lat' dir='ltr'><em>An.</em></span> <span class='ocrx_word' id='word_1_168' title='bbox 1289 1826 1329 1864; x_wconf 91' lang='lat' dir='ltr'><em>II</em></span> <span class='ocrx_word' id='word_1_169' title='bbox 1361 1827 1464 1877; x_wconf 81' lang='lat'>945,</span> <span class='ocrx_word' id='word_1_170' title='bbox 1498 1827 1571 1864; x_wconf 85' lang='lat'><em>25:</em></span> <span class='ocrx_word' id='word_1_171' title='bbox 1623 1819 1721 1864; x_wconf 84' lang='grc' dir='ltr'><em>Οἷον</em></span> 
     </span>
     <span class='ocr_line' id='line_1_24' title="bbox 200 1886 1578 1946; baseline -0.004 -11"><span class='ocrx_word' id='word_1_172' title='bbox 200 1894 388 1945; x_wconf 75' lang='grc' dir='ltr'><em>ἔνδοθεν,</em></span> <span class='ocrx_word' id='word_1_173' title='bbox 419 1892 589 1941; x_wconf 75' lang='grc' dir='ltr'><em>ἔξοθεν</em></span> <span class='ocrx_word' id='word_1_174' title='bbox 618 1888 725 1944; x_wconf 83' lang='grc' dir='ltr'><em>παρὰ</em></span> <span class='ocrx_word' id='word_1_175' title='bbox 756 1888 1002 1946; x_wconf 79' lang='grc' dir='ltr'><em>Στησιχόρῳ,</em></span> <span class='ocrx_word' id='word_1_176' title='bbox 1033 1887 1259 1943; x_wconf 85' lang='grc' dir='ltr'><em>πρόσσοθεν</em></span> <span class='ocrx_word' id='word_1_177' title='bbox 1288 1886 1381 1942; x_wconf 84' lang='grc' dir='ltr'><em>παρ’</em></span> <span class='ocrx_word' id='word_1_178' title='bbox 1411 1886 1578 1945; x_wconf 83' lang='grc' dir='ltr'><em>Ὁμήρῳ.</em></span> 
     </span>
    </p>
   </div>
   <div class='ocr_carea' id='block_1_9' title="bbox 857 2006 1063 2060">
    <p class='ocr_par' dir='ltr' id='par_1_9' title="bbox 857 2006 1063 2060">
     <span class='ocr_line' id='line_1_25' title="bbox 857 2006 1063 2060; baseline -0.01 -10"><span class='ocrx_word' id='word_1_179' title='bbox 857 2006 1063 2060; x_wconf 67' lang='grc'><strong>82.[65]</strong></span> 
     </span>
    </p>
   </div>
   <div class='ocr_carea' id='block_1_10' title="bbox 200 2088 1724 2278">
    <p class='ocr_par' dir='ltr' id='par_1_10' title="bbox 200 2088 1724 2278">
     <span class='ocr_line' id='line_1_26' title="bbox 319 2088 1724 2146; baseline -0.003 -12"><span class='ocrx_word' id='word_1_180' title='bbox 319 2096 453 2146; x_wconf 87' lang='lat' dir='ltr'>Etym.</span> <span class='ocrx_word' id='word_1_181' title='bbox 485 2095 538 2135; x_wconf 91' lang='lat' dir='ltr'><em>M.</em></span> <span class='ocrx_word' id='word_1_182' title='bbox 568 2108 605 2144; x_wconf 91' lang='lat' dir='ltr'><em>p.</em></span> <span class='ocrx_word' id='word_1_183' title='bbox 642 2095 742 2144; x_wconf 86' lang='lat'>100,</span> <span class='ocrx_word' id='word_1_184' title='bbox 774 2095 849 2132; x_wconf 85' lang='lat'><em>47:</em></span> <span class='ocrx_word' id='word_1_185' title='bbox 892 2094 1060 2143; x_wconf 83' lang='grc' dir='ltr'><em>Σφῆλον</em></span> <span class='ocrx_word' id='word_1_186' title='bbox 1089 2088 1164 2144; x_wconf 78' lang='grc' dir='ltr'><em>γὰρ</em></span> <span class='ocrx_word' id='word_1_187' title='bbox 1193 2088 1235 2132; x_wconf 89' lang='grc' dir='ltr'><em>τὸ</em></span> <span class='ocrx_word' id='word_1_188' title='bbox 1267 2088 1447 2144; x_wconf 85' lang='grc' dir='ltr'><em>ἰσχυρόν·</em></span> <span class='ocrx_word' id='word_1_189' title='bbox 1486 2091 1724 2142; x_wconf 88' lang='grc' dir='ltr'><em>Στησίχορος</em></span> 
     </span>
     <span class='ocr_line' id='line_1_27' title="bbox 202 2152 1724 2213; baseline -0.003 -13"><span class='ocrx_word' id='word_1_190' title='bbox 202 2160 461 2212; x_wconf 86' lang='grc' dir='ltr'><em>ε’ρίσφηλον</em></span> <span class='ocrx_word' id='word_1_191' title='bbox 499 2158 576 2210; x_wconf 76' lang='grc' dir='ltr'><em>ἔφη</em></span> <span class='ocrx_word' id='word_1_192' title='bbox 594 2154 676 2198; x_wconf 67' lang='grc' dir='ltr'><em>ιτὸν</em></span> <span class='ocrx_word' id='word_1_193' title='bbox 700 2155 915 2210; x_wconf 84' lang='grc' dir='ltr'><em>Ἡρακλέα,</em></span> <span class='ocrx_word' id='word_1_194' title='bbox 952 2157 1039 2197; x_wconf 82' lang='grc' dir='ltr'><em>ἴσον</em></span> <span class='ocrx_word' id='word_1_195' title='bbox 1068 2159 1121 2213; x_wconf 81' lang='grc' dir='ltr'><em>τῷ</em></span> <span class='ocrx_word' id='word_1_196' title='bbox 1153 2155 1350 2209; x_wconf 80' lang='grc' dir='ltr'><em>ἕρισθενεῐ</em></span> <span class='ocrx_word' id='word_1_197' title='bbox 1382 2155 1463 2210; x_wconf 82' lang='lat' dir='ltr'><em>(Va</em></span> <span class='ocrx_word' id='word_1_198' title='bbox 1492 2152 1515 2196; x_wconf 78' lang='grc' dir='ltr'><strong>ὃ</strong></span> <span class='ocrx_word' id='word_1_199' title='bbox 1546 2155 1724 2207; x_wconf 83' lang='grc' dir='ltr'><em>σημαίνει</em></span> 
     </span>
     <span class='ocr_line' id='line_1_28' title="bbox 200 2220 1363 2278; baseline -0.003 -12"><span class='ocrx_word' id='word_1_200' title='bbox 200 2223 242 2266; x_wconf 88' lang='grc' dir='ltr'><em>τὸ</em></span> <span class='ocrx_word' id='word_1_201' title='bbox 274 2221 434 2278; x_wconf 86' lang='grc' dir='ltr'><em>ἰσχυρὸν</em></span> <span class='ocrx_word' id='word_1_202' title='bbox 464 2220 570 2277; x_wconf 79' lang='grc' dir='ltr'><em>παρὰ</em></span> <span class='ocrx_word' id='word_1_203' title='bbox 600 2220 858 2278; x_wconf 83' lang='grc' dir='ltr'><em>Στησιχόρῳ).</em></span> <span class='ocrx_word' id='word_1_204' title='bbox 899 2223 958 2264; x_wconf 86' lang='lat' dir='ltr'><em>Of.</em></span> <span class='ocrx_word' id='word_1_205' title='bbox 982 2223 1046 2263; x_wconf 73' lang='lat' dir='ltr'><em>Et.</em></span> <span class='ocrx_word' id='word_1_206' title='bbox 1072 2223 1172 2262; x_wconf 83' lang='lat' dir='ltr'>Gud.</span> <span class='ocrx_word' id='word_1_207' title='bbox 1200 2224 1268 2273; x_wconf 87' lang='lat'><em>53,</em></span> <span class='ocrx_word' id='word_1_208' title='bbox 1297 2225 1363 2263; x_wconf 88' lang='lat'><em>12.</em></span> 
     </span>
    </p>
   </div>
   <div class='ocr_carea' id='block_1_11' title="bbox 860 2339 1065 2393">
    <p class='ocr_par' dir='ltr' id='par_1_11' title="bbox 860 2339 1065 2393">
     <span class='ocr_line' id='line_1_29' title="bbox 860 2339 1065 2393; baseline 0.005 -13"><span class='ocrx_word' id='word_1_209' title='bbox 860 2339 1065 2393; x_wconf 66' lang='lat'>83.[67]</span> 
     </span>
    </p>
   </div>
   <div class='ocr_carea' id='block_1_12' title="bbox 205 2417 1726 2607">
    <p class='ocr_par' dir='ltr' id='par_1_12' title="bbox 205 2417 1726 2607">
     <span class='ocr_line' id='line_1_30' title="bbox 322 2417 1726 2477; baseline -0.004 -11"><span class='ocrx_word' id='word_1_210' title='bbox 322 2428 386 2466; x_wconf 87' lang='lat' dir='ltr'><em>Et.</em></span> <span class='ocrx_word' id='word_1_211' title='bbox 418 2427 470 2466; x_wconf 92' lang='lat' dir='ltr'><em>M.</em></span> <span class='ocrx_word' id='word_1_212' title='bbox 503 2428 601 2476; x_wconf 81' lang='lat'><em>427,</em></span> <span class='ocrx_word' id='word_1_213' title='bbox 634 2427 710 2465; x_wconf 82' lang='lat'><em>48:</em></span> <span class='ocrx_word' id='word_1_214' title='bbox 758 2424 997 2477; x_wconf 88' lang='grc' dir='ltr'><em>Στησίχορος</em></span> <span class='ocrx_word' id='word_1_215' title='bbox 1035 2422 1078 2464; x_wconf 79' lang='grc' dir='ltr'><em>δὲ</em></span> <span class='ocrx_word' id='word_1_216' title='bbox 1117 2420 1360 2476; x_wconf 79' lang='grc' dir='ltr'><em>Τάρταρον</em></span> <span class='ocrx_word' id='word_1_217' title='bbox 1395 2418 1622 2474; x_wconf 80' lang='grc' dir='ltr'><em>ἠλίβατον</em></span> <span class='ocrx_word' id='word_1_218' title='bbox 1658 2417 1726 2461; x_wconf 86' lang='grc' dir='ltr'><em>τὸν</em></span> 
     </span>
     <span class='ocr_line' id='line_1_31' title="bbox 205 2485 1723 2545; baseline -0.005 -14"><span class='ocrx_word' id='word_1_219' title='bbox 205 2488 341 2545; x_wconf 83' lang='grc' dir='ltr'><em>βαθὺν</em></span> <span class='ocrx_word' id='word_1_220' title='bbox 371 2489 480 2544; x_wconf 75' lang='grc' dir='ltr'><em>λέγει.</em></span> <span class='ocrx_word' id='word_1_221' title='bbox 543 2491 694 2530; x_wconf 82' lang='lat' dir='ltr'>Eadem</span> <span class='ocrx_word' id='word_1_222' title='bbox 726 2491 900 2541; x_wconf 82' lang='lat' dir='ltr'>Hesych.</span> <span class='ocrx_word' id='word_1_223' title='bbox 931 2504 967 2530; x_wconf 86' lang='lat' dir='ltr'><em>v.</em></span> <span class='ocrx_word' id='word_1_224' title='bbox 998 2485 1193 2542; x_wconf 81' lang='grc' dir='ltr'><em>ἠλίβατον.</em></span> <span class='ocrx_word' id='word_1_225' title='bbox 1234 2488 1349 2528; x_wconf 74' lang='lat' dir='ltr'>Phot.</span> <span class='ocrx_word' id='word_1_226' title='bbox 1384 2489 1449 2536; x_wconf 88' lang='lat'><em>66,</em></span> <span class='ocrx_word' id='word_1_227' title='bbox 1479 2488 1544 2526; x_wconf 89' lang='lat'><em>15.</em></span> <span class='ocrx_word' id='word_1_228' title='bbox 1595 2486 1723 2525; x_wconf 84' lang='lat' dir='ltr'>Schol.</span> 
     </span>
     <span class='ocr_line' id='line_1_32' title="bbox 205 2552 1724 2607; baseline -0.004 -11"><span class='ocrx_word' id='word_1_229' title='bbox 205 2558 367 2597; x_wconf 87' lang='lat' dir='ltr'>Lucian.</span> <span class='ocrx_word' id='word_1_230' title='bbox 399 2569 471 2607; x_wconf 90' lang='lat' dir='ltr'><em>pro</em></span> <span class='ocrx_word' id='word_1_231' title='bbox 504 2569 621 2595; x_wconf 84' lang='lat' dir='ltr'>mero.</span> <span class='ocrx_word' id='word_1_232' title='bbox 654 2556 763 2594; x_wconf 85' lang='lat' dir='ltr'>cond.</span> <span class='ocrx_word' id='word_1_233' title='bbox 801 2556 864 2594; x_wconf 90' lang='lat'><em>10.</em></span> <span class='ocrx_word' id='word_1_234' title='bbox 916 2554 1042 2593; x_wconf 84' lang='lat' dir='ltr'>Schol.</span> <span class='ocrx_word' id='word_1_235' title='bbox 1075 2553 1223 2593; x_wconf 79' lang='lat' dir='ltr'>Victor.</span> <span class='ocrx_word' id='word_1_236' title='bbox 1256 2553 1306 2591; x_wconf 77' lang='lat' dir='ltr'><em>ad</em></span> <span class='ocrx_word' id='word_1_237' title='bbox 1337 2552 1460 2591; x_wconf 87' lang='lat' dir='ltr'>Arist.</span> <span class='ocrx_word' id='word_1_238' title='bbox 1492 2552 1564 2590; x_wconf 86' lang='lat' dir='ltr'><em>Av.</em></span> <span class='ocrx_word' id='word_1_239' title='bbox 1600 2553 1724 2591; x_wconf 81' lang='lat'>1739.</span> 
     </span>
    </p>
   </div>
   <div class='ocr_carea' id='block_1_13' title="bbox 863 2668 1070 2722">
    <p class='ocr_par' dir='ltr' id='par_1_13' title="bbox 863 2668 1070 2722">
     <span class='ocr_line' id='line_1_33' title="bbox 863 2668 1070 2722; baseline -0.01 -10"><span class='ocrx_word' id='word_1_240' title='bbox 863 2669 930 2712; x_wconf 83' lang='lat'><em>84.</em></span> <span class='ocrx_word' id='word_1_241' title='bbox 965 2668 1070 2722; x_wconf 67' lang='lat'><em>[23]</em></span> 
     </span>
    </p>
   </div>
   <div class='ocr_carea' id='block_1_14' title="bbox 209 2752 1728 2944">
    <p class='ocr_par' dir='ltr' id='par_1_14' title="bbox 209 2752 1728 2944">
     <span class='ocr_line' id='line_1_34' title="bbox 328 2752 1728 2812; baseline -0.005 -10"><span class='ocrx_word' id='word_1_242' title='bbox 328 2763 456 2803; x_wconf 84' lang='lat' dir='ltr'>Schol.</span> <span class='ocrx_word' id='word_1_243' title='bbox 481 2763 528 2802; x_wconf 87' lang='lat' dir='ltr'><em>Il.</em></span> <span class='ocrx_word' id='word_1_244' title='bbox 555 2778 575 2803; x_wconf 94' lang='grc' dir='ltr'><em>ο</em></span> <span class='ocrx_word' id='word_1_245' title='bbox 603 2764 705 2802; x_wconf 88' lang='lat'><strong>333:</strong></span> <span class='ocrx_word' id='word_1_246' title='bbox 741 2757 820 2801; x_wconf 89' lang='grc' dir='ltr'><em>Τὸν</em></span> <span class='ocrx_word' id='word_1_247' title='bbox 846 2756 971 2799; x_wconf 83' lang='grc' dir='ltr'><em>Ὀϊλέα</em></span> <span class='ocrx_word' id='word_1_248' title='bbox 995 2755 1217 2811; x_wconf 82' lang='grc' dir='ltr'><em>Ζηνόδοτος</em></span> <span class='ocrx_word' id='word_1_249' title='bbox 1248 2754 1436 2810; x_wconf 73' lang='grc' dir='ltr'><em>ἑπόμενος</em></span> <span class='ocrx_word' id='word_1_250' title='bbox 1459 2752 1631 2812; x_wconf 81' lang='grc' dir='ltr'><em>Ἡσιόδῳ</em></span> <span class='ocrx_word' id='word_1_251' title='bbox 1662 2754 1728 2796; x_wconf 82' lang='grc' dir='ltr'><em>καὶ</em></span> 
     </span>
     <span class='ocr_line' id='line_1_35' title="bbox 209 2816 1728 2883; baseline -0.005 -16"><span class='ocrx_word' id='word_1_252' title='bbox 209 2823 434 2883; x_wconf 87' lang='grc' dir='ltr'><em>Στησιχόρῳ</em></span> <span class='ocrx_word' id='word_1_253' title='bbox 460 2826 577 2879; x_wconf 84' lang='grc' dir='ltr'><em>χωρὶς</em></span> <span class='ocrx_word' id='word_1_254' title='bbox 601 2829 671 2867; x_wconf 82' lang='grc' dir='ltr'><em>τοῦ</em></span> <span class='ocrx_word' id='word_1_255' title='bbox 694 2828 717 2866; x_wconf 82' lang='grc' dir='ltr'><em>δ</em></span> <span class='ocrx_word' id='word_1_256' title='bbox 745 2822 926 2877; x_wconf 75' lang='grc' dir='ltr'><em>ὀνομάζει</em></span> <span class='ocrx_word' id='word_1_257' title='bbox 946 2821 1072 2865; x_wconf 84' lang='grc' dir='ltr'><em>Ἰλέα.</em></span> <span class='ocrx_word' id='word_1_258' title='bbox 1122 2825 1234 2864; x_wconf 85' lang='lat' dir='ltr'>Eust.</span> <span class='ocrx_word' id='word_1_259' title='bbox 1255 2826 1352 2872; x_wconf 90' lang='lat'>277,</span> <span class='ocrx_word' id='word_1_260' title='bbox 1373 2825 1416 2861; x_wconf 90' lang='lat'><em>2:</em></span> <span class='ocrx_word' id='word_1_261' title='bbox 1452 2817 1504 2861; x_wconf 88' lang='grc' dir='ltr'><em>Τὸ</em></span> <span class='ocrx_word' id='word_1_262' title='bbox 1524 2819 1567 2860; x_wconf 83' lang='grc' dir='ltr'><em>δὲ</em></span> <span class='ocrx_word' id='word_1_263' title='bbox 1581 2816 1728 2868; x_wconf 80' lang='grc' dir='ltr'><em>Ὀϊλεὺς</em></span> 
     </span>
     <span class='ocr_line' id='line_1_36' title="bbox 210 2883 1726 2944; baseline -0.005 -12"><span class='ocrx_word' id='word_1_264' title='bbox 210 2891 403 2943; x_wconf 83' lang='grc' dir='ltr'><em>ψιλωτὲον</em></span> <span class='ocrx_word' id='word_1_265' title='bbox 433 2888 530 2932; x_wconf 79' lang='grc' dir='ltr'><em>κατὰ</em></span> <span class='ocrx_word' id='word_1_266' title='bbox 554 2888 626 2944; x_wconf 84' lang='grc' dir='ltr'><em>τὴν</em></span> <span class='ocrx_word' id='word_1_267' title='bbox 650 2888 868 2944; x_wconf 69' lang='grc' dir='ltr'><em>ἄρχουσαν,</em></span> <span class='ocrx_word' id='word_1_268' title='bbox 900 2885 952 2938; x_wconf 84' lang='grc' dir='ltr'><em>ὦς</em></span> <span class='ocrx_word' id='word_1_269' title='bbox 971 2889 1020 2928; x_wconf 74' lang='grc' dir='ltr'><em>ιὲν</em></span> <span class='ocrx_word' id='word_1_270' title='bbox 1045 2887 1158 2942; x_wconf 82' lang='grc' dir='ltr'><em>μέρος</em></span> <span class='ocrx_word' id='word_1_271' title='bbox 1183 2885 1301 2941; x_wconf 79' lang='grc' dir='ltr'><em>λόγου</em></span> <span class='ocrx_word' id='word_1_272' title='bbox 1326 2883 1422 2927; x_wconf 83' lang='grc' dir='ltr'><em>κατὰ</em></span> <span class='ocrx_word' id='word_1_273' title='bbox 1446 2883 1515 2926; x_wconf 88' lang='grc' dir='ltr'><em>τὸν</em></span> <span class='ocrx_word' id='word_1_274' title='bbox 1533 2883 1726 2938; x_wconf 87' lang='grc' dir='ltr'><em>Ὅμηρον·</em></span> 
     </span>
    </p>
   </div>
  </div>
 </body>
</html>
