1864 3126
773 160 1049 199 SIMONIDES.
1583 159 1672 202 479

767 271 861 313 133.
895 271 1031 324 [1892]
1575 281 1669 313 1163

232 363 324 410 Τὸν
343 361 599 421 τραγόπουν
625 362 700 420 ἐμὲ
726 366 876 419 Πᾶνα,
902 363 983 409 τὸν
1006 362 1211 420 Ἀρκάδα,
1237 362 1318 408 τὸν
1343 361 1452 407 κατὰ
1479 361 1671 420 Μήδων,

286 434 366 480 τὸν
397 434 492 492 μετ’
524 432 779 491 Ἀθηναίων
811 435 1003 492 στήσατο
1037 434 1299 491 Μιλτιάδης.

133 590 189 626 ita
218 589 338 626 multo
372 591 459 637 post
492 589 650 627 Athenis
680 590 719 625 in
748 599 834 626 arce
866 589 1063 626 marmoris
1095 590 1346 643 fragmentum
1379 591 1567 635 repertum
1600 590 1670 626 has

132 638 278 675 litteras
306 637 502 682 exhibens;

704 698 733 732 Ε
743 698 799 732 ΝΑ
810 698 817 732 Ι
827 697 894 733 ΟΝ
905 697 932 732 Ε
943 697 1059 732 ΡΛΜΙ

706 745 958 781 ΡΠΟΞΔΕΜ-

134 816 233 863 quod
267 816 463 852 Kirchhoff
490 817 631 852 in·act.
658 819 791 852 menst.
816 816 931 853 Acad.
958 816 1079 853 Berol.
1108 820 1198 852 1869
1225 827 1260 862 p.
1287 820 1356 852 409
1384 826 1460 860 seq.
1487 815 1607 852 edidit
1632 816 1671 851 et

133 863 322 911 sagaciter
345 863 614 901 animadvertit
638 864 825 911 pertinere
849 864 898 901 ad
921 864 1027 900 basin
1054 863 1331 910 quadrigarum,
1356 864 1397 899 in
1421 873 1497 909 qua
1520 863 1672 909 singula

134 911 296 948 disticha
319 910 479 958 singulis
505 911 672 948 versibus
697 911 815 948 incisa
839 913 962 948 erant:
997 924 1085 948 nam
1116 911 1315 947 manifesto
1349 912 1547 956 supersunt
1578 922 1666 956 pen-

132 961 375 995 tametrorum
413 959 594 1005 reliquiae
634 956 872 1005 (Ἀθ)ηναίων
921 958 1129 1006 ἕργμαωιν)
1168 960 1206 995 et
1248 960 1424 1005 (ΐ)ππους
1461 956 1668 1004 dentiam).

136 1006 301 1044 Litterae
326 1009 413 1042 sunt
436 1007 585 1053 amplae
619 1010 657 1043 et
683 1006 858 1052 decorae,
891 1018 910 1043 e
937 1018 1094 1053 quarum
1126 1006 1249 1053 specie
1281 1006 1444 1042 confecit
1474 1005 1673 1041 Kirchhoff

131 1054 283 1090 titulum
309 1054 490 1100 scriptum
516 1065 597 1090 esse
617 1053 716 1090 circa
735 1054 793 1090 01.
815 1058 968 1091 82—84.
1006 1054 1220 1091 Herodotus
1240 1053 1358 1100 igitur
1376 1065 1450 1089 non
1470 1053 1667 1098 antiquum

132 1101 373 1138 simulacrum
405 1101 523 1138 oculis
554 1101 768 1148 usurpavit,
801 1102 902 1148 quod
934 1101 1081 1138 Medico
1113 1102 1296 1146 tumultu,
1330 1112 1416 1138 cum
1447 1112 1514 1137 arx
1545 1101 1671 1136 incen-

131 1149 283 1186 deretur
307 1151 348 1185 et
370 1148 606 1195 diriperetur,
630 1150 792 1193 interiit;
829 1149 894 1186 sed
919 1149 1186 1194 Athenienses,
1212 1160 1259 1185 ne
1283 1148 1465 1184 memoria
1489 1147 1582 1184 belli
1606 1148 1672 1183 ad-

133 1208 260 1233 versus
295 1196 454 1233 Boeotos
493 1198 532 1233 et
565 1195 826 1233 Chalcidenses
860 1208 1035 1244 prospere
1072 1197 1168 1243 gesti
1211 1196 1400 1232 oblivione
1440 1196 1670 1240 obrueretur,

131 1245 289 1292 postea„
314 1254 399 1280 cum
430 1243 574 1280 Pericle
611 1246 764 1280 auctore
803 1255 869 1280 arx
900 1245 992 1281 artis
1026 1244 1200 1291 operibus
1230 1243 1429 1291 magnifice
1462 1244 1671 1289 ornaretur,

132 1292 203 1328 hoc
239 1294 521 1328 monumentum
558 1291 681 1328 denuo
719 1292 1083 1338 instauraverunt*),
1122 1292 1269 1338 addito,
1307 1294 1350 1328 ut
1381 1303 1450 1337 par
1476 1293 1574 1336 erat,
1605 1303 1671 1327 an-

131 1338 238 1386 tiquo
271 1338 403 1383 titulo,
439 1350 549 1385 quem
587 1339 816 1375 Simonidem
850 1340 1003 1385 fecisse,
1038 1341 1080 1375 ut
1114 1339 1298 1376 Aristides
1332 1341 1462 1374 auctor
1493 1342 1549 1375 est
1575 1338 1667 1385 (vid.

131 1397 248 1470 {aaz
265 1389 424 1470 P'sffl’
451 1398 718 1470 ῖῗέυέθεθῗιῗ
738 1387 1004 1470 ῗὴξᾭῖἓὲο
1020 1389 1520 1470 {33⁸⁸§13233131u23‘3323
1533 1385 1667 1469 Ψωέὲ·

132 1483 215 1528 pter
247 1481 459 1518 litterarum
495 1446 669 1528 specierii,
704 1447 839 1526 qualing
850 1482 953 1518 tituli
983 1482 1237 1529 fragmentum
1272 1493 1361 1528 prae
1397 1493 1436 1517 se
1452 1446 1554 1526 gfert,
1586 1446 1672 1517 gon-

134 1528 258 1565 tendit
280 1528 438 1565 Periclis
464 1529 614 1565 demum
640 1531 766 1566 aetate
791 1530 862 1565 hoc
886 1531 1169 1566 monumentum
1195 1528 1386 1565 Minervae
1412 1539 1493 1565 esse
1519 1528 1669 1564 dedica-

132 1579 225 1612 tum.
251 1575 310 1612 Ita
321 1587 395 1612 non
409 1577 529 1612 solum
544 1588 618 1622 eos,
638 1577 703 1622 qui
718 1577 906 1622 quondam
921 1577 1080 1614 Boeotos
1099 1578 1138 1613 et
1152 1576 1417 1613 Chalcidenses
1435 1576 1669 1619 devicerunt,

131 1623 341 1670 impietatis
375 1623 579 1668 insimulat,
616 1624 683 1670 qui
714 1624 805 1660 satis
837 1624 1050 1660 habuerunt
1076 1627 1229 1661 catenas
1254 1625 1488 1671 captivorum
1514 1634 1669 1670 suspen-

132 1671 244 1716 disse,
269 1671 486 1707 fraudantes
506 1671 712 1708 Minervam
731 1672 866 1708 merito
886 1672 1105 1718 honore,**)
1126 1673 1191 1709 sed
1211 1672 1327 1708 etiam
1346 1673 1517 1718 posteros
1538 1682 1670 1707 eorum

134 1718 356 1755 vanissimos
380 1719 597 1755 mortalium
621 1719 738 1755 fuisse
764 1720 836 1755 sibi
860 1720 1056 1766 persuasit,
1084 1720 1148 1766 qui
1167 1721 1210 1755 ut
1229 1731 1352 1755 arcem
1373 1722 1552 1755 ornarent
1575 1719 1672 1754 artis

81 1771 86 1775 '
134 1766 319 1813 operibus,
345 1766 517 1803 ementiti
542 1767 637 1811 sint,
663 1766 866 1813 quadrigas
890 1768 959 1803 has
984 1779 1007 1803 a
1031 1767 1235 1804 maioribus
1261 1769 1418 1803 decuma
1442 1767 1545 1803 facta
1570 1766 1672 1802 dedi-

134 1815 239 1850 catas
264 1825 355 1850 esse.
394 1814 488 1850 Huic
514 1817 641 1850 autem
667 1814 836 1860 opinioni
855 1815 968 1861 plane
986 1815 1209 1851 adversatur
1226 1815 1448 1859 Herodotus,
1469 1814 1536 1860 qui
1553 1814 1668 1861 plane

135 1861 228 1898 dicit
248 1861 508 1906 Athenienses,
534 1863 733 1908 postquam
752 1862 895 1908 captivi
920 1874 1034 1899 manu
1058 1863 1162 1899 missi
1190 1864 1307 1907 erant,
1333 1862 1465 1898 fecisse
1491 1863 1562 1898 hoc
1588 1872 1668 1897 mo-

132 1910 351 1945 numentum
365 1937 374 1952 ,
408 1920 483 1945 non
507 1910 835 1955 praetermissurus
862 1909 1031 1955 silentio,
1064 1911 1096 1946 si
1122 1909 1320 1957 sexaginta
1344 1910 1422 1946 fere
1446 1911 1555 1946 annis
1579 1911 1668 1955 post
1699 1921 1701 1923 ·

133 1956 297 2003 neglecti
330 1956 445 1993 officii
478 1958 619 1993 crimen
650 1969 673 1993 a
698 1969 737 1994 se
762 1959 931 1994 avertere
964 1958 1205 1995 studuissent.

228 2027 356 2075 Epigr.
385 2032 463 2064 133.
502 2027 653 2065 Anthol.
675 2027 829 2065 Planud.
851 2034 937 2066 232:
965 2031 1242 2075 Σιμωνίδου,
1268 2029 1299 2066 si
1317 2039 1448 2065 revera
1467 2028 1662 2073 antiquum

137 2077 194 2111 est
218 2075 470 2158 epfframma:
501 2087 589 2111 nam
620 2077 844 2113 recentiores
874 2078 1011 2123 poetae
1042 2078 1113 2114 hoc
1144 2077 1404 2124 argumentum
1432 2078 1668 2118 ornaverunt,

28 2134 29 2137 ¹
86 2151 91 2155 .
135 2122 237 2159 velui
294 2123 489 2159 heaetetus
510 2123 639 2169 (Anth.
659 2123 716 2160 Pl.
738 2127 822 2170 233)
842 2126 880 2161 et
905 2136 1112 2170 anonymus
1139 2125 1202 2169 (ib.
1225 2128 1319 2170 259),
1346 2135 1466 2169 neque
1492 2123 1671 2159 antitheti

135 2170 311 2216 studium,
335 2171 435 2216 quod
460 2170 524 2207 hic
548 2171 875 2217 deprehendimus,
901 2172 1083 2209 Simonidi
1107 2173 1257 2209 videtur
1285 2171 1501 2215 convenire,
1535 2182 1666 2216 quam-

132 2229 245 2262 quam
268 2229 343 2254 non
367 2229 518 2264 prorsus
542 2218 744 2255 abhorreat
769 2220 818 2256 ab
842 2219 914 2256 hoc
939 2220 1062 2267 poesis
1088 2219 1241 2259 lumine,
1281 2219 1320 2255 Si
1346 2219 1576 2266 poematium
1604 2217 1660 2252 Si-

83 2297 87 2300 l
135 2265 350 2301 monideum
375 2265 444 2311 est,
468 2266 627 2302 fortasse
651 2278 696 2302 ex
721 2267 902 2312 ampliore
928 2268 1093 2304 carmine
1114 2268 1325 2304 breviatum
1350 2269 1389 2302 et
1415 2266 1667 2309 immutatum,

136 2312 183 2348 cf.
208 2322 304 2358 quae
330 2312 462 2358 scripsi
486 2324 600 2359 supra
623 2314 679 2349 ad
696 2325 753 2360 ep.
780 2318 836 2350 90.
887 2315 998 2351 Panis
1029 2316 1101 2351 hoc
1133 2315 1281 2361 signum
1314 2313 1580 2350 Constantinus
1614 2312 1667 2347 vi-

133 2442 247 2489 phico
271 2445 467 2487 voverant,
499 2443 647 2488 aliquot
671 2444 779 2480 annis
811 2446 895 2490 post
925 2445 1086 2482 alterum
1118 2446 1269 2481 demum
1300 2444 1488 2480 Medicum
1527 2444 1668 2479 bellum

136 2489 332 2527 dedicatae
358 2492 456 2536 sunt,
482 2489 666 2536 siquidem
692 2490 846 2528 Phidias
864 2492 932 2528 has
958 2494 1102 2529 statuas
1122 2493 1226 2528 fecit:
1247 2493 1321 2528 vid.
1341 2491 1496 2528 Pausan.
1514 2490 1547 2526 X
1569 2495 1624 2534 10,
1648 2495 1666 2526 1

137 2537 419 2584 epigrammatis
462 2537 718 2574 testimonium
756 2538 937 2576 adhibens
973 2537 1051 2576 ἀπὸ
1096 2537 1258 2586 δεκάτης
1296 2540 1363 2575 τοῦ
1402 2540 1667 2583 Μαραθωνίου

138 2583 249 2631 ἔργον
274 2586 436 2631 τεθῆναι
469 2583 537 2627 τὰς
568 2583 735 2631 εἰκόνας,
774 2598 866 2631 quas
905 2588 1059 2629 Φειδίας
1096 2584 1268 2633 ἐποίησε,
1300 2586 1365 2622 καὶ
1397 2582 1543 2632 ἀληθεῖ
1567 2583 1665 2634 λόγῳ

140 2629 281 2703 δεκάτῃ
307 2633 372 2716 agl
399 2627 503 2670 οὗτοι
530 2634 706 2717 (ὅιιῗιυαρ)
731 2633 798 2716 {ic
821 2631 944 2716 51de
958 2634 1074 2690 ,εἰσίια
1094 2682 1113 2718 f
1155 2682 1183 2718 ‘t
1378 2681 1432 2716 Pl·
1465 2680 1472 2687 ·
1549 2680 1583 2716 Η
1621 2681 1654 2717 N

139 2682 298 2782 mn}
320 2692 429 2764 ‘11⁰in
455 2692 800 2782 eguossgmgzfigies
815 2692 1060 2783 egssssiuxileffi
1088 2693 1167 2765 sieriz
1189 2693 1347 2783 ’aetiggss
1379 2692 1666 2783 fuggsseribit}

138 2775 181 2811 ut
217 2777 469 2812 coniecturam
509 2786 639 2822 capere
678 2775 811 2818 liceat,
854 2776 1078 2822 quadrigam
1115 2776 1334 2819 Calamidis,
1372 2787 1434 2812 cui
1463 2775 1668 2812 Praxiteles

137 2824 271 2868 postea
294 2823 467 2869 aurigam
491 2835 597 2860 suum
623 2823 813 2869 imposuit,
839 2823 910 2859 hoc
935 2823 1057 2870 ipsum
1083 2823 1174 2860 artis
1199 2835 1291 2870 opus
1316 2824 1354 2860 in
1379 2834 1465 2860 arce
1490 2834 1582 2861 esse.

233 2870 292 2916 **)
316 2870 421 2907 More
445 2871 628 2907 maiorum
654 2870 827 2906 solebant
851 2871 1098 2907 Athenienses
1124 2871 1224 2907 bello
1250 2882 1425 2918 prospere
1449 2873 1557 2916 gesto
1582 2870 1667 2916 diis,

139 2915 327 2954 Minervae
347 2918 594 2964 potissimum,
614 2918 809 2954 decumam
829 2918 1031 2964 pollucere,
1057 2918 1103 2955 cf.
1124 2918 1285 2955 Boeckh.
1302 2918 1438 2956 Oecon.
1453 2919 1540 2956 Ath.
1555 2919 1663 2955 1444.
