1864 3126
220 164 302 207 140
535 190 537 195 ι
774 161 967 198 ΡΟΕΤΑΕ
992 160 1168 197 MELICI.

216 277 327 316 sania
358 276 542 326 Sapphus
572 288 717 315 nomen
748 274 930 324 susssulifi,
966 271 1040 324 ἔπη
1079 268 1126 312 τὰ
1157 268 1340 324 Πάμφω
1380 272 1582 323 corrigens
1593 267 1656 324 *):
1687 272 1736 311 ef.

215 343 385 381 Pausan.
418 341 517 379 VIII
549 342 617 392 35,
651 342 694 380 8:
733 338 796 379 ἐπὶ
833 336 876 378 δὲ
912 335 1018 393 ἄκρῳ
1058 340 1111 394 τῷ
1151 334 1296 390 χώματι
1335 334 1442 390 ἱερόν
1481 336 1582 377 ἐστιν
1615 333 1737 388 Ἀρτέ-
1804 344 1807 345 ’

216 406 328 459 μιδος
359 405 560 458 ἐπίκλησιν
590 405 808 456 καλλίστης·
847 404 979 444 δοκεῖν
1011 401 1054 443 δέ
1085 419 1150 455 μοι
1180 401 1245 442 καὶ
1277 399 1489 455 Πάμφως
1530 398 1673 454 μαθών
1702 417 1738 442 τι

215 468 321 524 παρὰ
348 466 552 524 Ἀρκάδων
582 473 733 523 πρῶτος
753 467 934 522 ’Ἀρτεμιν
972 467 1020 508 ἐν
1055 471 1153 516 τοῖς
1190 466 1352 508 ἔπεσιν
1390 463 1567 519 ὠνόμασε
1597 467 1739 507 Καλλί-

215 549 319 589 στην.
353 559 408 564 -
440 536 694 587 Fragmenssis
726 535 976 574 eximendum
1007 535 1111 584 quod
1142 534 1265 572 habet
1296 533 1403 574 Suid.
1429 547 1466 574 v.
1486 526 1642 585 Ἀηδῶν
1671 531 1738 572 καὶ

215 599 379 654 ἆηδοῦς,
411 617 464 650 ως
494 597 671 652 Σαπφώ,
702 596 798 640 κατὰ
829 598 1141 650 Μιτυληναίους.
1182 610 1275 636 nam
1319 599 1393 637 hoc
1430 598 1559 637 dicere
1596 599 1735 648 voluilz,

216 670 377 718 praeter
419 662 571 718 ἀηδών,
614 661 787 717 ἀηδόνος
829 665 979 704 dictum
1022 663 1143 702 etiam
1186 675 1272 702 esse
1313 658 1446 713 ἆηδώ,
1486 658 1655 714 ἀηδοῦς,
1693 665 1738 703 ut

216 729 395 784 Σαπφώ,
444 733 658 782 Σαπφοῦς;
697 731 745 770 cf.
785 731 906 769 schol.
943 729 1062 779 Soph.
1101 729 1163 767 Ai.
1201 741 1238 768 v.
1277 729 1380 776 628,
1423 727 1492 777 qui
1529 727 1630 766 nihil
1659 728 1738 767 nisi

216 793 240 849 ἡ
274 793 386 849 ἆηδώ
418 794 461 836 δὲ
491 792 588 836 κατὰ
619 795 931 846 Μιτυληναίους.
963 815 1017 821 —
1052 793 1236 844 Sapphus
1269 805 1445 843 carmen,
1477 792 1583 843 quod
1612 793 1738 832 latina

216 864 358 914 lingua
387 875 622 902 conversum
653 861 814 900 exhibet
845 859 985 899 Comes
1016 859 1174 898 Natalis
1206 858 1375 908 Mythol.
1404 872 1440 908 p.
1475 859 1571 908 535,
1601 858 1739 900 fictum

217 930 289 967 θείς.
325 949 375 954 -
411 928 469 966 De
501 927 629 966 Scolio
659 926 703 964 in
734 925 968 974 Admetum,
1004 925 1109 975 quod
1145 923 1327 963 nonnulli
1363 923 1613 973 grammatici
1643 923 1739 974 Sap-

211 994 334 1043 phoni
365 993 605 1043 tribuerunt,
637 992 715 1032 vid.
740 991 939 1030 Praxillae
970 990 1018 1030 fr.
1047 992 1098 1041 3·.
1113 1011 1167 1016 —
1194 989 1384 1038 Denique,
1415 990 1463 1026 ut
1491 988 1592 1026 nihil
1621 1000 1735 1038 prae-

208 1059 476 1107 termittatur,
514 1057 635 1108 addo,
676 1057 780 1107 quod
819 1055 985 1095 Photius
1026 1055 1131 1101 Bibl.
1166 1055 1269 1105 161,
1307 1053 1376 1092 ubi
1413 1053 1543 1092 fontes
1580 1052 1738 1102 Sopatri

209 1119 415 1174 διαφόρων
458 1120 629 1175 ἕκλογῶν
673 1123 868 1169 recenset,
915 1119 963 1159 de
1000 1120 1103 1159 libro
1139 1119 1180 1157 II
1220 1118 1334 1157 dicit:
1377 1115 1440 1156 καὶ
1480 1113 1560 1169 μὴν
1594 1115 1661 1157 καὶ
1697 1115 1736 1165 ἐξ

207 1185 337 1228 ἄλλων
369 1183 588 1239 διαφόρων,
620 1183 716 1226 ἄλλά
747 1201 790 1239 γε
820 1184 886 1226 καὶ
917 1181 995 1226 ἀπὸ
1027 1179 1174 1238 ὀγδόου
1205 1179 1423 1236 λόγον’τῆς
1453 1184 1661 1234 Σαπφοῦς.

303 1315 337 1360 *)
363 1315 467 1350 Haec
498 1313 650 1348 nomina
682 1312 795 1348 etiam
821 1323 868 1358 ap
869 1312 920 1347 ud.
951 1310 1218 1346 Philostrafium
1249 1309 1288 1344 in
1313 1307 1471 1343 Heroico
1497 1319 1532 1352 p.
1559 1311 1627 1342 692
1654 1318 1735 1352 per-

211 1364 366 1406 mutata,
388 1362 452 1396 sed
473 1360 573 1406 Greg
575 1372 626 1396 or.
654 1359 889 1395 Na2.01·.in
920 1358 1103 1393 Iulianum
1128 1357 1144 1391 I
1170 1369 1206 1402 p.
1229 1360 1294 1391 141
1322 1355 1470 1400 Orpheo
1496 1354 1630 1390 tribuit
1654 1365 1735 1389 ver-

211 1423 282 1453 s‚us
309 1420 399 1454 quos
424 1408 670 1444 Philostratus
696 1406 908 1452 adscripsit,
941 1405 1089 1441 eosdem
1115 1404 1228 1440 schol.
1256 1403 1365 1449 Greg.
1373 1367 1494 1437 pined.
1522 1402 1659 1448 (Herm.
1686 1400 1736 1436 VI

211 1460 294 1502 490)
322 1453 566 1496 Πανυασιδος
591 1455 683 1490 dicit
708 1466 798 1490 esse
813 1454 879 1489 τοῦ
904 1450 1069 1498 ἀνεψιοῦ
1089 1447 1303 1497 Ηροδότου.
