1864 3126
31 193 42 228 j
785 182 1060 220 SIMONIDES.
1597 180 1687 223 465

11 268 22 325 s
785 293 882 335 111.
915 293 1052 347 [170.]
1347 264 1359 277 ‘
1402 283 1409 292 ·
1595 300 1686 333 1156

0 365 10 422 ,ῗ
243 371 428 431 Ἀνδρὸς
457 371 803 431 ἀριστεύσαντος
834 376 882 419 ἐν
908 372 1088 419 Ἑλλάδι
1119 377 1211 419 τῶν
1243 371 1314 430 ἐφ’
1350 373 1515 418 ἑαυτοῦ

0 447 11 512 ’ξ
299 443 475 490 Ἱππίου
503 443 760 503 Ἀρχεδίκην
792 444 873 502 ἥδε
907 446 1092 490 κέκευθε
1122 444 1264 497 κόνις·

244 513 273 574 ἢ
305 515 471 575 πατρός
500 534 546 561 τε
575 517 650 561 καὶ
682 515 851 574 ἀνδρὸς
882 515 1093 575 ἀδελφῶν
1124 515 1163 560 τ’
1200 510 1313 561 οὖσα
1344 515 1581 574 τυράννων

305 590 481 633 παίδων
513 585 571 644 τ’,
603 586 686 633 οὐκ
717 586 840 645 ἤρθη
873 589 988 633 νοῦν
1021 588 1065 641 ἐς
1095 585 1390 644 ἀτασθαλίην.

785 709 881 752 112.
916 709 1053 762 [172]

173 813 195 830 e
250 789 512 848 Μνήσομαι,
545 788 718 849 οὐῖγὰρ
751 793 896 835 ἔοικεν
928 788 1171 847 ἀνώνυμον
1199 787 1358 835 ἐνθάδ’
1390 789 1688 848 Ἀρχεναύτεω

306 867 487 907 κεῖσθαι
518 864 757 906 θανοῦσαν
789 860 963 919 ἀγλαὰν
996 860 1170 906 ἄκοιτιν

246 934 540 991 Ξανθίππην,
573 932 863 991 Περιάνδρου
896 930 1168 990 ἀπέκγονον,
1200 930 1249 986 ὃς
1279 931 1388 977 ποθ’
1429 931 1691 991 ὑψιπύργου

313 1004 502 1062 σήμαινε
534 1010 660 1058 λαοῖς
690 1003 812 1063 τέρμ’
848 1008 963 1063 ἔχων
995 1008 1245 1062 Κορίνθου.

150 1128 203 1181 ἦν
229 1134 354 1171 Λέων·
379 1131 477 1181 τάχα
503 1134 542 1171 δ’
571 1133 620 1171 ἅν
646 1149 681 1171 τι
705 1135 770 1171 καὶ
795 1136 863 1172 τοῦ
889 1132 1100 1182 ουνόματος
1127 1132 1342 1180 έπαυροιτο.
1394 1135 1691 1172 Consentaneum

150 1185 211 1219 est
238 1183 328 1226 eius,
354 1183 418 1229 qui
443 1183 585 1229 primus
610 1183 649 1219 in
680 1183 752 1220 hoc
777 1183 879 1219 bello
910 1194 977 1229 pro
1003 1182 1183 1219 Graeciae
1215 1183 1392 1219 libertate
1418 1183 1583 1219 animam
1608 1184 1690 1220 red-

150 1227 265 1276 didit,
298 1242 373 1266 non
406 1231 667 1267 inhonoratam
700 1231 814 1267 fuisse
846 1230 1083 1275 memoriam,
1115 1241 1160 1266 ac
1198 1231 1355 1267 fortasse
1381 1233 1550 1267 extrema
1575 1231 1689 1267 Hero-

152 1278 233 1314 doti
253 1279 380 1322 verba,
407 1289 502 1324 quae
523 1281 611 1314 sunt
629 1278 818 1324 ambigua,
845 1279 918 1314 huc
938 1279 1121 1333 spectant.
1166 1277 1325 1315 Constat
1349 1279 1501 1315 omnino
1528 1278 1691 1315 Graecos

151 1325 307 1362 fortium
339 1326 504 1362 virorum
536 1326 691 1362 tumulis
731 1326 850 1362 leonis
890 1326 1037 1372 signum
1076 1327 1268 1372 imponere
1307 1326 1438 1362 solitos
1471 1326 1610 1372 esse*)‚
1643 1327 1690 1363 cf.

154 1372 347 1419 Antipatri
371 1386 428 1420 ep.
455 1374 568 1410 Anth.
597 1373 676 1409 Pal.
702 1373 770 1409 V11
796 1377 888 1418 426
913 1373 979 1409 ubi
1009 1373 1134 1410 viator
1164 1373 1310 1410 leonem
1344 1374 1381 1409 in
1407 1374 1578 1430 sepulcro
1604 1386 1690 1410 con

155 1420 317 1478 spiciens
342 1419 509 1478 quaerit,
524 1432 653 1477 quem
679 1423 818 1466 servet,
852 1421 912 1457 cui
936 1420 1001 1457 ille
1028 1420 1168 1477 regerit
1199 1417 1282 1462 ὑιός
1308 1418 1525 1480 &svdqipoto
1555 1425 1690 1457 Τελευ-

152 1469 245 1524 τίας,
276 1463 320 1509 ὃς
351 1466 448 1514 μέγα
479 1466 632 1504 πάντων
665 1468 846 1525 φέρτερος
876 1462 942 1514 ἦν,
973 1468 1106 1526 θηρῶν
1133 1464 1246 1504 ὅσσον
1273 1465 1345 1526 ἐγώ
1379 1458 1571 1527 κέκριμαι·
1605 1465 1690 1515 οὐχὶ

155 1512 279 1560 μάταν
306 1514 456 1560 ἕστακα,
483 1514 588 1561 φέρω
615 1512 653 1551 δ’
683 1515 738 1551 ἔτι
763 1513 948 1562 σύμβολον
974 1512 1092 1557 ἀλκᾶς
1115 1513 1269 1561 ἀνέρος·
1296 1510 1342 1563 ἦν
1367 1514 1441 1562 γὰρ
1474 1514 1521 1562 δὴ
1554 1518 1689 1574 δυσμε-

155 1561 281 1598 νέεσσι
305 1561 411 1608 λέων,
445 1574 519 1609 quo
552 1564 634 1599 loco
661 1575 735 1599 non
761 1565 861 1599 iecte
893 1575 980 1599 usus
1011 1563 1208 1610 Iunghahn
1234 1575 1292 1610 ap.
1320 1564 1460 1601 Simon.
1487 1577 1520 1599 v.
1550 1569 1568 1599 1
1595 1562 1692 1600 πάν-

155 1623 231 1645 των
256 1622 324 1656 pro
349 1612 506 1647 θνατῶν
531 1610 707 1655 tentavit,
740 1612 804 1647 sed
828 1611 985 1647 θνατῶν
1018 1610 1080 1646 ubi
1107 1611 1313 1669 praecessit
1336 1612 1470 1657 θηῶρν
1501 1622 1577 1647 ιιοιι
1610 1612 1692 1657 plus

156 1657 371 1694 offensionis
403 1658 535 1702 habet,
569 1669 682 1704 quam
714 1670 771 1704 ep.
780 1670 862 1717 pap.
891 1658 1025 1694 Kaibel
1051 1662 1138 1694 242:
1171 1652 1194 1704 ἦ
1227 1656 1263 1702 ρ’
1299 1656 1443 1705 ἐτύμως
1473 1657 1560 1695 τόδε
1588 1660 1690 1705 σᾶμα

155 1705 283 1741 λέοντε
311 1702 392 1751 (δύ’
421 1704 727 1759 ἑμφρουρεῦσιν),
754 1704 794 1742 οἴ
815 1705 884 1752 μὲν
910 1703 983 1752 γὰρ
1008 1706 1140 1752 θηρῶν
1166 1705 1360 1751 φέρτατοι,
1385 1705 1426 1742 οἵ
1447 1705 1490 1743 δὲ
1518 1708 1690 1754 βρο(τῶν)

156 1751 230 1835 Sta
255 1753 353 1789 enim
378 1752 620 1800 redintegro).
665 1754 871 1799 Utrumque
898 1764 1045 1790 carmen
1072 1754 1121 1790 ad
1147 1753 1289 1790 clarum
1309 1754 1462 1800 aliquod
1488 1755 1689 1800 exemplar,

183 1799 361 1836 imonidis
389 1802 429 1836 ut
453 1802 546 1847 puto
571 1801 642 1837 hoe
667 1800 913 1848 epitaphium,
940 1801 1215 1837 conformatum
1240 1803 1307 1838 est.

248 1870 348 1918 Epig
351 1885 376 1907 r.
406 1875 486 1907 111.
537 1872 652 1908 Thuc.
682 1871 731 1908 VI
757 1876 819 1908 59:
842 1869 1040 1908 Ιππόκλου
1067 1873 1170 1930 γοῦν
1181 1873 1247 1908 τοῦ
1268 1874 1533 1919 Λαμψακηνοῦ
1554 1870 1688 1932 τυράν-

153 1931 223 1955 νου
249 1884 430 1977 Αἰαντίδῃ
462 1919 512 1968 τῷ
538 1919 646 1955 παιδὶ
676 1919 879 1978 θυγατέρα
907 1916 1048 1956 ἑαυτοῦ
1080 1917 1175 1967 μετὰ
1207 1921 1327 1957 ταῦτα
1350 1917 1561 1979 Ἀρχεδίκην
1584 1918 1689 1980 Ἀθη-

152 1971 259 2007 ναῖος
296 1962 348 2002 ῶν
386 1970 443 2002 Λα
446 1956 633 2015 μψακηνῷ
673 1965 816 2003 ἔδωκεν
855 1965 1048 2025 (Ἱππίας),
1094 1965 1376 2015 αἰσθανόμενος
1412 1965 1554 2010 αὐτοὺς
1590 1967 1689 2014 μέγα

151 2003 630 2117 ιειῖαβῑιῑῑνῑοίῗεῑέὲ
651 2011 861 2106 5:322?
867 2014 959 2098 ,ιιι
991 2012 1320 2118 ‘amam
1349 2013 1689 2122 έρῖςιάιεξεέειῑ

154 2109 304 2145 Rhetor.
339 2114 376 2155 1,
409 2113 431 2145 9
457 2110 522 2156 qui
552 2121 586 2146 v.
620 2114 642 2145 3
673 2109 800 2146 affert:
833 2109 909 2146 Καὶ
940 2107 982 2146 τὸ
1009 2110 1077 2146 τοῦ
1088 2111 1336 2157 Σιμωνίδου·
1364 2107 1386 2156 ἣ
1413 2109 1588 2166 πατρὸς
1613 2114 1688 2148 κτλ.

154 2155 279 2192 Schol.
312 2157 359 2192 ad
384 2157 420 2193 h.
447 2158 471 2192 l.
497 2168 545 2215 ap
549 2156 739 2194 .Cramer
768 2159 837 2194 An.
870 2158 953 2195 Par.
981 2159 996 2193 I
1029 2162 1110 2202 267,
1135 2162 1198 2196 26:
1233 2157 1327 2194 ἔνιοι
1359 2157 1511 2203 ἔφασαν
1543 2156 1593 2199 ὡς
1625 2159 1691 2204 τῆς

150 2199 316 2260 Εκᾶβης
338 2205 476 2240 ταῦτα·
502 2201 525 2250 ἡ
551 2217 588 2240 π.
615 2217 655 2240 τε
688 2204 753 2240 καὶ
778 2202 815 2241 α’.
842 2199 936 2241 οὖσα
962 2186 1142 2250 ἀδελφῶν
1167 2218 1206 2242 τε
1234 2203 1430 2251 τυράννων
1458 2207 1634 2251 Δυσδαίμ
1636 2218 1689 2240 ων

155 2248 322 2296 γενόμαν
347 2252 478 2287 πασῶν
505 2250 742 2306 οίκτροτάτη,
774 2253 900 2299 inepte
926 2256 969 2288 ut
993 2252 1088 2288 nihil
1114 2265 1242 2299 supra·
1269 2255 1334 2290 sed
1360 2254 1519 2289 fortasse
1539 2253 1687 2299 aliquis,

156 2297 223 2342 qni
247 2297 339 2333 belli
364 2298 517 2335 Troiani
541 2299 676 2335 heroas
702 2299 985 2357 epigrammatis
1013 2301 1171 2344 ornavit,
1197 2301 1245 2337 ad
1271 2301 1464 2337 Hecubam
1484 2299 1689 2344 transtulit,

157 2345 375 2391 δυσδαίμων
407 2346 538 2381 πασῶν
571 2345 791 2404 οἰκτροτατη
822 2360 988 2394 γενομαν
1028 2330 1267 2384 substituens.
1318 2348 1362 2384 V.
1398 2352 1418 2383 3
1452 2348 1490 2382 et
1525 2351 1547 2382 4
1582 2329 1691 2383 affert

158 2391 286 2429 Isidor.
309 2392 431 2429 Pelus.
451 2393 520 2438 Ep.
541 2392 592 2429 111
612 2397 701 2429 224:
723 2390 927 2440 Ἀρχεδίκη,
948 2393 1105 2451 πατρός,
1131 2392 1271 2440 ἀνδρὸς
1289 2398 1363 2431 κτλ.
1387 2417 1429 2421 ·-
1458 2394 1500 2429 V.
1518 2399 1550 2431 2.
1575 2391 1688 2440 Ἀρχε-

156 2440 280 2485 δίκην,
306 2439 338 2474 A
363 2436 574 2486 ἆρχεδίκης.
602 2440 648 2466 -”
673 2439 852 2486 κέκευθε,
879 2441 911 2476 Κ
939 2439 1085 2479 κεύθει
1114 2463 1157 2468 -
1184 2442 1228 2478 V.
1249 2447 1281 2479 3.
1308 2439 1342 2477 τ’
1371 2454 1441 2478 οιιι.
1468 2441 1491 2477 i.
1523 2463 1563 2468 -—-
1590 2442 1634 2478 V.
1656 2447 1687 2479 4.

157 2486 186 2521 E
213 2487 307 2523 νοῦν
332 2484 671 2533 ἔασαστασθαλίην.

252 2570 378 2617 Epigr.
413 2574 492 2606 112.
543 2571 654 2612 Anth.
688 2571 766 2606 Pal.
799 2571 885 2606 XIII
917 2575 979 2608 26:
1019 2574 1285 2618 Σιμωνίδου
1319 2551 1409 2608 ἐπιτ
1434 2572 1499 2607 τῶι
1532 2564 1567 2607 Z
1599 2565 1689 2617 μέτό

158 2627 288 2675 μείουρ
318 2627 364 2665 Γ’
392 2627 482 2676 μετῤ
507 2629 648 2674 (omnia
673 2629 720 2665 ab
746 2631 877 2666 eadem
903 2634 977 2676 m.).
1005 2651 1049 2657 —·
1076 2630 1119 2666 V.
1148 2636 1177 2666 4.
1206 2628 1312 2677 τέρμ’
1342 2630 1449 2677 ἔχων,
1485 2630 1690 2666 Salmasius

296 2748 332 2793 *)
358 2748 510 2795 Lysippi
535 2748 668 2783 summi
700 2748 853 2784 artificis
878 2748 938 2784 leo
964 2749 1183 2784 vulneratus
1209 2751 1252 2784 ut
1275 2749 1423 2784 videtur
1448 2749 1607 2784 ornabat
1631 2751 1688 2784 tu-

158 2791 301 2830 mulum
327 2794 608 2840 Cyzieenorum,
640 2796 704 2841 qui
737 2808 820 2831 cum
847 2796 1072 2831 Arrhidaeus
1100 2797 1226 2831 nibem
1259 2796 1453 2832 obsidione
1490 2798 1688 2841 premeret,

157 2840 306 2877 fortiter
331 2842 552 2879 dimicantes
578 2843 801 2879 ceciderunt.
853 2843 982 2888 Neque
1008 2854 1096 2878 vero
1117 2843 1188 2878 huc
1209 2844 1372 2889 pertinet
1391 2844 1462 2887 leo,
1487 2843 1550 2889 qui
1572 2844 1688 2880 etiam

159 2899 256 2924 nunc
281 2889 320 2925 in
350 2889 475 2926 insula
499 2891 572 2926 Ceo
598 2890 741 2935 visitur,
774 2890 836 2936 qni
868 2890 906 2926 in
938 2890 1207 2936 promontorio,
1239 2891 1296 2927 cui
1322 2890 1418 2927 λέων
1444 2902 1579 2927 nomen
1606 2891 1688 2935 suit,

163 2935 279 2980 extat,
304 2937 350 2972 de
375 2949 448 2982 quo
474 2938 547 2973 vid.
577 2937 824 2974 Broendstedt
846 2937 972 2974 Itiner.
999 2937 1014 2971 I
1040 2949 1076 2983 p.
1103 2941 1159 2973 32.

234 3001 366 3028 Pon-1
385 3002 462 3029 Lu..
491 3003 550 3029 111.
1358 3002 1404 3033 30
