<?xml version="1.0" encoding="UTF-8"?>
<!DOCTYPE html PUBLIC "-//W3C//DTD XHTML 1.0 Transitional//EN"
    "http://www.w3.org/TR/xhtml1/DTD/xhtml1-transitional.dtd">
<html xmlns="http://www.w3.org/1999/xhtml" xml:lang="en" lang="en">
 <head>
  <title>
</title>
<meta http-equiv="Content-Type" content="text/html;charset=utf-8" />
  <meta name='ocr-system' content='tesseract 3.04.00' />
  <meta name='ocr-capabilities' content='ocr_page ocr_carea ocr_par ocr_line ocrx_word'/>
</head>
<body>
  <div class='ocr_page' id='page_1' title='image "./poetaelyricigrae03berguoft_0148.png"; bbox 0 0 1864 3126; ppageno 0'>
   <div class='ocr_carea' id='block_1_1' title="bbox 233 150 1187 199">
    <p class='ocr_par' dir='ltr' id='par_1_1' title="bbox 233 150 1187 199">
     <span class='ocr_line' id='line_1_1' title="bbox 233 150 1187 199; baseline 0 -9"><span class='ocrx_word' id='word_1_1' title='bbox 233 150 316 192; x_wconf 85' lang='lat'><em>138</em></span> <span class='ocrx_word' id='word_1_2' title='bbox 537 194 539 199; x_wconf 57' lang='grc'><em>,</em></span> <span class='ocrx_word' id='word_1_3' title='bbox 791 153 982 189; x_wconf 77' lang='lat' dir='ltr'><strong>POETAE</strong></span> <span class='ocrx_word' id='word_1_4' title='bbox 1009 153 1187 192; x_wconf 70' lang='lat' dir='ltr'>MELICL</span> 
     </span>
    </p>
   </div>
   <div class='ocr_carea' id='block_1_2' title="bbox 858 262 1121 316">
    <p class='ocr_par' dir='ltr' id='par_1_2' title="bbox 858 262 1121 316">
     <span class='ocr_line' id='line_1_2' title="bbox 858 262 1121 316; baseline 0.008 -12"><span class='ocrx_word' id='word_1_5' title='bbox 858 262 953 306; x_wconf 84' lang='lat'><strong>162.</strong></span> <span class='ocrx_word' id='word_1_6' title='bbox 987 263 1121 316; x_wconf 69' lang='lat'>[121]</span> 
     </span>
    </p>
   </div>
   <div class='ocr_carea' id='block_1_3' title="bbox 227 343 1748 537">
    <p class='ocr_par' dir='ltr' id='par_1_3' title="bbox 227 343 1748 537">
     <span class='ocr_line' id='line_1_3' title="bbox 346 343 1748 402; baseline 0.005 -19"><span class='ocrx_word' id='word_1_7' title='bbox 346 345 480 385; x_wconf 80' lang='lat' dir='ltr'>Ioann.</span> <span class='ocrx_word' id='word_1_8' title='bbox 511 346 625 386; x_wconf 82' lang='lat' dir='ltr'>Alex.</span> <span class='ocrx_word' id='word_1_9' title='bbox 657 361 693 397; x_wconf 92' lang='lat' dir='ltr'><em>p.</em></span> <span class='ocrx_word' id='word_1_10' title='bbox 727 349 770 387; x_wconf 89' lang='lat'><em>4:</em></span> <span class='ocrx_word' id='word_1_11' title='bbox 795 343 852 386; x_wconf 85' lang='lat' dir='ltr'><em>‘H</em></span> <span class='ocrx_word' id='word_1_12' title='bbox 886 344 991 395; x_wconf 83' lang='grc' dir='ltr'><em>ὀξεῖα</em></span> <span class='ocrx_word' id='word_1_13' title='bbox 1026 343 1052 400; x_wconf 79' lang='grc' dir='ltr'>ἢ</span> <span class='ocrx_word' id='word_1_14' title='bbox 1090 347 1133 388; x_wconf 85' lang='grc' dir='ltr'><em>ἕν</em></span> <span class='ocrx_word' id='word_1_15' title='bbox 1169 347 1264 388; x_wconf 84' lang='grc' dir='ltr'><em>τέλει</em></span> <span class='ocrx_word' id='word_1_16' title='bbox 1299 349 1448 389; x_wconf 83' lang='grc' dir='ltr'><em>τίθεται</em></span> <span class='ocrx_word' id='word_1_17' title='bbox 1483 345 1509 401; x_wconf 82' lang='grc' dir='ltr'>ἢ</span> <span class='ocrx_word' id='word_1_18' title='bbox 1549 346 1625 402; x_wconf 87' lang='grc' dir='ltr'><em>πρὸ</em></span> <span class='ocrx_word' id='word_1_19' title='bbox 1657 352 1748 402; x_wconf 78' lang='grc' dir='ltr'><em>μιᾶς</em></span> 
     </span>
     <span class='ocr_line' id='line_1_4' title="bbox 228 406 1747 468; baseline 0.005 -20"><span class='ocrx_word' id='word_1_20' title='bbox 228 411 297 449; x_wconf 86' lang='grc' dir='ltr'><em>τοῦ</em></span> <span class='ocrx_word' id='word_1_21' title='bbox 329 408 460 458; x_wconf 82' lang='grc' dir='ltr'><strong><em>τέλους</em></strong></span> <span class='ocrx_word' id='word_1_22' title='bbox 484 406 509 462; x_wconf 79' lang='grc' dir='ltr'>ἢ</span> <span class='ocrx_word' id='word_1_23' title='bbox 535 406 612 463; x_wconf 86' lang='grc' dir='ltr'><em>πρὸ</em></span> <span class='ocrx_word' id='word_1_24' title='bbox 646 408 733 462; x_wconf 82' lang='grc' dir='ltr'><em>δύο,</em></span> <span class='ocrx_word' id='word_1_25' title='bbox 758 406 834 464; x_wconf 85' lang='grc' dir='ltr'><em>πρὸ</em></span> <span class='ocrx_word' id='word_1_26' title='bbox 859 414 977 463; x_wconf 82' lang='grc' dir='ltr'><strong><em>τριῶν</em></strong></span> <span class='ocrx_word' id='word_1_27' title='bbox 1002 409 1038 452; x_wconf 81' lang='grc' dir='ltr'><em>δ’</em></span> <span class='ocrx_word' id='word_1_28' title='bbox 1074 410 1218 453; x_wconf 72' lang='grc' dir='ltr'><em>οὐκέτι·</em></span> <span class='ocrx_word' id='word_1_29' title='bbox 1249 410 1291 454; x_wconf 84' lang='grc' dir='ltr'><em>τὸ</em></span> <span class='ocrx_word' id='word_1_30' title='bbox 1316 410 1391 467; x_wconf 78' lang='grc' dir='ltr'><em>γὰρ</em></span> <span class='ocrx_word' id='word_1_31' title='bbox 1416 411 1501 466; x_wconf 86' lang='grc' dir='ltr'><em>Μή</em></span> <span class='ocrx_word' id='word_1_32' title='bbox 1509 414 1611 454; x_wconf 84' lang='grc' dir='ltr'><em>δεϊα</em></span> <span class='ocrx_word' id='word_1_33' title='bbox 1640 411 1747 468; x_wconf 73' lang='grc' dir='ltr'><em>παρὰ</em></span> 
     </span>
     <span class='ocr_line' id='line_1_5' title="bbox 227 472 1668 537; baseline 0.005 -24"><span class='ocrx_word' id='word_1_34' title='bbox 227 476 400 525; x_wconf 82' lang='grc' dir='ltr'><em>Σαπφοῖ</em></span> <span class='ocrx_word' id='word_1_35' title='bbox 423 472 625 524; x_wconf 84' lang='grc' dir='ltr'><em>πεπονθὸς</em></span> <span class='ocrx_word' id='word_1_36' title='bbox 654 473 964 529; x_wconf 79' lang='grc' dir='ltr'><em>παραιτούμεθα,</em></span> <span class='ocrx_word' id='word_1_37' title='bbox 995 474 1053 518; x_wconf 81' lang='grc' dir='ltr'><em>’ὅτι</em></span> <span class='ocrx_word' id='word_1_38' title='bbox 1082 473 1155 530; x_wconf 79' lang='grc' dir='ltr'><em>’τὴν</em></span> <span class='ocrx_word' id='word_1_39' title='bbox 1186 493 1219 519; x_wconf 90' lang='grc' dir='ltr'><em>ει</em></span> <span class='ocrx_word' id='word_1_40' title='bbox 1250 479 1476 532; x_wconf 77' lang='grc' dir='ltr'><em>δίφθογγον</em></span> <span class='ocrx_word' id='word_1_41' title='bbox 1506 479 1668 537; x_wconf 55' lang='grc' dir='ltr'><em>διεῖλεν.ν</em></span> 
     </span>
    </p>
   </div>
   <div class='ocr_carea' id='block_1_4' title="bbox 875 599 1108 659">
    <p class='ocr_par' dir='ltr' id='par_1_4' title="bbox 875 599 1108 659">
     <span class='ocr_line' id='line_1_6' title="bbox 875 599 1108 659; baseline 0 -12"><span class='ocrx_word' id='word_1_42' title='bbox 875 599 1108 659; x_wconf 65' lang='grc'><strong>163.[18]</strong></span> 
     </span>
    </p>
   </div>
   <div class='ocr_carea' id='block_1_5' title="bbox 181 687 1745 809">
    <p class='ocr_par' dir='ltr' id='par_1_5' title="bbox 181 687 1745 809">
     <span class='ocr_line' id='line_1_7' title="bbox 342 687 1745 744; baseline 0.003 -17"><span class='ocrx_word' id='word_1_43' title='bbox 342 689 512 728; x_wconf 62' lang='lat' dir='ltr'><em>Antiasst.</em></span> <span class='ocrx_word' id='word_1_44' title='bbox 544 691 667 730; x_wconf 86' lang='lat' dir='ltr'>Bekk.</span> <span class='ocrx_word' id='word_1_45' title='bbox 700 691 775 729; x_wconf 89' lang='lat' dir='ltr'><em>An.</em></span> <span class='ocrx_word' id='word_1_46' title='bbox 801 691 820 729; x_wconf 96' lang='lat' dir='ltr'>I</span> <span class='ocrx_word' id='word_1_47' title='bbox 850 692 944 741; x_wconf 87' lang='lat'>108,</span> <span class='ocrx_word' id='word_1_48' title='bbox 972 693 1044 729; x_wconf 85' lang='lat'><em>22:</em></span> <span class='ocrx_word' id='word_1_49' title='bbox 1075 687 1283 743; x_wconf 78' lang='grc' dir='ltr'><em>Μύρραν</em></span> <span class='ocrx_word' id='word_1_50' title='bbox 1313 687 1384 743; x_wconf 81' lang='grc' dir='ltr'><em>τὴν</em></span> <span class='ocrx_word' id='word_1_51' title='bbox 1416 687 1606 744; x_wconf 82' lang='grc' dir='ltr'><em>σμύρναν,</em></span> <span class='ocrx_word' id='word_1_52' title='bbox 1636 693 1745 731; x_wconf 82' lang='grc' dir='ltr'><em>Σαπ-</em></span> 
     </span>
     <span class='ocr_line' id='line_1_8' title="bbox 181 749 938 809; baseline 0.003 -17"><span class='ocrx_word' id='word_1_53' title='bbox 181 786 185 792; x_wconf 73' lang='grc'><em>,</em></span> <span class='ocrx_word' id='word_1_54' title='bbox 225 749 289 803; x_wconf 63' lang='lat' dir='ltr'><em>&lt;prb</em></span> <span class='ocrx_word' id='word_1_55' title='bbox 323 752 534 809; x_wconf 79' lang='grc' dir='ltr'><em>δευτέρῳ.</em></span> <span class='ocrx_word' id='word_1_56' title='bbox 927 758 938 767; x_wconf 92' lang='grc'><strong>”</strong></span> 
     </span>
    </p>
   </div>
   <div class='ocr_carea' id='block_1_6' title="bbox 944 848 1039 890">
    <p class='ocr_par' dir='ltr' id='par_1_6' title="bbox 944 848 1039 890">
     <span class='ocr_line' id='line_1_9' title="bbox 944 848 1039 890; baseline 0 -1"><span class='ocrx_word' id='word_1_57' title='bbox 944 848 1039 890; x_wconf 87' lang='grc'>164.</span> 
     </span>
    </p>
   </div>
   <div class='ocr_carea' id='block_1_7' title="bbox 224 927 1747 1049">
    <p class='ocr_par' dir='ltr' id='par_1_7' title="bbox 224 927 1747 1049">
     <span class='ocr_line' id='line_1_10' title="bbox 344 927 1747 985; baseline 0.004 -16"><span class='ocrx_word' id='word_1_58' title='bbox 344 932 472 971; x_wconf 84' lang='lat' dir='ltr'>Cram.</span> <span class='ocrx_word' id='word_1_59' title='bbox 504 932 580 972; x_wconf 89' lang='lat' dir='ltr'><em>An.</em></span> <span class='ocrx_word' id='word_1_60' title='bbox 613 932 683 972; x_wconf 83' lang='lat' dir='ltr'><em>Ox.</em></span> <span class='ocrx_word' id='word_1_61' title='bbox 715 933 734 970; x_wconf 90' lang='lat' dir='ltr'>I</span> <span class='ocrx_word' id='word_1_62' title='bbox 768 935 872 980; x_wconf 82' lang='lat'><strong>278,</strong></span> <span class='ocrx_word' id='word_1_63' title='bbox 906 936 978 973; x_wconf 85' lang='lat'><em>17:</em></span> <span class='ocrx_word' id='word_1_64' title='bbox 1015 931 1097 972; x_wconf 83' lang='grc' dir='ltr'><em>Καὶ</em></span> <span class='ocrx_word' id='word_1_65' title='bbox 1126 929 1151 985; x_wconf 80' lang='grc' dir='ltr'><em>ἡ</em></span> <span class='ocrx_word' id='word_1_66' title='bbox 1182 927 1315 985; x_wconf 79' lang='grc' dir='ltr'><em>γενικὴ</em></span> <span class='ocrx_word' id='word_1_67' title='bbox 1354 936 1431 974; x_wconf 84' lang='grc' dir='ltr'><em>τῶν</em></span> <span class='ocrx_word' id='word_1_68' title='bbox 1467 935 1747 985; x_wconf 76' lang='grc' dir='ltr'><em>πληθυντικῶν</em></span> 
     </span>
     <span class='ocr_line' id='line_1_11' title="bbox 224 992 1456 1049; baseline 0.004 -16"><span class='ocrx_word' id='word_1_69' title='bbox 224 992 419 1035; x_wconf 79' lang='grc' dir='ltr'><em>Μωσοῖων</em></span> <span class='ocrx_word' id='word_1_70' title='bbox 449 993 555 1049; x_wconf 80' lang='grc' dir='ltr'><em>παρὰ</em></span> <span class='ocrx_word' id='word_1_71' title='bbox 587 993 766 1048; x_wconf 79' lang='grc' dir='ltr'><em>Λάκωσι,</em></span> <span class='ocrx_word' id='word_1_72' title='bbox 797 994 904 1049; x_wconf 79' lang='grc' dir='ltr'><em>παρὰ</em></span> <span class='ocrx_word' id='word_1_73' title='bbox 936 995 978 1037; x_wconf 80' lang='grc' dir='ltr'><em>δὲ</em></span> <span class='ocrx_word' id='word_1_74' title='bbox 1009 1000 1182 1048; x_wconf 85' lang='grc' dir='ltr'><em>Σαπφοῖ</em></span> <span class='ocrx_word' id='word_1_75' title='bbox 1206 994 1374 1039; x_wconf 78' lang='grc' dir='ltr'><em>Μοισοὶ</em></span> <span class='ocrx_word' id='word_1_76' title='bbox 1384 1014 1456 1038; x_wconf 90' lang='grc' dir='ltr'><em>ων.</em></span> 
     </span>
    </p>
   </div>
   <div class='ocr_carea' id='block_1_8' title="bbox 855 1125 1120 1178">
    <p class='ocr_par' dir='ltr' id='par_1_8' title="bbox 855 1125 1120 1178">
     <span class='ocr_line' id='line_1_12' title="bbox 855 1125 1120 1178; baseline 0 -11"><span class='ocrx_word' id='word_1_77' title='bbox 855 1125 948 1168; x_wconf 84' lang='lat'>165.</span> <span class='ocrx_word' id='word_1_78' title='bbox 984 1125 1120 1178; x_wconf 67' lang='lat'>[104]</span> 
     </span>
    </p>
   </div>
   <div class='ocr_carea' id='block_1_9' title="bbox 223 1206 1746 1329">
    <p class='ocr_par' dir='ltr' id='par_1_9' title="bbox 223 1206 1746 1329">
     <span class='ocr_line' id='line_1_13' title="bbox 342 1206 1746 1266; baseline 0.004 -18"><span class='ocrx_word' id='word_1_79' title='bbox 342 1210 554 1260; x_wconf 85' lang='lat' dir='ltr'>Phrynich.</span> <span class='ocrx_word' id='word_1_80' title='bbox 582 1212 686 1250; x_wconf 87' lang='lat'>305:</span> <span class='ocrx_word' id='word_1_81' title='bbox 718 1212 764 1249; x_wconf 92' lang='grc' dir='ltr'><em>Ν</em></span> <span class='ocrx_word' id='word_1_82' title='bbox 767 1210 863 1262; x_wconf 87' lang='grc' dir='ltr'><em>ίτρο</em></span> <span class='ocrx_word' id='word_1_83' title='bbox 876 1220 913 1249; x_wconf 87' lang='grc' dir='ltr'><em>ν·</em></span> <span class='ocrx_word' id='word_1_84' title='bbox 944 1212 1056 1251; x_wconf 84' lang='grc' dir='ltr'><em>τοῦτο</em></span> <span class='ocrx_word' id='word_1_85' title='bbox 1090 1206 1258 1260; x_wconf 83' lang='grc' dir='ltr'><em>Αἰολεὺς</em></span> <span class='ocrx_word' id='word_1_86' title='bbox 1289 1208 1360 1263; x_wconf 82' lang='grc' dir='ltr'><em>μὲν</em></span> <span class='ocrx_word' id='word_1_87' title='bbox 1391 1207 1442 1251; x_wconf 69' lang='grc' dir='ltr'><em>ἂν</em></span> <span class='ocrx_word' id='word_1_88' title='bbox 1473 1212 1586 1264; x_wconf 84' lang='grc' dir='ltr'><em>εἴποι,</em></span> <span class='ocrx_word' id='word_1_89' title='bbox 1618 1209 1746 1266; x_wconf 77' lang='grc' dir='ltr'><em>ὥσπερ</em></span> 
     </span>
     <span class='ocr_line' id='line_1_14' title="bbox 223 1266 1681 1329; baseline 0.003 -17"><span class='ocrx_word' id='word_1_90' title='bbox 223 1266 297 1313; x_wconf 75' lang='grc' dir='ltr'><em>οὖν</em></span> <span class='ocrx_word' id='word_1_91' title='bbox 327 1272 394 1313; x_wconf 86' lang='grc' dir='ltr'><em>καὶ</em></span> <span class='ocrx_word' id='word_1_92' title='bbox 423 1270 448 1326; x_wconf 79' lang='grc' dir='ltr'>ἡ</span> <span class='ocrx_word' id='word_1_93' title='bbox 481 1271 639 1326; x_wconf 75' lang='grc' dir='ltr'><em>Σαπφώ</em></span> <span class='ocrx_word' id='word_1_94' title='bbox 672 1269 738 1315; x_wconf 72' lang='grc' dir='ltr'><em>διὰ</em></span> <span class='ocrx_word' id='word_1_95' title='bbox 770 1277 839 1316; x_wconf 84' lang='grc' dir='ltr'><em>τοῦ</em></span> <span class='ocrx_word' id='word_1_96' title='bbox 873 1291 909 1326; x_wconf 93' lang='grc' dir='ltr'><em>ν,</em></span> <span class='ocrx_word' id='word_1_97' title='bbox 935 1271 1155 1328; x_wconf 84' lang='grc' dir='ltr'><em>Ἀθηναῖος</em></span> <span class='ocrx_word' id='word_1_98' title='bbox 1186 1273 1229 1316; x_wconf 83' lang='grc' dir='ltr'><em>δὲ</em></span> <span class='ocrx_word' id='word_1_99' title='bbox 1261 1273 1325 1315; x_wconf 81' lang='grc' dir='ltr'><em>διὰ</em></span> <span class='ocrx_word' id='word_1_100' title='bbox 1356 1278 1426 1316; x_wconf 84' lang='grc' dir='ltr'><em>τοῦ</em></span> <span class='ocrx_word' id='word_1_101' title='bbox 1457 1280 1491 1328; x_wconf 89' lang='grc' dir='ltr'><em>λ,</em></span> <span class='ocrx_word' id='word_1_102' title='bbox 1522 1277 1681 1329; x_wconf 60' lang='grc' dir='ltr'><em>λίτρον.&gt;</em></span> 
     </span>
    </p>
   </div>
   <div class='ocr_carea' id='block_1_10' title="bbox 854 1403 1119 1456">
    <p class='ocr_par' dir='ltr' id='par_1_10' title="bbox 854 1403 1119 1456">
     <span class='ocr_line' id='line_1_15' title="bbox 854 1403 1119 1456; baseline 0 -11"><span class='ocrx_word' id='word_1_103' title='bbox 854 1403 948 1445; x_wconf 88' lang='grc'>166.</span> <span class='ocrx_word' id='word_1_104' title='bbox 983 1404 1119 1456; x_wconf 90' lang='grc'><strong>[111.]</strong></span> 
     </span>
    </p>
   </div>
   <div class='ocr_carea' id='block_1_11' title="bbox 223 1491 1746 1677">
    <p class='ocr_par' dir='ltr' id='par_1_11' title="bbox 223 1491 1746 1677">
     <span class='ocr_line' id='line_1_16' title="bbox 343 1491 1745 1549; baseline 0.003 -17"><span class='ocrx_word' id='word_1_105' title='bbox 343 1494 428 1534; x_wconf 84' lang='lat' dir='ltr'>Sch.</span> <span class='ocrx_word' id='word_1_106' title='bbox 462 1495 579 1535; x_wconf 90' lang='lat' dir='ltr'>Hom.</span> <span class='ocrx_word' id='word_1_107' title='bbox 617 1495 663 1534; x_wconf 93' lang='lat' dir='ltr'><em>Il.</em></span> <span class='ocrx_word' id='word_1_108' title='bbox 695 1511 719 1548; x_wconf 78' lang='lat' dir='ltr'><em>y</em></span> <span class='ocrx_word' id='word_1_109' title='bbox 757 1497 860 1535; x_wconf 71' lang='lat'><strong>219:</strong></span> <span class='ocrx_word' id='word_1_110' title='bbox 889 1492 1005 1535; x_wconf 76' lang='grc' dir='ltr'><em>’Ὥστε</em></span> <span class='ocrx_word' id='word_1_111' title='bbox 1044 1494 1087 1535; x_wconf 79' lang='grc' dir='ltr'><em>ἐκ</em></span> <span class='ocrx_word' id='word_1_112' title='bbox 1126 1498 1195 1536; x_wconf 89' lang='grc' dir='ltr'><em>τοῦ</em></span> <span class='ocrx_word' id='word_1_113' title='bbox 1239 1495 1418 1535; x_wconf 82' lang='grc' dir='ltr'><em>ἐναντίου</em></span> <span class='ocrx_word' id='word_1_114' title='bbox 1458 1491 1664 1549; x_wconf 74' lang='grc' dir='ltr'><em>ἁμάρτημα</em></span> <span class='ocrx_word' id='word_1_115' title='bbox 1703 1492 1745 1537; x_wconf 87' lang='grc' dir='ltr'><em>τὸ</em></span> 
     </span>
     <span class='ocr_line' id='line_1_17' title="bbox 225 1553 1746 1617; baseline 0.001 -19"><span class='ocrx_word' id='word_1_116' title='bbox 225 1553 331 1617; x_wconf 77' lang='grc' dir='ltr'><em>παρὰ</em></span> <span class='ocrx_word' id='word_1_117' title='bbox 363 1561 409 1613; x_wconf 82' lang='grc' dir='ltr'><em>τῇ</em></span> <span class='ocrx_word' id='word_1_118' title='bbox 440 1562 609 1611; x_wconf 86' lang='grc' dir='ltr'><em>Σαπφοῖ</em></span> <span class='ocrx_word' id='word_1_119' title='bbox 637 1557 677 1600; x_wconf 88' lang='grc' dir='ltr'><em>τὸ</em></span> <span class='ocrx_word' id='word_1_120' title='bbox 710 1560 882 1600; x_wconf 83' lang='grc' dir='ltr'><em>πολυΐὸ</em></span> <span class='ocrx_word' id='word_1_121' title='bbox 891 1561 966 1612; x_wconf 81' lang='grc' dir='ltr'><em>ριδ</em></span> <span class='ocrx_word' id='word_1_122' title='bbox 974 1577 1006 1611; x_wconf 89' lang='grc' dir='ltr'><em>ι,</em></span> <span class='ocrx_word' id='word_1_123' title='bbox 1038 1560 1073 1599; x_wconf 88' lang='grc' dir='ltr'><em>εἰ</em></span> <span class='ocrx_word' id='word_1_124' title='bbox 1102 1555 1154 1612; x_wconf 83' lang='grc' dir='ltr'><em>μὴ</em></span> <span class='ocrx_word' id='word_1_125' title='bbox 1188 1557 1264 1613; x_wconf 70' lang='grc' dir='ltr'><em>ἄρα</em></span> <span class='ocrx_word' id='word_1_126' title='bbox 1290 1557 1433 1612; x_wconf 84' lang='grc' dir='ltr'><em>ὁμοίως</em></span> <span class='ocrx_word' id='word_1_127' title='bbox 1457 1564 1538 1609; x_wconf 88' lang='grc' dir='ltr'><em>τοῖς</em></span> <span class='ocrx_word' id='word_1_128' title='bbox 1563 1557 1746 1610; x_wconf 80' lang='grc' dir='ltr'><em>Ἀττικοῖς</em></span> 
     </span>
     <span class='ocr_line' id='line_1_18' title="bbox 223 1621 1278 1677; baseline 0.004 -15"><span class='ocrx_word' id='word_1_129' title='bbox 223 1621 372 1675; x_wconf 66' lang='grc' dir='ltr'><em>ἐκλίθη.</em></span> <span class='ocrx_word' id='word_1_130' title='bbox 434 1625 492 1665; x_wconf 83' lang='lat' dir='ltr'><em>cf.</em></span> <span class='ocrx_word' id='word_1_131' title='bbox 525 1627 586 1665; x_wconf 72' lang='lat' dir='ltr'><em>Et.</em></span> <span class='ocrx_word' id='word_1_132' title='bbox 620 1627 672 1664; x_wconf 82' lang='lat' dir='ltr'><em>M.</em></span> <span class='ocrx_word' id='word_1_133' title='bbox 705 1628 773 1675; x_wconf 84' lang='lat'><em>42,</em></span> <span class='ocrx_word' id='word_1_134' title='bbox 807 1628 879 1669; x_wconf 75' lang='lat'><em>40.¹</em></span> <span class='ocrx_word' id='word_1_135' title='bbox 935 1627 1060 1666; x_wconf 61' lang='lat' dir='ltr'><strong>Eust„</strong></span> <span class='ocrx_word' id='word_1_136' title='bbox 1081 1627 1179 1677; x_wconf 85' lang='lat'>407,</span> <span class='ocrx_word' id='word_1_137' title='bbox 1213 1628 1278 1666; x_wconf 82' lang='lat'><em>38.</em></span> 
     </span>
    </p>
   </div>
   <div class='ocr_carea' id='block_1_12' title="bbox 854 1753 1117 1806">
    <p class='ocr_par' dir='ltr' id='par_1_12' title="bbox 854 1753 1117 1806">
     <span class='ocr_line' id='line_1_19' title="bbox 854 1753 1117 1806; baseline 0.004 -10"><span class='ocrx_word' id='word_1_138' title='bbox 854 1754 947 1796; x_wconf 85' lang='lat'>167.</span> <span class='ocrx_word' id='word_1_139' title='bbox 983 1753 1117 1806; x_wconf 65' lang='lat'>[108]</span> 
     </span>
    </p>
   </div>
   <div class='ocr_carea' id='block_1_13' title="bbox 219 1843 1745 2942">
    <p class='ocr_par' dir='ltr' id='par_1_13' title="bbox 219 1843 1745 2942">
     <span class='ocr_line' id='line_1_20' title="bbox 340 1843 1745 1906; baseline 0.001 -17"><span class='ocrx_word' id='word_1_140' title='bbox 340 1843 455 1890; x_wconf 76' lang='lat' dir='ltr'>Phot.</span> <span class='ocrx_word' id='word_1_141' title='bbox 488 1853 556 1900; x_wconf 84' lang='lat'><em>81,</em></span> <span class='ocrx_word' id='word_1_142' title='bbox 590 1853 662 1890; x_wconf 81' lang='lat'><em>12:</em></span> <span class='ocrx_word' id='word_1_143' title='bbox 706 1847 864 1901; x_wconf 77' lang='grc' dir='ltr'><em>Θάψος·</em></span> <span class='ocrx_word' id='word_1_144' title='bbox 903 1846 1040 1900; x_wconf 80' lang='grc' dir='ltr'><em>ξύλον,</em></span> <span class='ocrx_word' id='word_1_145' title='bbox 1072 1843 1102 1906; x_wconf 75' lang='grc' dir='ltr'><em>ᾧ</em></span> <span class='ocrx_word' id='word_1_146' title='bbox 1134 1850 1362 1898; x_wconf 80' lang='grc' dir='ltr'><em>ξανθίζουσι</em></span> <span class='ocrx_word' id='word_1_147' title='bbox 1391 1847 1438 1890; x_wconf 73' lang='grc' dir='ltr'><em>τὰ</em></span> <span class='ocrx_word' id='word_1_148' title='bbox 1468 1850 1553 1903; x_wconf 76' lang='grc' dir='ltr'><em>ἔρια</em></span> <span class='ocrx_word' id='word_1_149' title='bbox 1582 1849 1648 1890; x_wconf 83' lang='grc' dir='ltr'><em>καὶ</em></span> <span class='ocrx_word' id='word_1_150' title='bbox 1677 1847 1745 1899; x_wconf 83' lang='grc' dir='ltr'><em>τὰς</em></span> 
     </span>
     <span class='ocr_line' id='line_1_21' title="bbox 223 1909 1744 1968; baseline 0.002 -16"><span class='ocrx_word' id='word_1_151' title='bbox 223 1913 366 1965; x_wconf 86' lang='grc' dir='ltr'><em>τρίχας,</em></span> <span class='ocrx_word' id='word_1_152' title='bbox 396 1909 418 1953; x_wconf 75' lang='grc' dir='ltr'>ὃ</span> <span class='ocrx_word' id='word_1_153' title='bbox 449 1911 608 1966; x_wconf 78' lang='grc' dir='ltr'><em>Σαπφὼ</em></span> <span class='ocrx_word' id='word_1_154' title='bbox 648 1911 899 1955; x_wconf 81' lang='grc' dir='ltr'><em>Σκυθικὸν</em></span> <span class='ocrx_word' id='word_1_155' title='bbox 939 1911 1080 1963; x_wconf 82' lang='grc' dir='ltr'><em>ξύλον</em></span> <span class='ocrx_word' id='word_1_156' title='bbox 1120 1913 1252 1968; x_wconf 77' lang='grc' dir='ltr'><em>λέγει.</em></span> <span class='ocrx_word' id='word_1_157' title='bbox 1315 1915 1373 1955; x_wconf 85' lang='lat' dir='ltr'><em>Of.</em></span> <span class='ocrx_word' id='word_1_158' title='bbox 1410 1916 1599 1966; x_wconf 84' lang='lat' dir='ltr'>Hesych.:</span> <span class='ocrx_word' id='word_1_159' title='bbox 1638 1918 1744 1955; x_wconf 88' lang='grc' dir='ltr'><em>Σκυ-</em></span> 
     </span>
     <span class='ocr_line' id='line_1_22' title="bbox 220 1971 1743 2031; baseline 0.001 -12"><span class='ocrx_word' id='word_1_160' title='bbox 220 1976 344 2019; x_wconf 81' lang='grc' dir='ltr'><em>θικὸν</em></span> <span class='ocrx_word' id='word_1_161' title='bbox 375 1975 508 2027; x_wconf 84' lang='grc' dir='ltr'><em>ξύλον·</em></span> <span class='ocrx_word' id='word_1_162' title='bbox 548 1975 620 2031; x_wconf 85' lang='grc' dir='ltr'><em>τὴν</em></span> <span class='ocrx_word' id='word_1_163' title='bbox 658 1976 865 2031; x_wconf 71' lang='grc' dir='ltr'><em>διάπυρον.</em></span> <span class='ocrx_word' id='word_1_164' title='bbox 909 1971 1014 2019; x_wconf 44' lang='grc' dir='ltr'><em>’ἔνιοι</em></span> <span class='ocrx_word' id='word_1_165' title='bbox 1051 1975 1122 2030; x_wconf 84' lang='grc' dir='ltr'><em>τὴν</em></span> <span class='ocrx_word' id='word_1_166' title='bbox 1157 1981 1328 2031; x_wconf 85' lang='grc' dir='ltr'><em>θαψίαν.</em></span> <span class='ocrx_word' id='word_1_167' title='bbox 1377 1981 1500 2020; x_wconf 87' lang='lat' dir='ltr'>idem:</span> <span class='ocrx_word' id='word_1_168' title='bbox 1542 1977 1743 2031; x_wconf 79' lang='grc' dir='ltr'><em>Θάψινον·</em></span> 
     </span>
     <span class='ocr_line' id='line_1_23' title="bbox 220 2036 1745 2101; baseline 0 -17"><span class='ocrx_word' id='word_1_169' title='bbox 220 2040 261 2084; x_wconf 88' lang='grc' dir='ltr'><em>τὸ</em></span> <span class='ocrx_word' id='word_1_170' title='bbox 294 2040 459 2094; x_wconf 81' lang='grc' dir='ltr'><em>ξανθόν,</em></span> <span class='ocrx_word' id='word_1_171' title='bbox 490 2039 568 2085; x_wconf 79' lang='grc' dir='ltr'><em>ἀπὸ</em></span> <span class='ocrx_word' id='word_1_172' title='bbox 601 2046 670 2085; x_wconf 81' lang='grc' dir='ltr'><em>τοῦ</em></span> <span class='ocrx_word' id='word_1_173' title='bbox 702 2041 833 2096; x_wconf 85' lang='grc' dir='ltr'><em>ξύλου,</em></span> <span class='ocrx_word' id='word_1_174' title='bbox 863 2047 931 2096; x_wconf 83' lang='grc' dir='ltr'><em>τῆς</em></span> <span class='ocrx_word' id='word_1_175' title='bbox 961 2040 1124 2095; x_wconf 73' lang='grc' dir='ltr'><em>θαψου,</em></span> <span class='ocrx_word' id='word_1_176' title='bbox 1156 2038 1187 2101; x_wconf 79' lang='grc' dir='ltr'><em>ᾧ</em></span> <span class='ocrx_word' id='word_1_177' title='bbox 1219 2036 1446 2093; x_wconf 79' lang='grc' dir='ltr'><em>ξανθίζουσι</em></span> <span class='ocrx_word' id='word_1_178' title='bbox 1481 2042 1526 2084; x_wconf 78' lang='grc' dir='ltr'><em>τὰ</em></span> <span class='ocrx_word' id='word_1_179' title='bbox 1559 2044 1648 2100; x_wconf 39' lang='grc' dir='ltr'><em>,ἔρια</em></span> <span class='ocrx_word' id='word_1_180' title='bbox 1678 2043 1745 2084; x_wconf 82' lang='grc' dir='ltr'><em>καὶ</em></span> 
     </span>
     <span class='ocr_line' id='line_1_24' title="bbox 220 2105 1740 2163; baseline 0.002 -15"><span class='ocrx_word' id='word_1_181' title='bbox 220 2105 287 2157; x_wconf 78' lang='grc' dir='ltr'><em>τὰς</em></span> <span class='ocrx_word' id='word_1_182' title='bbox 318 2105 506 2159; x_wconf 77' lang='grc' dir='ltr'><em>κεφαλάς·</em></span> <span class='ocrx_word' id='word_1_183' title='bbox 538 2105 676 2149; x_wconf 86' lang='grc' dir='ltr'><em>τοῦτό</em></span> <span class='ocrx_word' id='word_1_184' title='bbox 706 2124 806 2157; x_wconf 89' lang='grc' dir='ltr'><em>τινες</em></span> <span class='ocrx_word' id='word_1_185' title='bbox 836 2105 1043 2149; x_wconf 83' lang='grc' dir='ltr'><em>Σκυθικὸν</em></span> <span class='ocrx_word' id='word_1_186' title='bbox 1073 2108 1244 2162; x_wconf 80' lang='grc' dir='ltr'><em>λέγουσι·</em></span> <span class='ocrx_word' id='word_1_187' title='bbox 1276 2109 1342 2150; x_wconf 84' lang='grc' dir='ltr'><em>καὶ</em></span> <span class='ocrx_word' id='word_1_188' title='bbox 1373 2107 1394 2151; x_wconf 84' lang='grc' dir='ltr'><strong><em>ὃ</em></strong></span> <span class='ocrx_word' id='word_1_189' title='bbox 1425 2107 1616 2163; x_wconf 87' lang='grc' dir='ltr'><em>ποταμός,</em></span> <span class='ocrx_word' id='word_1_190' title='bbox 1647 2107 1740 2163; x_wconf 82' lang='grc' dir='ltr'><em>παρ’</em></span> 
     </span>
     <span class='ocr_line' id='line_1_25' title="bbox 221 2167 1743 2230; baseline 0.001 -16"><span class='ocrx_word' id='word_1_191' title='bbox 221 2167 251 2230; x_wconf 75' lang='grc' dir='ltr'><em>ᾧ</em></span> <span class='ocrx_word' id='word_1_192' title='bbox 284 2170 424 2225; x_wconf 84' lang='grc' dir='ltr'><em>φύεται</em></span> <span class='ocrx_word' id='word_1_193' title='bbox 454 2170 495 2213; x_wconf 90' lang='grc' dir='ltr'><em>τὸ</em></span> <span class='ocrx_word' id='word_1_194' title='bbox 528 2170 658 2224; x_wconf 89' lang='grc' dir='ltr'><em>ξύλον,</em></span> <span class='ocrx_word' id='word_1_195' title='bbox 694 2171 836 2225; x_wconf 73' lang='grc' dir='ltr'><em>Θάψος</em></span> <span class='ocrx_word' id='word_1_196' title='bbox 867 2177 1052 2214; x_wconf 82' lang='grc' dir='ltr'><em>καλεῖται·</em></span> <span class='ocrx_word' id='word_1_197' title='bbox 1090 2174 1168 2214; x_wconf 73' lang='grc' dir='ltr'><em>ἔστι</em></span> <span class='ocrx_word' id='word_1_198' title='bbox 1206 2173 1248 2214; x_wconf 85' lang='grc' dir='ltr'><em>δὲ</em></span> <span class='ocrx_word' id='word_1_199' title='bbox 1285 2174 1351 2215; x_wconf 81' lang='grc' dir='ltr'><em>καὶ</em></span> <span class='ocrx_word' id='word_1_200' title='bbox 1388 2176 1471 2229; x_wconf 79' lang='grc' dir='ltr'><em>ῥίζα</em></span> <span class='ocrx_word' id='word_1_201' title='bbox 1509 2176 1644 2227; x_wconf 85' lang='grc' dir='ltr'><em>θαψία</em></span> <span class='ocrx_word' id='word_1_202' title='bbox 1674 2191 1743 2216; x_wconf 88' lang='grc' dir='ltr'><em>κα-</em></span> 
     </span>
     <span class='ocr_line' id='line_1_26' title="bbox 220 2237 1744 2294; baseline 0.001 -15"><span class='ocrx_word' id='word_1_203' title='bbox 220 2237 401 2291; x_wconf 79' lang='grc' dir='ltr'><em>λουμένη.</em></span> <span class='ocrx_word' id='word_1_204' title='bbox 462 2238 577 2278; x_wconf 88' lang='lat' dir='ltr'>Adde</span> <span class='ocrx_word' id='word_1_205' title='bbox 614 2239 744 2280; x_wconf 83' lang='lat' dir='ltr'>Schol.</span> <span class='ocrx_word' id='word_1_206' title='bbox 781 2240 983 2280; x_wconf 77' lang='lat' dir='ltr'>Theocriti</span> <span class='ocrx_word' id='word_1_207' title='bbox 1018 2240 1059 2279; x_wconf 95' lang='lat' dir='ltr'><em>II</em></span> <span class='ocrx_word' id='word_1_208' title='bbox 1097 2242 1169 2280; x_wconf 83' lang='lat'><em>88:</em></span> <span class='ocrx_word' id='word_1_209' title='bbox 1216 2237 1354 2292; x_wconf 76' lang='grc' dir='ltr'><em>θάψος</em></span> <span class='ocrx_word' id='word_1_210' title='bbox 1396 2237 1470 2294; x_wconf 79' lang='grc' dir='ltr'><em>γάρ</em></span> <span class='ocrx_word' id='word_1_211' title='bbox 1513 2240 1591 2281; x_wconf 80' lang='grc' dir='ltr'><em>ἐστι</em></span> <span class='ocrx_word' id='word_1_212' title='bbox 1627 2238 1744 2290; x_wconf 85' lang='grc' dir='ltr'><em>ξύλον</em></span> 
     </span>
     <span class='ocr_line' id='line_1_27' title="bbox 219 2300 1744 2358; baseline 0.001 -14"><span class='ocrx_word' id='word_1_213' title='bbox 219 2320 272 2355; x_wconf 87' lang='grc' dir='ltr'><em>τι,</em></span> <span class='ocrx_word' id='word_1_214' title='bbox 311 2300 333 2344; x_wconf 75' lang='grc' dir='ltr'>ὃ</span> <span class='ocrx_word' id='word_1_215' title='bbox 374 2307 544 2344; x_wconf 87' lang='grc' dir='ltr'><em>καλεῖται</em></span> <span class='ocrx_word' id='word_1_216' title='bbox 583 2302 649 2342; x_wconf 85' lang='grc' dir='ltr'><em>καὶ</em></span> <span class='ocrx_word' id='word_1_217' title='bbox 688 2300 909 2357; x_wconf 81' lang='grc' dir='ltr'><em>σκυθᾶριον</em></span> <span class='ocrx_word' id='word_1_218' title='bbox 947 2300 973 2356; x_wconf 78' lang='grc' dir='ltr'>ἢ</span> <span class='ocrx_word' id='word_1_219' title='bbox 1016 2301 1222 2346; x_wconf 82' lang='grc' dir='ltr'><em>Σκυθικὸν</em></span> <span class='ocrx_word' id='word_1_220' title='bbox 1266 2302 1400 2358; x_wconf 83' lang='grc' dir='ltr'><em>ξύλον,</em></span> <span class='ocrx_word' id='word_1_221' title='bbox 1441 2303 1494 2354; x_wconf 73' lang='grc' dir='ltr'><em>ὥς</em></span> <span class='ocrx_word' id='word_1_222' title='bbox 1538 2317 1636 2357; x_wconf 85' lang='grc' dir='ltr'><em>φησι</em></span> <span class='ocrx_word' id='word_1_223' title='bbox 1678 2304 1744 2345; x_wconf 81' lang='grc' dir='ltr'><em>καὶ</em></span> 
     </span>
     <span class='ocr_line' id='line_1_28' title="bbox 221 2364 1743 2425; baseline 0.002 -18"><span class='ocrx_word' id='word_1_224' title='bbox 221 2365 381 2418; x_wconf 79' lang='grc' dir='ltr'><em>Σαπφώ</em></span> <span class='ocrx_word' id='word_1_225' title='bbox 411 2364 456 2421; x_wconf 83' lang='grc'><em>(9</em></span> <span class='ocrx_word' id='word_1_226' title='bbox 490 2365 654 2420; x_wconf 74' lang='grc' dir='ltr'><em>σαμφῶ,</em></span> <span class='ocrx_word' id='word_1_227' title='bbox 685 2369 751 2408; x_wconf 88' lang='grc' dir='ltr'><em>ΕΡ</em></span> <span class='ocrx_word' id='word_1_228' title='bbox 781 2366 969 2424; x_wconf 80' lang='grc' dir='ltr'><em>παμφώ)·</em></span> <span class='ocrx_word' id='word_1_229' title='bbox 1005 2365 1126 2425; x_wconf 82' lang='grc' dir='ltr'><em>τούτῳ</em></span> <span class='ocrx_word' id='word_1_230' title='bbox 1165 2368 1209 2410; x_wconf 81' lang='grc' dir='ltr'><em>δὲ</em></span> <span class='ocrx_word' id='word_1_231' title='bbox 1246 2367 1292 2410; x_wconf 77' lang='grc' dir='ltr'><em>τὰ</em></span> <span class='ocrx_word' id='word_1_232' title='bbox 1333 2370 1417 2424; x_wconf 75' lang='grc' dir='ltr'><em>ἔρια</em></span> <span class='ocrx_word' id='word_1_233' title='bbox 1455 2365 1649 2423; x_wconf 72' lang='grc' dir='ltr'><em>βάπτουσι</em></span> <span class='ocrx_word' id='word_1_234' title='bbox 1678 2369 1743 2410; x_wconf 84' lang='grc' dir='ltr'><em>καὶ</em></span> 
     </span>
     <span class='ocr_line' id='line_1_29' title="bbox 221 2427 1742 2489; baseline 0 -15"><span class='ocrx_word' id='word_1_235' title='bbox 221 2436 380 2474; x_wconf 82' lang='grc' dir='ltr'><em>ποιοῦσι</em></span> <span class='ocrx_word' id='word_1_236' title='bbox 411 2429 555 2485; x_wconf 82' lang='grc' dir='ltr'><em>μήλινα</em></span> <span class='ocrx_word' id='word_1_237' title='bbox 587 2427 773 2486; x_wconf 86' lang='grc' dir='ltr'><em>(μήλλινα</em></span> <span class='ocrx_word' id='word_1_238' title='bbox 805 2430 849 2473; x_wconf 88' lang='lat'><em>4¹</em></span> <span class='ocrx_word' id='word_1_239' title='bbox 883 2431 939 2486; x_wconf 85' lang='lat'><em>5¹,</em></span> <span class='ocrx_word' id='word_1_240' title='bbox 971 2429 1136 2486; x_wconf 78' lang='grc' dir='ltr'><em>μᾶλλινα</em></span> <span class='ocrx_word' id='word_1_241' title='bbox 1167 2430 1213 2474; x_wconf 82' lang='grc'><em>42</em></span> <span class='ocrx_word' id='word_1_242' title='bbox 1239 2430 1284 2475; x_wconf 81' lang='grc'><em>52</em></span> <span class='ocrx_word' id='word_1_243' title='bbox 1309 2435 1405 2475; x_wconf 84' lang='lat' dir='ltr'>Gen.</span> <span class='ocrx_word' id='word_1_244' title='bbox 1437 2436 1475 2485; x_wconf 83' lang='lat' dir='ltr'><em>b,</em></span> <span class='ocrx_word' id='word_1_245' title='bbox 1506 2431 1648 2487; x_wconf 67' lang='grc' dir='ltr'><em>μείλινα</em></span> <span class='ocrx_word' id='word_1_246' title='bbox 1679 2432 1742 2489; x_wconf 82' lang='grc' dir='ltr'><em>Ρ),</em></span> 
     </span>
     <span class='ocr_line' id='line_1_30' title="bbox 221 2494 1742 2553; baseline 0.001 -15"><span class='ocrx_word' id='word_1_247' title='bbox 221 2497 286 2538; x_wconf 85' lang='grc' dir='ltr'><em>καὶ</em></span> <span class='ocrx_word' id='word_1_248' title='bbox 315 2494 383 2546; x_wconf 85' lang='grc' dir='ltr'><em>τὰς</em></span> <span class='ocrx_word' id='word_1_249' title='bbox 413 2498 542 2550; x_wconf 87' lang='grc' dir='ltr'><em>τρίχας</em></span> <span class='ocrx_word' id='word_1_250' title='bbox 574 2499 848 2546; x_wconf 82' lang='grc' dir='ltr'><em>ξανθίζουσιν·</em></span> <span class='ocrx_word' id='word_1_251' title='bbox 880 2496 958 2537; x_wconf 76' lang='grc' dir='ltr'><em>ἔστι</em></span> <span class='ocrx_word' id='word_1_252' title='bbox 989 2496 1032 2538; x_wconf 79' lang='grc' dir='ltr'><em>δὲ</em></span> <span class='ocrx_word' id='word_1_253' title='bbox 1056 2495 1097 2539; x_wconf 90' lang='grc' dir='ltr'><em>τὸ</em></span> <span class='ocrx_word' id='word_1_254' title='bbox 1123 2495 1218 2550; x_wconf 87' lang='grc' dir='ltr'><em>παρ’</em></span> <span class='ocrx_word' id='word_1_255' title='bbox 1250 2495 1345 2552; x_wconf 82' lang='grc' dir='ltr'><em>ἡμῖν</em></span> <span class='ocrx_word' id='word_1_256' title='bbox 1369 2496 1578 2553; x_wconf 76' lang='grc' dir='ltr'><em>λεγόμενον</em></span> <span class='ocrx_word' id='word_1_257' title='bbox 1602 2496 1742 2552; x_wconf 86' lang='grc' dir='ltr'><em>χρυσό-</em></span> 
     </span>
     <span class='ocr_line' id='line_1_31' title="bbox 225 2559 1741 2614; baseline 0.001 -11"><span class='ocrx_word' id='word_1_258' title='bbox 225 2565 354 2611; x_wconf 84' lang='grc' dir='ltr'><em>ξυλον.</em></span> <span class='ocrx_word' id='word_1_259' title='bbox 395 2577 418 2602; x_wconf 87' lang='lat' dir='ltr'>a</span> <span class='ocrx_word' id='word_1_260' title='bbox 460 2564 604 2614; x_wconf 83' lang='lat' dir='ltr'>quibus</span> <span class='ocrx_word' id='word_1_261' title='bbox 645 2565 796 2603; x_wconf 78' lang='lat' dir='ltr'>recedit</span> <span class='ocrx_word' id='word_1_262' title='bbox 836 2564 975 2603; x_wconf 87' lang='lat' dir='ltr'>Ambr.</span> <span class='ocrx_word' id='word_1_263' title='bbox 1006 2559 1145 2614; x_wconf 75' lang='grc' dir='ltr'><em>θάψος</em></span> <span class='ocrx_word' id='word_1_264' title='bbox 1183 2562 1227 2603; x_wconf 80' lang='grc' dir='ltr'><em>δέ</em></span> <span class='ocrx_word' id='word_1_265' title='bbox 1269 2562 1371 2603; x_wconf 80' lang='grc' dir='ltr'><em>ἐστιν</em></span> <span class='ocrx_word' id='word_1_266' title='bbox 1401 2559 1503 2611; x_wconf 82' lang='grc' dir='ltr'><em>εἶδος</em></span> <span class='ocrx_word' id='word_1_267' title='bbox 1544 2559 1681 2614; x_wconf 84' lang='grc' dir='ltr'><em>ξύλου,</em></span> <span class='ocrx_word' id='word_1_268' title='bbox 1718 2559 1741 2604; x_wconf 75' lang='grc' dir='ltr'>ὃ</span> 
     </span>
     <span class='ocr_line' id='line_1_32' title="bbox 219 2621 1741 2683; baseline 0 -16"><span class='ocrx_word' id='word_1_269' title='bbox 219 2631 388 2668; x_wconf 84' lang='grc' dir='ltr'><em>καλεῖται</em></span> <span class='ocrx_word' id='word_1_270' title='bbox 428 2625 667 2679; x_wconf 77' lang='grc' dir='ltr'><em>σκυθᾶριον,</em></span> <span class='ocrx_word' id='word_1_271' title='bbox 703 2621 728 2681; x_wconf 74' lang='grc' dir='ltr'><strong><em>ἦ</em></strong></span> <span class='ocrx_word' id='word_1_272' title='bbox 767 2641 866 2680; x_wconf 83' lang='grc' dir='ltr'><em>φησι</em></span> <span class='ocrx_word' id='word_1_273' title='bbox 896 2625 1071 2679; x_wconf 79' lang='grc' dir='ltr'><em>Σαπφώ·</em></span> <span class='ocrx_word' id='word_1_274' title='bbox 1107 2625 1230 2683; x_wconf 82' lang='grc' dir='ltr'><em>τούτῳ</em></span> <span class='ocrx_word' id='word_1_275' title='bbox 1269 2626 1311 2667; x_wconf 84' lang='grc' dir='ltr'><em>δὲ</em></span> <span class='ocrx_word' id='word_1_276' title='bbox 1346 2624 1392 2667; x_wconf 80' lang='grc' dir='ltr'><em>τὰ</em></span> <span class='ocrx_word' id='word_1_277' title='bbox 1423 2627 1507 2680; x_wconf 75' lang='grc' dir='ltr'><em>ἔρια</em></span> <span class='ocrx_word' id='word_1_278' title='bbox 1537 2624 1741 2680; x_wconf 77' lang='grc' dir='ltr'><em>βάπτουσι.</em></span> 
     </span>
     <span class='ocr_line' id='line_1_33' title="bbox 219 2689 1740 2744; baseline 0.001 -12"><span class='ocrx_word' id='word_1_279' title='bbox 219 2691 318 2741; x_wconf 83' lang='grc' dir='ltr'><em>τινὲς</em></span> <span class='ocrx_word' id='word_1_280' title='bbox 349 2689 391 2733; x_wconf 88' lang='grc' dir='ltr'><em>τὸ</em></span> <span class='ocrx_word' id='word_1_281' title='bbox 423 2689 631 2732; x_wconf 83' lang='grc' dir='ltr'><em>Σκυθικὸν</em></span> <span class='ocrx_word' id='word_1_282' title='bbox 663 2689 791 2741; x_wconf 88' lang='grc' dir='ltr'><em>ξύλον.</em></span> <span class='ocrx_word' id='word_1_283' title='bbox 851 2694 1009 2733; x_wconf 84' lang='lat' dir='ltr'>Ahrens</span> <span class='ocrx_word' id='word_1_284' title='bbox 1046 2694 1110 2733; x_wconf 88' lang='lat' dir='ltr'><em>hic</em></span> <span class='ocrx_word' id='word_1_285' title='bbox 1147 2706 1357 2744; x_wconf 84' lang='lat' dir='ltr'>perperam</span> <span class='ocrx_word' id='word_1_286' title='bbox 1388 2693 1569 2743; x_wconf 85' lang='lat' dir='ltr'>Sapphus</span> <span class='ocrx_word' id='word_1_287' title='bbox 1601 2705 1740 2733; x_wconf 82' lang='lat' dir='ltr'>versus</span> 
     </span>
     <span class='ocr_line' id='line_1_34' title="bbox 220 2757 1740 2808; baseline -0.001 -10"><span class='ocrx_word' id='word_1_288' title='bbox 220 2760 296 2798; x_wconf 84' lang='lat' dir='ltr'>sibi</span> <span class='ocrx_word' id='word_1_289' title='bbox 337 2758 644 2808; x_wconf 80' lang='lat' dir='ltr'>deprehendisse</span> <span class='ocrx_word' id='word_1_290' title='bbox 686 2759 861 2807; x_wconf 80' lang='lat' dir='ltr'>videtur,</span> <span class='ocrx_word' id='word_1_291' title='bbox 906 2771 1004 2808; x_wconf 85' lang='lat' dir='ltr'>quos</span> <span class='ocrx_word' id='word_1_292' title='bbox 1046 2760 1087 2797; x_wconf 90' lang='lat' dir='ltr'><em>in</em></span> <span class='ocrx_word' id='word_1_293' title='bbox 1129 2758 1319 2798; x_wconf 81' lang='lat' dir='ltr'>addendis</span> <span class='ocrx_word' id='word_1_294' title='bbox 1362 2759 1421 2797; x_wconf 73' lang='lat' dir='ltr'><em>ita</em></span> <span class='ocrx_word' id='word_1_295' title='bbox 1464 2757 1740 2797; x_wconf 75' lang='lat' dir='ltr'>conformavit:</span> 
     </span>
     <span class='ocr_line' id='line_1_35' title="bbox 219 2817 1741 2877; baseline -0.003 -13"><span class='ocrx_word' id='word_1_296' title='bbox 219 2859 242 2865; x_wconf 90' lang='lat'><em>..</em></span> <span class='ocrx_word' id='word_1_297' title='bbox 265 2847 290 2864; x_wconf 72' lang='grc' dir='ltr'><em>υ</em></span> <span class='ocrx_word' id='word_1_298' title='bbox 315 2860 337 2865; x_wconf 75' lang='grc'><em>,</em></span> <span class='ocrx_word' id='word_1_299' title='bbox 367 2818 576 2862; x_wconf 86' lang='grc' dir='ltr'><em>Σκύθικον</em></span> <span class='ocrx_word' id='word_1_300' title='bbox 607 2818 738 2873; x_wconf 87' lang='grc' dir='ltr'><em>ξύλον,</em></span> <span class='ocrx_word' id='word_1_301' title='bbox 766 2823 772 2871; x_wconf 96' lang='grc' dir='ltr'>Ι</span> <span class='ocrx_word' id='word_1_302' title='bbox 798 2825 851 2877; x_wconf 78' lang='grc' dir='ltr'><em>τῷ</em></span> <span class='ocrx_word' id='word_1_303' title='bbox 881 2817 1066 2874; x_wconf 76' lang='grc' dir='ltr'><em>βᾶπτοισί</em></span> <span class='ocrx_word' id='word_1_304' title='bbox 1098 2836 1136 2861; x_wconf 90' lang='grc' dir='ltr'><em>τε</em></span> <span class='ocrx_word' id='word_1_305' title='bbox 1166 2818 1279 2874; x_wconf 85' lang='grc' dir='ltr'><em>τῆρια</em></span> <span class='ocrx_word' id='word_1_306' title='bbox 1305 2819 1312 2874; x_wconf 85' lang='grc' dir='ltr'>Ι</span> <span class='ocrx_word' id='word_1_307' title='bbox 1338 2822 1481 2861; x_wconf 84' lang='grc' dir='ltr'><em>ποΐεισι</em></span> <span class='ocrx_word' id='word_1_308' title='bbox 1511 2818 1554 2860; x_wconf 84' lang='grc' dir='ltr'><em>δὲ</em></span> <span class='ocrx_word' id='word_1_309' title='bbox 1585 2817 1741 2873; x_wconf 79' lang='grc' dir='ltr'><em>μάλινα,</em></span> 
     </span>
     <span class='ocr_line' id='line_1_36' title="bbox 223 2883 845 2942; baseline 0 -16"><span class='ocrx_word' id='word_1_310' title='bbox 223 2883 228 2942; x_wconf 76' lang='grc' dir='ltr'>Ι</span> <span class='ocrx_word' id='word_1_311' title='bbox 263 2886 512 2935; x_wconf 79' lang='grc' dir='ltr'><em>ξανθίσδοισί</em></span> <span class='ocrx_word' id='word_1_312' title='bbox 538 2901 576 2926; x_wconf 90' lang='grc' dir='ltr'><em>τε</em></span> <span class='ocrx_word' id='word_1_313' title='bbox 607 2883 675 2935; x_wconf 83' lang='grc' dir='ltr'><em>τὰς</em></span> <span class='ocrx_word' id='word_1_314' title='bbox 705 2887 845 2940; x_wconf 85' lang='grc' dir='ltr'><em>τρίχας.</em></span> 
     </span>
    </p>
   </div>
   <div class='ocr_carea' id='block_1_14' title="bbox 1759 286 1829 320">
    <p class='ocr_par' dir='ltr' id='par_1_14' title="bbox 1759 286 1829 320">
     <span class='ocr_line' id='line_1_37' title="bbox 1759 286 1829 320; baseline 0.029 -2"><span class='ocrx_word' id='word_1_315' title='bbox 1759 286 1829 320; x_wconf 81' lang='grc'><em>923</em></span> 
     </span>
    </p>
   </div>
  </div>
 </body>
</html>
