1864 3126
0 1479 3 1487 .

0 1508 5 1540 t

0 1555 8 1610 ἱ

770 111 1046 155 SIMONIDES.
1583 117 1667 159 481

775 228 869 271 136.
902 228 1039 282 [193.]

234 321 517 379 Δημόκριτος
546 324 693 379 τρίτος
723 315 828 380 ἦρξε
859 320 1013 380 μάχης,
1047 319 1117 366 ὅτε
1149 338 1238 378 παρ
1270 326 1504 379 Σαλαμῖνα

278 390 491 451 ’Έλληνες
523 391 701 450 Μήδοις
732 391 965 450 σύμβαλον
998 394 1046 437 ἐν
1078 392 1277 449 πελάγει·

230 464 359 509 πέντε
391 463 441 509 δὲ
471 466 583 522 νῆας
613 465 712 509 ἕλεν
744 467 909 522 δηΐων,
941 464 1072 521 ἕκτην
1105 461 1147 507 δ’
1181 462 1269 508 ὑπὸ
1301 464 1448 523 χειρός

291 534 459 594 ῥύσατο
489 537 763 595 βαρβαρικῆς
795 534 967 594 Δωρίδ’
1004 533 1317 592 ἁλισκομένην.

772 680 866 724 137.
901 680 1036 734 [194.]
1395 709 1398 713 ι
1581 691 1671 724 1164

226 771 333 818 Aw'
369 770 482 832 ὑπὲρ
508 771 738 819 Ἑλλάνων
768 791 815 819 τε
845 774 920 818 καὶ
953 772 1190 832 ἰθυμάχων
1221 776 1439 831 πολιητᾶν

233 927 363 974 Epigr.
393 932 471 965 136.
521 928 618 965 Plut.
645 929 691 965 de
717 929 852 967 Herod.
871 928 1025 976 malign.
1047 941 1076 965 c.
1097 933 1162 966 36:
1192 926 1245 964 Τὸ
1271 929 1511 975 Δημοκρίτου
1538 926 1672 974 κατόρ-

137 977 254 1022 θωμα
279 974 344 1011 καὶ
368 974 437 1021 τὴν
462 972 675 1022 ἀριστείαν,
705 973 753 1023 ἣν
790 974 1044 1023 ἐπιγράμματι
1074 978 1341 1023 Σιμωνίδης
1371 973 1554 1021 ἐδήλωσε·
1588 981 1673 1022 Λη-

136 1020 353 1069 μόκριτος
387 1026 463 1061 κτλ.
513 1023 679 1061 Insolens
718 1035 806 1060 sane
844 1023 1128 1071 epigrammatis
1165 1024 1328 1070 species,
1365 1023 1507 1060 fraudis
1547 1024 1673 1059 tamen

135 1069 297 1116 suspicio
337 1071 467 1117 procul
502 1072 693 1115 habenda3
725 1072 948 1108 Plutarchus
978 1072 1080 1108 haud
1111 1072 1223 1108 dubie
1255 1071 1449 1107 exordium
1479 1071 1518 1106 in
1549 1073 1673 1107 artum

135 1117 294 1163 redegit,
319 1119 434 1164 poeta
458 1118 608 1155 videtur
632 1120 840 1166 scripsisse:
873 1116 1063 1166 (ἅνθηκεν
1087 1116 1174 1155 τόδε
1203 1121 1299 1163 ....)
1326 1116 1564 1164 Δημόκριτος

137 1162 346 1212 (Νάξιος,
378 1160 440 1210 ὃς)
471 1167 594 1212 τρίτος
623 1161 715 1213 ἦρξε
744 1164 876 1214 μάχης.
909 1187 953 1193 -
981 1167 1024 1203 V.
1052 1171 1084 1203 3.
1118 1165 1241 1213 χειρός
1259 1167 1381 1211 TVB,
1415 1166 1528 1212 vulgo
1554 1171 1673 1212 χεῖρα.

137 1233 180 1240 -
194 1212 251 1249 ‘V.
278 1217 312 1249 4.
338 1214 570 1260 βαρβαρικῆς
589 1214 699 1260 TVB,
725 1212 960 1264 βαρβαρικὴν
980 1215 1104 1261 vulgo.
1131 1215 1269 1251 Reiske
1289 1214 1384 1250 coni.
1406 1210 1482 1249 άπὸ
1504 1215 1672 1259 (Schnei—

137 1260 261 1297 dem‘n
285 1258 380 1307 ὑπὸ)
406 1262 543 1308 χειρῶν
569 1259 708 1308 ὃύσατο
736 1263 987 1311 βαρβαρικῶν.

231 1355 360 1415 Epigr.
395 1360 474 1394 13⁷.
526 1357 660 1393 Athen.
693 1355 780 1392 XIII
812 1361 879 1394 573
895 1356 939 1392 C:
978 1355 1155 1403 Νόμιμόν
1193 1354 1294 1392 ἐστιν
1331 1361 1490 1402 αρχαῖον
1522 1353 1564 1392 ἐν
1598 1360 1672 1393 Κο-

137 1403 272 1462 ρίνθῳ,
298 1417 350 1445 ως
373 1403 438 1440 καὶ
461 1403 688 1450 Χαμαιλέων
714 1401 735 1440 ὁ
757 1401 1016 1450 Ἡρακλεώτης
1041 1403 1187 1450 ἱστορεῖ
1206 1401 1248 1440 ἐν
1273 1404 1325 1452 τῷ
1350 1403 1438 1448 περὶ
1463 1402 1672 1450 Πινδάρου,

137 1463 232 1487 οταν
257 1448 282 1496 ἡ
308 1448 415 1492 πόλις
439 1448 596 1498 εὔχηται
621 1451 708 1498 περὶ
732 1449 905 1498 μεγάλων
931 1453 974 1498 τῇ
999 1449 1207 1498 Ἀφροδίτῃ,
1227 1449 1674 1499 συμπαραλαμβάνεσθαι

134 1495 230 1554 πρὸς
254 1496 325 1555 τῂν
360 1496 528 1556 suegelun·
557 1497 625 1540 τὰς
657 1496 810 1545 ἑταίρας
840 1497 891 1541 ὡς
920 1501 1096 1541 πλείστας
1125 1499 1190 1535 καὶ
1222 1496 1674 1557 τανύταςὶπροσεύχεσθαι

135 1547 564 1640 ’ἆσῗῒὴῖαξτέἕῖἒῖἒῖ
579 1545 898 1640 ,ξῗέντὲιςιτιῗὲἕῆἶ
921 1544 1585 1640 πέἔῗέῗιοεῗὲὲμῗές’ἷῖἐτῖἶῖἒετέἔι
1603 1549 1672 1630 543

136 1653 247 1687 μαιος
273 1638 315 1677 ἒν
339 1641 384 1688 τῇ
411 1638 571 1699 ἕβδόμῃ,
594 1640 638 1678 αἱ
659 1643 865 1686 Κορίνθιαι
891 1621 1039 1686 ἑταῖραι
1063 1639 1228 1688 ηὔξαντο
1253 1639 1350 1687 ὑπὲρ
1370 1642 1437 1687 τῆς
1455 1642 1530 1677 τῶν
1545 1639 1673 1688 Ἑλλή-

136 1701 214 1724 νων
240 1690 422 1735 σωτηρίας
446 1688 502 1731 εἰς
534 1703 601 1726 τον
634 1690 700 1735 τῆς
728 1687 945 1736 Ἀφροδίτης
977 1688 1161 1726 ἐλθοῦσαι
1192 1686 1306 1725 νεών·
1339 1686 1400 1724 διὸ
1433 1689 1499 1725 καὶ
1528 1691 1565 1725 Σ
1571 1703 1584 1725 ι
1591 1704 1671 1736 μω-

135 1736 268 1782 νίδης
290 1732 567 1773 ἀναθέντων
592 1737 678 1773 τῶν
703 1739 968 1783 Κορινθίων
1004 1738 1176 1773 πίνακα
1202 1737 1250 1784 τῇ
1277 1737 1372 1784 θεῷ
1398 1734 1477 1772 τὸν
1504 1735 1571 1772 ἔτι
1595 1737 1672 1773 καὶ

135 1783 222 1819 νῦν
247 1783 532 1830 διαμένοντα
565 1784 642 1820 καὶ
673 1782 752 1826 τὰς
784 1781 970 1832 ἑταίρας
1002 1784 1098 1835 ἰδίᾳ
1130 1785 1407 1832 (corrigendum
1433 1784 1583 1821 videtur
1607 1787 1671 1831 δη-

136 1831 262 1880 μοσίᾳ,
286 1842 375 1868 nam
401 1831 438 1867 ίδ
505 1833 564 1868 est
588 1833 754 1879 seorsim,
780 1833 826 1869 cf.
852 1833 1021 1879 Thucyd.
1046 1832 1063 1868 1
1090 1837 1169 1870 132.
1196 1832 1332 1868 Herod.
1358 1831 1428 1867 VII
1453 1836 1534 1869 228.
1562 1833 1670 1870 Diod.

136 1877 189 1914 XI
213 1881 275 1924 33)
314 1887 592 1925 γραψαντων
629 1878 710 1922 τὰς
745 1877 846 1916 τότε
885 1879 1203 1927 ποιησαμένας
1238 1876 1321 1925 τὴν
1357 1877 1564 1915 ἱκετείαν
1595 1881 1671 1916 καὶ

136 1921 332 1971 ’ὕστερον
357 1924 448 1972 (ἐπὶ
478 1932 576 1969 τοῖς
607 1925 752 1972 ἱεροῖς
791 1930 893 1964 recte
923 1928 1081 1965 inseruit
1114 1927 1264 1972 Kaibel)
1300 1925 1537 1972 παρούσας
1568 1939 1671 1963 συν-

138 1971 284 2019 έθηκε
310 1972 415 2010 τόδε
442 1971 489 2011 τὸ
518 1972 718 2022 ἐπίγραμ
759 1988 799 2011 α·
826 1972 923 2012 Αἴδ’
951 1979 1027 2013 κτλ.
1065 1975 1168 2012 Idem
1188 1974 1304 2021 epigr.
1325 1975 1434 2011 affert
1453 1975 1536 2011 Sch.
1564 1975 1670 2011 Pind.

137 2019 193 2056 Ol.
220 2021 308 2057 XIII
333 2025 397 2058 32:
431 2020 659 2068 Θεόπομπος
690 1989 751 2059 δῖ
760 2035 854 2069 φησι
878 2023 944 2059 καὶ
968 2021 1037 2065 τὰς
1061 2027 1245 2069 γυναῖκας
1269 2018 1396 2057 αὐτῶν
1423 2024 1671 2068 (Κορινθίων)

137 2065 328 2127 εὔξασθαι
363 2069 407 2117 τῇ
443 2067 638 2118 Ἀφροδίτῃ
679 2069 823 2115 ἔρωτα
861 2068 1086 2117 ἐμπεσεῖν
1121 2074 1215 2111 τοῖς
1252 2066 1480 2114 ἀνδράσιν
1518 2067 1671 2106 αὐτῶν

135 2128 251 2173 μακε
262 2119 373 2152 σθαι
403 2114 518 2163 ὑπὲρ
549 2117 629 2163 τῆς
653 2115 868 2160 Ἑλλάδος
898 2123 994 2160 τοῖς
1023 2116 1221 2164 Μήδοις,
1260 2115 1509 2158 είσελθούσας
1540 2116 1595 2158 εἰς
1628 2115 1670 2153 τὸ

138 2161 241 2208 ΐερον
274 2164 343 2209 τῆς
370 2160 586 2222 Ἀφροδίτης
619 2195 628 2203 .
655 2192 664 2201 .
693 2193 700 2201 .
734 2163 833 2202 εἶναι
864 2164 907 2202 δὲ
942 2166 1007 2202 καὶ
1031 2166 1103 2201 νῦν
1134 2163 1471 2211 ἀναγεγραμμένον
1505 2162 1672 2210 ἐλεγεῖον

138 2207 295 2249 εἰσιόντι
330 2210 385 2252 εἰς
414 2225 482 2247 τον
505 2210 602 2248 ναὸν
627 2213 693 2258 τῆς
718 2209 918 2259 άριστερᾶς
947 2211 1089 2272 χειρός·
1123 2209 1219 2249 Λῖδ’
1254 2215 1329 2248 κτλ.
1380 2213 1475 2248 Item
1500 2211 1598 2249 Plut.
1624 2213 1671 2248 de

138 2257 316 2294 Herodot.
342 2259 495 2305 malign.
521 2263 584 2295 39:
615 2261 681 2296 καὶ
712 2259 786 2307 μὴν
819 2256 879 2297 ὅτι
910 2273 1026 2307 μοναι
1049 2261 1122 2296 τῶν
1143 2258 1369 2305 Ἑλληνίδων
1395 2257 1439 2294 αἱ
1461 2260 1670 2304 Κορίνθιαι

141 2309 320 2350 γυναῖκες
344 2302 505 2348 εὔξαντο
530 2304 598 2352 τὴν
623 2305 742 2353 καλὴν
769 2305 920 2355 ἐκείνην
939 2308 1005 2344 καὶ
1024 2305 1223 2354 δαιμόνιον
1239 2303 1375 2352 εὐχήν,
1403 2305 1547 2351 ἔρωτα
1573 2311 1671 2348 τοῖς

141 2348 346 2410 ἀνδράσι
369 2353 448 2398 τῆς
471 2351 582 2399 πρὸς
606 2351 712 2396 τοὺς
737 2353 998 2404 βαρβάρους
1023 2354 1174 2402 μάχης
1194 2352 1415 2400 ἐμβαλεῖν
1435 2352 1515 2400 τὴν
1533 2352 1670 2398 θεόν,

142 2396 210 2446 οὐχ
236 2412 340 2441 οπως
363 2397 452 2441 τούς
478 2400 564 2445 περὶ
588 2401 654 2442 τὸν,
673 2398 876 2447 Ἡρόδοτον
901 2399 1089 2449 ἀγνοῆσαι
1112 2400 1284 2438 πιθανὸν
1303 2395 1364 2447 ἦν,
1389 2398 1470 2436 ἀλλ’
1493 2399 1583 2437 οὐδὲ
1604 2399 1670 2436 τὸν

144 2445 301 2494 ἔσχατον
327 2448 481 2492 Καρῶν·
508 2445 694 2496 διεβοήθη
719 2447 792 2495 γὰρ
817 2448 859 2485 τὸ
880 2451 1046 2497 πρᾶγμα,
1072 2451 1137 2486 καὶ
1155 2446 1373 2495 Σιμωνίδης
1392 2446 1568 2494 ἐποίησεν
1589 2446 1669 2484 ἐπί-

142 2495 494 2589 ἴὲαἵὲἵὲιιξῖἷᾷῗιῖ
507 2493 992 2580 εἷζῖἷῖἓσῗῖἴῗῖῗὲῗσῗῖι
1010 2494 1127 2581 ³:03¹}
1152 2493 1560 2580 ἷὲῗι-ὦῆῗιζὲῗὶροιῗῖἑῗῖ
1586 2523 1669 2579 '233'

995 2571 1004 2580 .
1418 2571 1425 2579 .
1553 2571 1561 2579 .
1660 2572 1671 2588 ‚

142 2589 210 2626 ubi
230 2586 497 2636 Ἀριστοτέλους
527 2590 758 2636 inscribitur,
793 2591 898 2627 cuius
922 2592 1102 2628 lectiones
1135 2602 1220 2627 cum
1245 2592 1359 2628 schol.
1385 2590 1492 2626 Pind.
1519 2602 1671 2627 consen-

143 2637 253 2673 tiunt.
282 2658 327 2664 —-
354 2638 589 2684 Quamquam
615 2649 742 2674 omnes
762 2638 894 2674 iisdem
915 2639 1128 2676 auctoribus
1147 2638 1323 2674 videntur
1346 2638 1405 2673 usi
1428 2649 1509 2673 esse
1533 2648 1672 2684 magna

143 2686 271 2721 tamen
297 2687 354 2721 est
378 2685 573 2730 dissensio,
598 2697 685 2721 nam
712 2689 835 2721 utrum
863 2685 1140 2722 Corinthiorum
1165 2687 1358 2721 matronae
1383 2696 1431 2721 an
1455 2685 1671 2722 meretrices

143 2730 413 2778 intelligendae
437 2733 523 2776 sint,
550 2733 749 2769 incertum:
776 2733 915 2779 pariter
939 2733 1170 2779 ambiguum,
1196 2732 1307 2777 quale
1331 2732 1446 2769 fuerit
1463 2732 1669 2769 donarium.

145 2779 361 2815 Athenaeus
386 2791 431 2816 ex
459 2779 757 2816 Chamaeleontis
782 2780 991 2816 Aristotelii
1017 2781 1114 2816 libro
1138 2779 1224 2824 περὶ
1245 2778 1440 2825 Πινδάρου
1460 2779 1669 2826 descripsit,

146 2825 219 2861 nisi
245 2827 346 2872 quod
371 2828 607 2874 Theopompi
632 2830 672 2864 et
690 2827 835 2864 Timaei
859 2828 1004 2864 addidit
1029 2827 1255 2869 testimonia,
1280 2827 1437 2863 fortasse
1456 2839 1500 2863 ex
1519 2827 1670 2863 scholiis

145 2872 354 2910 Pindaricis
378 2874 612 2921 depromens,
632 2886 859 2922 quamquam
880 2875 1024 2913 Timaei
1043 2886 1177 2912 nomen
1203 2874 1240 2910 in
1266 2875 1451 2921 excerptis
1474 2886 1548 2911 non
1573 2886 1670 2912 com·

216 2938 347 2965 Pon-ru
366 2940 442 2967 Lm
471 2941 533 2967 111.
1341 2939 1384 2970 31
