1864 3126
207 119 290 161 116
719 107 722 110 ’
770 118 961 154 POETAE
987 117 1163 154 Mamm.

862 228 1067 281 80.[45]

296 306 338 351 '0
368 311 557 360 πλοῦτος
588 306 698 352 ἄνευ
729 310 807 352 σεῦ
839 307 881 364 γ’
917 307 1050 366 ἁρέτα
1079 305 1164 351 ’στ’
1199 305 1280 352 οὐκ
1311 306 1467 364 ἁσίνης
1503 306 1726 366 πάροικος.

861 416 1066 468 81.[54]

301 502 404 554 Κοιμ
435 498 516 554 μέν
547 515 592 541 τε
622 498 761 542 τύλαν
792 498 1032 541 κασπολέω.

861 595 1066 646 82.[72]

299 662 424 707 Αὔτα
456 662 505 707 δὲ
536 661 593 707 σὺ
624 662 867 707 Καλλιόπα.

861 759 927 801 83.
961 759 1065 812 [86]
1657 771 1727 802 904

299 829 470 879 Δαύοις
501 826 672 880 ἁπὰλας
703 827 860 886 ἑτάροις

299 901 347 943 ἐν
379 898 594 956 στήθεσιν
625 935 634 944 .
666 935 675 944 .
708 934 718 944 .
749 935 758 944 .

206 1016 329 1053 οἰκεῖα
354 1018 420 1063 τῆς
444 1014 591 1063 ἁρετῆς.
631 1017 802 1063 Sapphus
826 1017 948 1053 locum
975 1029 1045 1052 om.
1068 1017 1103 1053 C.
1127 1038 1169 1042 ——
1197 1017 1240 1053 V.
1262 1022 1293 1052 1.
1319 1014 1535 1065 ἁβροσύναν
1561 1018 1603 1064 Β,
1627 1018 1727 1064 lege-

202 1100 323 1134 batur
337 1097 572 1147 ἁβροσύναν,
604 1101 797 1159 praeterea
822 1100 850 1134 B
877 1101 1054 1159 φίλημμι,
1087 1100 1117 1133 Α
1145 1101 1319 1145 φίλημμι,
1354 1100 1458 1136 Cant.
1485 1101 1513 1136 L
1541 1098 1726 1147 φιλήμμια

227 1144 401 1192 ροσύναν.
437 1169 479 1173 -
513 1148 556 1183 V.
582 1152 614 1184 2.
656 1146 739 1192 ἔρος
764 1144 876 1182 ἁελίω
903 1148 951 1190 Α,
986 1146 1047 1191 ἔρο
1075 1148 1207 1182 casum
1235 1148 1280 1190 B,
1315 1146 1390 1191 ἔρις
1415 1144 1527 1183 ἁελίω
1555 1147 1659 1184 Cant.
1685 1147 1726 1184 L.

235 1205 371 1230 acunas
397 1195 576 1237 indicavi,
604 1195 748 1230 videtur
773 1194 1006 1229 scribendum
1033 1195 1102 1229 καί
1122 1207 1183 1239 μοι
1209 1191 1328 1239 ὔμως
1353 1195 1425 1240 (vel
1446 1192 1548 1240 ὔμοι)
1575 1194 1616 1230 τὸ
1635 1193 1725 1241 λὰμ-

202 1254 298 1286 προν
314 1238 425 1287 Ἔρος
450 1238 682 1288 δοκίμοιμ’
710 1238 822 1276 ἁελίω
843 1245 917 1277 κτλ.
957 1241 1185 1277 Sententiam
1212 1241 1286 1276 loci
1306 1242 1480 1299 explanat
1500 1243 1725 1279 Athenaeus.

202 1289 260 1323 Ad
293 1289 365 1324 hoc
403 1293 549 1324 carmen
585 1289 671 1324 fort.
703 1289 934 1346 referendum
966 1289 1009 1323 fr.
1037 1293 1092 1324 80.
1144 1290 1287 1324 Ahrens
1320 1317 1327 1324 .
1356 1317 1364 1324 .
1397 1286 1613 1350 ἁβροσύναν
1645 1319 1653 1326 .
1683 1319 1690 1325 .
1717 1319 1724 1326 .

204 1334 275 1380 ἔγω
314 1335 356 1371 δὲ
396 1333 542 1381 φίλημζ
583 1335 663 1371 ἔστε
702 1335 746 1371 κε’
784 1349 847 1380 μοι
883 1334 924 1371 τὸ
962 1333 1131 1392 λὰμπρον
1164 1333 1267 1379 Πρὸς
1297 1333 1409 1372 ἁελίω
1441 1337 1505 1372 καὶ
1535 1335 1577 1372 τὸ
1610 1336 1727 1373 κάλον

201 1381 374 1439 λελόγχῃ,
401 1365 572 1429 Harturig
598 1385 667 1418 καί
688 1397 750 1430 μοι
777 1382 879 1440 ἔρως
892 1380 933 1418 τὸ
960 1380 1130 1440 λάμπρον
1155 1381 1254 1427 φάος
1273 1381 1438 1429 ποτόρην
1457 1380 1587 1429 ἁελίω,
1613 1378 1659 1425 ἇς
1683 1383 1725 1420 τὸ

202 1427 317 1465 κάλον
343 1429 528 1476 λέλογχεν.
579 1430 685 1466 Blass
717 1432 803 1477 post
833 1427 1049 1478 ἁβροσύναν
1081 1431 1254 1466 lacunam
1287 1432 1453 1466 statuens
1485 1432 1549 1466 καὶ
1574 1444 1638 1477 μοι
1659 1435 1664 1476 Ι
1685 1430 1727 1467 τὸ

204 1475 375 1523 λὰμπρον
403 1477 511 1523 ἔρως
536 1474 648 1513 ἁελίω
675 1481 749 1514 κτλ.

298 1526 356 1560 Fr.
383 1529 438 1561 80.
485 1525 606 1560 Schol.
633 1522 1116 1582 Ρὶηᾱ.01.1196;Καὶὴ
1144 1522 1311 1570 Σαπφώ·
1337 1526 1496 1566 πλοῦτος
1521 1539 1614 1561 ανευ
1639 1522 1726 1572 ἁρε-

202 1573 295 1630 τῆς
298 1586 368 1608 ουκ
402 1569 535 1618 ἁσινὴς
566 1570 761 1618 πάροικος·
794 1569 817 1618 ἡ
844 1569 881 1607 δ’
910 1570 949 1615 ἐξ
975 1568 1201 1618 ἁμφοτέρων
1226 1573 1356 1617 κρᾶσις
1381 1569 1626 1618 εὐδαιμονίας
1651 1571 1727 1618 ἔχει

201 1618 243 1655 τὸ
270 1617 405 1664 ἄκρον·
432 1621 543 1656 τοῦτο
569 1625 765 1675 προσεῖναι
789 1620 839 1654 τῶ
868 1617 1019 1665 Θήρωνι
1044 1624 1233 1678 μαρτυρεῖ.
1261 1632 1356 1664 quae
1373 1620 1579 1677 descripsit
1603 1621 1726 1656 Schol.

202 1678 273 1703 rec.
294 1668 341 1703 ad
367 1680 400 1703 v.
423 1672 484 1703 93:
512 1667 587 1702 Καὶ
613 1665 780 1712 Σαπφώ·
808 1656 827 1702 ὃ
853 1668 1013 1707 πλοῦτος
1037 1664 1072 1703 ἁ.
1099 1664 1134 1702 οἳ.
1163 1665 1231 1702 οὐκ
1257 1665 1408 1712 ἁγαθός
1433 1665 1616 1708 σύνοικος.
1642 1665 1666 1712 ἡ
1686 1665 1724 1703 δ’

227 1739 259 1750 ..
281 1711 399 1770 ἄκρον
424 1717 499 1750 κτλ.
526 1718 564 1750 et
588 1715 830 1772 Pseudoplut
852 1714 896 1749 de
918 1714 1030 1750 nobil.
1052 1725 1080 1749 c.
1103 1718 1134 1750 5.
1175 1715 1345 1771 Denique
1363 1713 1483 1750 Schol.
1505 1715 1613 1773 Pyth.
1633 1715 1667 1749 V
1689 1719 1724 1751 1:

204 1758 223 1796 ὁ
250 1764 310 1796 πλ.
338 1755 374 1796 ἁ.
402 1758 538 1807 ἁρετᾶς
564 1758 633 1797 οὐκ
659 1759 792 1806 ἁσινὴς
817 1759 1006 1804 πάροικος.
1029 1783 1065 1786 -
1097 1759 1191 1797 ἄνευ
1217 1762 1283 1797 σεῦ
1297 1758 1345 1820 ,ἰγ
1367 1757 1484 1818 ἁρὲτα
1506 1758 1577 1796 ’στ’
1606 1773 1726 1797 emen-

203 1808 288 1843 davi
314 1808 492 1844 traditam
518 1810 714 1845 lectionem
741 1807 835 1844 ἄνευ
856 1807 1003 1854 ἁρετᾶς,
1031 1810 1142 1844 antea
1167 1805 1307 1844 ἄνευθ’
1332 1807 1403 1843 ἔων
1423 1805 1560 1866 ἁρέτας
1584 1810 1726 1868 scripsi,

202 1855 306 1890 Neue
333 1853 427 1890 ἄνευ
453 1857 529 1896 τᾶς.
582 1857 664 1891 Νοιι
690 1858 789 1891 recte
823 1856 990 1891 homines
1023 1855 1123 1891 docti
1155 1856 1193 1891 in
1218 1856 1294 1891 illis
1319 1853 1342 1901 ἡ
1370 1853 1408 1890 δ’
1437 1854 1475 1898 ἐξ,
1501 1852 1726 1902 ἁμφοτέρων

202 1905 275 1937 κτλ.
302 1914 397 1947 quae
423 1903 645 1938 scholiastae
672 1905 774 1947 sunt,
803 1903 974 1948 Sapphus
999 1904 1114 1938 verba
1133 1903 1209 1938 sibi
1232 1902 1302 1939 visi
1322 1904 1408 1938 sunt
1426 1903 1725 1960 deprehendisse,

201 1949 241 1984 id
267 1950 366 1993 quod
392 1950 505 1985 etiam
527 1951 669 1984 Ahrens
696 1949 969 1985 animadvertit.
1007 1949 1200 1985 Hermann
1221 1946 1362 1985 ἄνευθ’
1389 1946 1527 1994 ἁρετᾶς
1551 1947 1620 1986 οὐκ
1646 1948 1725 1986 οἶσι-

203 1994 270 2041 νὴς
297 1994 479 2041 πάροικος
500 1998 506 2042 1
527 1994 551 2031 ἁ
580 1993 616 2032 δ’
645 1994 870 2042 ἀμφοτέρων
895 1997 1026 2041 κρᾶσις
1053 1995 1156 2042 ἕχησι
1181 1994 1319 2042 τᾶκρον
1342 1999 1347 2041 Ι
1370 1995 1624 2054 ευδαιμονίας.

298 2044 356 2078 Fr.
383 2047 438 2078 81.
484 2045 681 2080 Herodian.
708 2045 794 2089 περὶ
820 2056 901 2089 μον.
923 2043 994 2086 λέξ.
1016 2047 1073 2086 39,
1093 2048 1156 2079 27:
1183 2043 1302 2090 τύλη.
1341 2042 1553 2101 ,μέμνηται
1572 2042 1725 2102 Σαπφώ

203 2087 251 2126 ἐν
279 2089 496 2147 δευτέρῳ·
531 2088 603 2148 ἐγώ
630 2087 666 2126 δ’
697 2088 754 2126 ἐπὶ
783 2089 986 2148 μαλθακὰν
1012 2087 1126 2126 τύλαν
1153 2091 1295 2126 σπολέω
1322 2089 1435 2136 μέλεα
1460 2091 1517 2135 (fr.
1545 2093 1620 2135 50)·
1653 2104 1726 2127 καν

203 2136 273 2183 μέν
299 2151 337 2173 τε
364 2135 550 2183 τύλαγκας
580 2135 756 2174 ἁσπόλεα.
790 2135 835 2173 οὐ
868 2135 938 2182 γὰρ
964 2135 983 2172 ὁ
1009 2151 1047 2173 τε
1081 2136 1297 2196 σύνδεσμος.
1335 2149 1430 2183 quae
1462 2138 1657 2174 emendavi
1689 2140 1728 2173 et

203 2185 374 2245 separavi
399 2197 422 2220 a
447 2187 488 2221 fr.
511 2189 565 2222 50.
594 2185 709 2221 Gonf.
735 2185 910 2242 Hesycha
938 2184 1161 2230 Κασπολέω,
1189 2183 1422 2230 ὑποστρέφω,
1448 2185 1511 2220 ubi
1536 2185 1725 2221 Hermann

203 2230 428 2276 ἐπιστορέσω
461 2233 619 2268 correxit
653 2233 739 2278 (leg.
766 2229 1031 2277 υποστορὲσω).
1082 2214 1166 2267 Μὲν
1191 2245 1230 2267 τε
1256 2233 1280 2268 i.
1307 2244 1337 2268 e.
1365 2231 1492 2278 μέντοι
1524 2233 1724 2268 secundum

203 2279 393 2324 epicorum
420 2280 723 2316 consuetudinem
756 2280 870 2315 etiam
896 2279 1022 2315 Lesbii
1052 2283 1185 2325 poetae
1216 2280 1412 2323 adhibent,
1444 2279 1490 2315 ef.
1516 2280 1574 2314 Fr.
1600 2281 1726 2325 adesp.

203 2330 246 2361 55
273 2327 304 2360 A
331 2331 363 2361 2.
415 2327 517 2362 Adde
554 2327 700 2363 Hellad.
725 2339 773 2372 ap
818 2327 924 2363 Phot.
950 2326 1046 2362 Bibl.
1073 2331 1139 2362 532
1173 2308 1413 2372 (quamquani
1438 2327 1488 2371 is,
1522 2327 1587 2362 ubi
1617 2337 1725 2372 para-

203 2374 448 2419 pleromatica
467 2374 526 2418 sit,
551 2387 593 2409 το
612 2374 649 2409 in
670 2386 739 2410 usu
763 2374 878 2409 fuisse
902 2373 1045 2418 tradit).
1085 2375 1205 2409 Antea
1231 2373 1438 2420 suspicatus
1464 2386 1545 2409 sum
1570 2373 1725 2408 formam

202 2421 495 2466 reduplicatione
527 2423 675 2457 auctam
702 2420 770 2468 μὲν
795 2419 952 2456 τετύλαν
977 2421 1245 2456 restituendam
1277 2432 1373 2466 esse,
1405 2431 1520 2478 quam
1549 2421 1726 2477 suspicio-

201 2479 287 2503 nem
318 2469 392 2503 iam
421 2469 550 2504 abieci.
603 2469 764 2514 Seidler⁷
795 2468 862 2524 qui
893 2467 1084 2504 coniunxit
1115 2480 1197 2503 cum
1222 2469 1264 2503 fr.
1292 2472 1354 2514 50,
1385 2468 1456 2503 καῖ
1475 2465 1543 2512 μέν
1567 2481 1606 2502 τε
1634 2465 1724 2503 τύλα

202 2528 308 2562 κατα
305 2514 486 2560 Ισσιτολέαι,
519 2516 635 2551 Lehrs
668 2515 829 2573 scripsit
840 2512 1032 2561 ἁσὰμενον
1057 2512 1148 2550 τύλα
1173 2497 1385 2558 κασπολέω,
1417 2514 1518 2559 quod
1550 2515 1643 2550 alios
1669 2504 1722 2550 sic

202 2541 429 2598 intellexisse
455 2562 590 2606 credit,
617 2574 661 2598 ac
687 2564 718 2598 si
742 2559 776 2598 τ’
803 2559 875 2612 ὔλᾳ
883 2562 1081 2620 scriptum
1106 2552 1228 2599 fuerit.
1267 2563 1411 2598 Ahrens
1436 2561 1499 2597 καὶ
1526 2559 1567 2596 ἐν
1593 2559 1634 2597 α’
1645 2559 1721 2597 ’ἐν

202 2622 241 2644 τε
268 2607 359 2658 τύλᾳ
385 2609 653 2655 κασπολέοισα,
681 2611 824 2646 Hartun
875 2623 923 2644 αν
949 2622 987 2644 τε
1014 2607 1130 2645 τύλαν
1154 2607 1354 2656 κασπολέη.

297 2646 355 2692 Fr.
377 2660 432 2692 82.
463 2657 673 2714 Hephaest.
695 2662 757 2693 85·
784 2661 955 2692 Δυναται
980 2655 1022 2692 δε
1048 2656 1113 2692 καὶ
1139 2656 1192 2697 εἰς
1216 2658 1338 2702 τρίτον
1364 2653 1600 2691 ἁνὰπαιστον
1626 2657 1721 2691 διαι-

202 2706 365 2747 ρεῖσθαι,
392 2703 428 2738 εἰ
450 2701 526 2740 ἁπὸ
554 2706 763 2740 σπονδείων
788 2717 957 2750 αρχοιτο,
983 2702 1064 2739 οἷον
1090 2701 1131 2739 τὸ
1156 2703 1358 2749 Σαπφοῦς·
1385 2699 1504 2738 Αυτὰ
1531 2701 1578 2738 δὲ
1606 2714 1656 2737 συ
1677 2705 1721 2738 K.

202 2763 268 2784 του
302 2752 556 2795 προσοδιακοῦ
584 2750 630 2787 ἓν
661 2751 726 2787 καὶ
756 2765 866 2787 τουτο
898 2748 1015 2795 εἶδος,
1051 2748 1092 2786 τὸ
1127 2748 1166 2793 ἐξ
1199 2750 1351 2786 ἰωνικοῦ
1385 2749 1448 2785 καὶ
1473 2751 1720 2797 χοριαμβικοῦ

203 2799 459 2843 συγκείμενον.
510 2799 662 2844 Repetit
687 2798 808 2834 Schol.

297 2845 354 2879 Fr.
382 2849 436 2880 83.
488 2846 546 2881 Et.
574 2846 735 2890 M.260,
763 2850 823 2880 10.
863 2841 995 2890 Δαύω,
1026 2842 1068 2880 τὸ
1101 2845 1303 2890 κοιμῶμαι·
1341 2840 1508 2889 Σαπφω·
1549 2841 1717 2884 Δαύοις
