1864 3126
187 131 274 173 428
538 131 539 135 ’
749 131 941 167 ΡΟΕΤΑΕ
965 130 1142 167 MELICI.

300 243 342 281 Si
378 243 605 292 discrepant
648 242 715 292 qui
760 242 1047 292 posterioribus
1085 243 1254 282 saeculis
1291 245 1547 282 monumenta
1583 243 1705 283 bello-

181 321 270 345 rum
316 308 560 346 Medicorum
603 309 811 346 recensent
854 307 997 352 Strabo
1041 312 1082 348 et
1132 308 1350 347 Pausanias
1395 308 1446 347 ab
1491 308 1704 357 Herodoto,

183 385 310 422 neque
342 373 459 410 huius
490 385 619 422 neque
649 373 812 410 illorum
842 373 891 410 de
923 374 1161 413 auctoritate
1187 373 1502 412 addubitandum
1527 375 1597 412 aut
1620 374 1707 413 veri

183 437 310 475 simile
341 438 433 486 post
463 437 657 476 Herodoti
688 439 861 476 aetatem
892 437 1033 476 faciem
1063 439 1225 478 illorum
1263 439 1458 488 locorum,
1496 438 1565 488 qui
1586 451 1706 489 egre-

180 502 337 551 giorum
376 502 575 551 quondam
611 502 832 540 facinorum
874 504 998 541 testes
1036 503 1216 551 fuerunt,
1260 502 1417 552 penitus
1454 503 1706 541 immutatam

182 579 279 605 esse.
340 566 598 605 Monumenta
628 580 673 606 ac
703 567 861 617 tumuli,
893 579 990 616 quos
1021 568 1207 607 viderunt
1239 567 1383 607 Strabo
1409 569 1451 606 et
1474 567 1706 617 Pausanias,

181 631 261 668 iam
291 630 519 670 Herodotus
550 631 681 680 novit,
720 633 790 671 sed
821 633 915 682 quia
953 632 1166 682 diligenter
1205 633 1429 671 sciscitatus
1467 632 1598 682 elogia
1634 645 1707 682 pu-

179 695 284 734 blica
315 697 554 735 auctoritate
585 697 778 747 inscripta
817 698 867 736 ab
904 697 973 746 iis,
1014 709 1115 746 quae
1153 698 1292 747 postea
1329 697 1466 736 addita
1502 699 1611 748 sunt,
1649 709 1707 736 se-

180 761 385 810 greganda
416 773 501 799 esse
539 761 757 814 intellexit,
797 763 895 800 haec
932 761 1092 811 quidem
1128 761 1409 811 praetermisit.
1470 761 1545 800 Hic
1582 761 1707 812 igitur

185 825 388 863 dissensus
421 824 615 865 Herodoti
645 826 764 864 fidem
794 827 1024 876 planissime
1055 827 1273 867 confirmat.

301 890 529 929 Herodotus
557 877 834 942 Thermopylis
860 891 939 930 tria
964 890 1104 940 elogia,
1130 891 1518 942 Peloponnesiorum,
1544 891 1705 942 Sparta-

181 968 335 1005 norum,
367 954 576 1004 Megistiae
607 956 724 1004 vatis,
757 956 1093 1006 Amphictyonum
1125 956 1363 995 auctoritate
1393 957 1485 1006 pilis
1515 956 1707 1006 inscripta

180 1020 305 1058 fuisse
336 1020 550 1058 memoriae
583 1021 757 1070 prodidit
787 1021 867 1059 VII
900 1021 995 1060 228.
1057 1021 1113 1059 At
1145 1020 1288 1059 Strabo
1322 1021 1378 1058 IX
1410 1022 1494 1059 425
1534 1021 1706 1071 quinque

181 1085 283 1134 pilas
315 1085 355 1122 in
387 1085 584 1123 communi
616 1086 796 1134 sepulcro
828 1086 979 1135 positas
1012 1098 1098 1124 esse
1130 1085 1256 1123 tradit
1299 1087 1340 1123 et
1376 1084 1592 1124 Locrorum
1629 1086 1706 1125 elo-

181 1149 292 1198 gium
325 1148 504 1187 adhibet:
537 1145 719 1201 καθάπερ
750 1149 816 1188 καὶ
846 1147 887 1190 τὸ
920 1149 1141 1202 ἐπίγραμμα
1167 1149 1284 1200 δηλοῖ
1309 1145 1351 1188 τὸ
1389 1147 1453 1188 ἐπὶ
1489 1151 1535 1202 τῇ
1570 1146 1705 1204 πρώτῃ

180 1215 257 1251 τῶν
287 1210 398 1251 πέντε
439 1215 588 1264 στηλῶν
623 1216 701 1253 τῶν
737 1213 823 1267 περὶ
866 1211 1120 1266 Θερμοπύλας
1157 1211 1486 1267 ἐπιγεγραμμένον
1521 1210 1619 1266 πρὸς
1653 1217 1706 1270 τῷ

181 1277 446 1331 πολυανδρίῳ.
520 1277 686 1316 Accedit
737 1279 909 1328 elogium
963 1279 1286 1329 Thespiensium,
1330 1279 1436 1328 quod
1479 1278 1705 1329 Stephanus

182 1342 275 1391 Byz.
307 1355 343 1380 v.
379 1339 547 1381 Θέσπεια
580 1342 808 1392 adscripsit:
845 1341 910 1382 καὶ
950 1342 1170 1396 ἐπίγραμμα
1200 1345 1278 1382 τῶν
1309 1338 1598 1394 ἀναιρεθέντων
1627 1339 1706 1384 ὑπὸ

181 1407 260 1444 τῶν
291 1408 470 1458 Περσῶν,
502 1399 553 1458 ἦν
585 1404 627 1446 δὲ
660 1403 852 1447 Φιλιάδου
883 1410 952 1448 τοῦ
976 1406 1211 1461 Μεγαρέως·

394 1497 549 1553 ἄνδρες,
579 1501 641 1541 τοί
667 1497 751 1541 ποτ’
788 1500 921 1542 ἔναιον
951 1498 1029 1542 ὑπὸ
1061 1498 1273 1554 κροτάφοις
1297 1498 1522 1552 Ἑλικῶνος,

453 1561 594 1617 λήματι
623 1568 700 1605 τῶν
731 1563 845 1619 αὐχεῖ
869 1563 1040 1615 Θεσπιὰς
1071 1563 1291 1618 εὐρύχορος.

183 1659 433 1709 Quamquam
472 1661 576 1698 enim
615 1661 879 1711 Thespienses
911 1664 1031 1701 etiam
1062 1662 1213 1712 proelio
1251 1661 1479 1701 Plataeensi
1516 1663 1704 1714 interfueff

182 1726 279 1763 runt
312 1721 475 1777 (Herod.
502 1725 560 1763 IX
587 1721 677 1778 30),
702 1727 776 1766 hoc
801 1730 936 1766 tamen
961 1728 1206 1778 epigramma
1231 1740 1309 1766 non
1336 1727 1473 1766 dubito
1500 1729 1550 1766 ad
1582 1728 1704 1766 Ther-

182 1791 456 1841 mopylensem
486 1804 662 1841 pugnam
693 1792 861 1840 referre,
893 1789 936 1830 in
967 1806 1045 1842 qua
1077 1792 1378 1842 Thespiensium
1409 1791 1536 1831 virtus
1575 1793 1706 1844 singu-

182 1856 279 1893 laris
313 1855 467 1894 enituit.
477 1850 520 1907 ²¹³)
581 1855 722 1907 Itaque
753 1857 926 1906 quinque
956 1857 1275 1907 recuperavimus
1316 1857 1624 1907 epigrammata,
1661 1870 1706 1897 ac

183 1919 350 1958 totidem
382 1920 612 1958 columellas
652 1921 748 1959 sitas
788 1934 874 1960 esse
912 1921 1049 1959 auctor
1087 1924 1149 1959 est
1186 1920 1340 1959 Strabo.
1402 1921 1479 1959 Sed
1514 1922 1706 1973 ambigas,

184 1986 319 2022 utrum
352 1984 494 2023 Strabo
527 1987 785 2034 monumenti,
817 1987 922 2035 quod
953 1984 1163 2023 Simonidis
1196 1985 1362 2024 consilio
1395 1985 1605 2034 Megistiae
1636 1987 1702 2024 ho-

181 2049 270 2088 nori
319 2049 544 2087 dedicatum
587 2052 664 2099 est,
707 2050 903 2089 rationem
946 2049 1133 2087 habuerit
1174 2062 1316 2088 necne:
1361 2050 1544 2099 equidem
1588 2053 1706 2090 antea

184 2108 240 2165 (p.
275 2115 387 2152 1149
422 2113 480 2151 ed.
513 2108 559 2166 3)
591 2114 693 2152 hanc
724 2115 997 2164 quaestionem
1015 2114 1057 2152 in
1076 2114 1206 2153 medio
1226 2114 1377 2164 reliqui,
1400 2115 1468 2152 sed
1487 2114 1706 2155 Locrenses

184 2178 218 2216 si
261 2178 372 2217 tituli
415 2179 604 2217 honorem
646 2179 980 2229 impetraverunt,
1024 2179 1143 2217 etiam
1193 2179 1456 2218 Phocensium
1499 2180 1705 2236 desideriis

184 2243 281 2281 satis
313 2243 458 2282 factum
487 2256 574 2282 esse
599 2244 831 2295 verisimile;
864 2244 1002 2294 quinta
1032 2244 1158 2294 igitur
1183 2245 1394 2283 columella
1424 2244 1502 2283 fuit
1532 2245 1706 2284 Phocen-

185 2308 304 2346 sium:
336 2309 413 2347 huc
444 2309 612 2358 denique
645 2309 811 2348 accessit
842 2309 1050 2360 Megistiae
1082 2311 1389 2348 monumentum.

303 2373 359 2411 Ut
390 2373 584 2412 Herodoti
615 2375 655 2411 et
687 2373 895 2413 Strabonis
925 2374 1030 2413 inter
1062 2387 1103 2412 se
1135 2373 1452 2413 dissentientium
1479 2373 1705 2412 testimonia

279 2531 313 2576 *)
340 2532 512 2577 Elogium
537 2543 612 2567 non
636 2531 821 2578 integrum
848 2534 1049 2575 servatum3
1082 2533 1171 2568 bina
1195 2533 1285 2568 olim
1310 2532 1425 2568 fuisse
1451 2532 1623 2567 videntur
1646 2531 1702 2567 di-

188 2579 319 2623 sticha,
346 2579 658 2624 quemadmodum
684 2580 913 2624 epigramma
937 2580 976 2615 in
1001 2579 1198 2625 Megistiae
1223 2580 1399 2615 honorem
1425 2580 1599 2623 quattuor
1622 2590 1703 2614 ver-

187 2625 288 2660 sibus
315 2627 477 2661 constat.
513 2625 585 2661 duo
610 2626 712 2661 tituli
738 2626 841 2671 (Sim.
867 2639 923 2672 ep.
951 2631 1005 2662 91.
1034 2630 1093 2672 92)
1118 2627 1262 2662 duobus
1287 2625 1479 2662 versiculis
1498 2625 1703 2660 occisorum

186 2673 315 2708 laudes
341 2672 669 2718 comprehendunt,
694 2674 848 2708 tertium
868 2676 938 2719 (ep.
959 2677 1019 2719 93)
1039 2677 1163 2710 utrum
1188 2673 1373 2709 distichon
1392 2684 1440 2708 an
1458 2671 1703 2708 tetrastichon

186 2719 298 2754 fuerit
328 2719 528 2763 incertum,
567 2720 640 2756 vid.
673 2720 756 2755 adn.
801 2721 939 2765 Recepi
969 2733 1002 2757 v.
1032 2726 1049 2756 1
1075 2721 1253 2756 Brunckii
1277 2719 1584 2763 emendationem,
1617 2731 1703 2754 nam

186 2764 224 2799 in
238 2765 342 2801 libris
357 2769 412 2801 est
431 2747 567 2811 ἄνδρες
585 2763 628 2801 θ’
652 2767 698 2811 οι,
713 2779 822 2811 quam
842 2767 1041 2803 lectionem
1055 2767 1086 2803 si
1105 2768 1302 2812 sequimur,
1317 2766 1411 2803 alius
1429 2765 1550 2811 gentis
1569 2777 1703 2802 nomen

187 2811 224 2846 in
246 2812 397 2849 exordio
418 2813 592 2849 carminis
611 2816 857 2850 memoratum
875 2813 988 2850 fuisse
1008 2815 1260 2850 statuendum·
1286 2816 1326 2850 at
1343 2813 1588 2858 Thespienses
1607 2813 1703 2848 The-

189 2859 369 2895 banorum
383 2860 601 2896 societatem
617 2872 746 2906 parum
760 2861 1007 2898 honorificam
1026 2864 1213 2898 aversatos
1234 2871 1311 2896 esse
1330 2861 1616 2896 consentaneum
1635 2861 1702 2895 est.
