1864 3126
774 118 836 156 ΤΕ
842 117 1084 156 RPANDER.
1666 115 1694 159 9

703 229 748 263 11.
776 228 857 263 ΕΙΣ
882 227 1160 262 ΑΡΟΛΛΩΝΑ.

912 313 951 356 2.

218 394 356 456 Ἀμφί
383 413 457 454 μοι
489 389 595 440 αὖτε
627 392 792 452 ἄναχθ’
829 392 1101 451 ἑκαταβόλον

110 447 163 510 ⁴3⁵.
223 466 407 514 ἄειδέτω
439 465 572 525 φρήν.

164 598 355 639 Rossbach
387 598 507 644 (Metr
534 596 596 633 Gr.
624 598 639 633 Ι
665 609 700 644 p.
733 597 812 642 100)
845 595 936 632 item
968 596 1165 633 trochaeos
1199 597 1387 633 semantos
1413 596 1603 644 agnoscit,
1630 596 1695 633 sed

107 657 119 669 ⁵
165 648 259 686 dnos
284 657 364 683 esse
388 657 514 683 versus
540 657 584 681 ex
610 644 801 691 quaternis
826 643 983 691 pedibus
1008 644 1247 700 compositos
1256 646 1375 691 putat,
1401 647 1444 680 ut
1468 645 1506 681 in
1528 645 1698 681 clausula.

134 693 138 701 ’
164 696 251 734 octo
274 694 403 732 inania
427 693 502 729 sint
526 694 713 739 tempora,
739 693 839 747 quod
859 691 953 727 mihi
972 703 1104 738 parum
1130 684 1332 729 verisimile
1358 692 1515 729 videtur.
1557 692 1697 729 Contra

64 743 67 745 ’
88 740 106 784 ’,ζ
163 742 301 782 Caesar
324 742 518 796 (Rhythm.
545 754 579 787 p.
608 742 702 784 177),
728 739 794 786 qui
812 739 904 775 item
922 739 1015 776 duos
1033 750 1161 776 versus
1180 740 1390 786 descripsit,
1417 751 1574 785 quorum
1594 740 1698 786 prior

95 791 99 809 ³
162 801 256 828 voce
283 790 356 827 Ζεῦ
381 789 614 832 terminatur,
638 788 849 824 iamborum
873 787 996 842 potius
1016 787 1293 834 productorum,
1319 788 1384 833 qui
1396 785 1547 832 ’Όρθιοι
1566 788 1695 834 appel-

62 852 92 877 ,¹
162 839 302 884 lantur,
325 848 522 873 numerum
549 817 622 872 sibi
646 835 935 890 deprehendisse
958 834 1118 871 videtur.
1146 856 1191 862 —-
1217 835 1391 871 Ceterum
1410 836 1511 882 quod
1532 836 1696 882 Terpan-

85 882 106 913 '7
164 887 273 923 dmm
297 886 447 932 praeter
473 885 628 930 hymnos
653 882 692 919 in
711 882 838 919 Iovem
858 883 914 928 (fr.
931 884 966 929 1)
985 884 1024 919 et
1042 883 1256 929 Apollinem
1277 883 1333 926 (fr.
1348 886 1385 928 2)
1406 883 1521 919 etiam
1541 894 1695 920 nomum

163 934 203 971 in
240 933 445 970 Minervam
483 943 565 968 com
594 930 735 968 osuisse
770 930 860 966 olim
899 930 1110 977 suspicatus
1143 943 1242 976 sum,
1279 931 1355 967 iam
1387 932 1568 975 retract03
1612 941 1700 966 nam

163 981 308 1040 Pollux,
333 980 398 1026 qni
422 979 474 1015 IV
499 983 545 1016 66
567 943 663 1015 {aec
683 978 790 1014 dicit:
818 976 860 1014 τὸ
881 978 1011 1035 μέντοι
1029 978 1103 1014 τῶν
1122 978 1244 1023 ψιλῶν
1263 979 1496 1035 κιθαριστῶν
1519 976 1698 1037 ὄργανον,

50 1033 64 1056 '⁴
83 1031 95 1045 ”
164 1042 185 1066 ο
213 1028 278 1065 καὶ
292 991 470 1064 Πυθικὸν
490 1023 728 1085 ὀνομάζεται,
754 1022 981 1062 δακτυλικόν
999 1039 1100 1067 τινες
1118 1024 1360 1072 κεκλήκασιν·
1386 1024 1497 1073 νόμοι
1517 1023 1552 1062 δ’
1573 1023 1699 1062 αὐτῶν

168 1075 280 1122 Διός,
302 1074 478 1120 Ἀθηνᾶς,
499 1071 740 1119 Ἀπόλλωνος,
772 1075 921 1122 ἴαμβοι,
954 1072 1143 1121 ἰαμβίδες,
1168 1087 1316 1120 παριαμ
1342 1075 1431 1116 ίδες.
1482 1085 1557 1110 ιιοιι
1582 1074 1702 1111 citha-

163 1123 332 1161 roedicos
351 1133 481 1159 nomos
499 1123 679 1168 recenset,
699 1133 793 1167 quos
812 1121 1027 1168 Terpander
1051 1122 1209 1158 condere
1236 1122 1314 1160 sole
1341 1123 1394 1167 at,
1420 1122 1486 1158 sed
1505 1133 1580 1167 eos,
1606 1133 1698 1167 quos

52 1178 66 1194 'v
100 1219 105 1221 ‚
166 1171 383 1209 citharistae
409 1170 499 1207 solis
524 1170 658 1206 fidibus
685 1169 881 1207 canebant.

259 1267 319 1304 Fr.
345 1270 379 1302 2.
423 1264 547 1303 Schol.
572 1264 763 1312 Aristoph.
790 1264 887 1300 Nub.
909 1267 994 1301 595·
1023 1262 1076 1301 Τὸ
1102 1263 1145 1302 δὲ
1165 1278 1267 1323 αμφ
1280 1267 1298 1301 ί
1318 1279 1394 1312 μοι
1420 1258 1526 1302 αὖτε
1556 1262 1598 1302 ἐκ
1624 1266 1700 1302 τῶν

156 1311 417 1372 ’Τερπάνδρου
449 1327 477 1349 π
487 1313 723 1370 ροοιμίων·
754 1312 820 1349 καὶ
842 1309 929 1370 γὰρ
961 1309 1108 1354 ἐκεῖνος
1138 1326 1257 1355 ουτως
1286 1311 1442 1359 ἤρξατο·
1475 1326 1500 1349 α
1489 1310 1597 1360 ’μφί
1625 1326 1701 1359 μοι

165 1356 298 1405 αὖτις
323 1359 511 1407 ἄνακτα,
531 1357 654 1397 καὶτὸ
659 1357 990 1417 προοιμιάζεσθαι
1003 1358 1045 1397 δὲ
1059 1357 1377 1418 ἄμφιανακτίζειν
1393 1360 1532 1417 ἔλεγον.
1560 1362 1600 1397 et
1610 1361 1700 1397 ibid.

165 1414 334 1458 μιμειται
358 1407 400 1446 δὲ
426 1409 501 1445 τῶν
526 1404 776 1466 διθυράμβων
803 1405 848 1444 τὰ
874 1409 1071 1465 προοίμια·
1098 1409 1263 1455 συνεχῶς
1294 1407 1365 1455 γὰρ
1381 1410 1560 1469 χρῶνται
1580 1406 1698 1456 ταύτῃ

166 1472 211 1518 '¹st
238 1455 354 1516 λέξει·
381 1454 441 1493 διὸ
467 1455 532 1493 καὶ
557 1452 830 1514 ἆμφιανακτας
852 1452 993 1496 αὐτοὺς
1018 1453 1192 1493 ἐκάλουν.
1244 1455 1322 1492 ἔστι
1354 1455 1395 1493 δε
1428 1454 1699 1515 Τερπάνδρου·

166 1502 282 1564 αμφ’
311 1501 458 1551 suot*
432 1516 611 1540 ανακτα
632 1516 771 1559 εκατη
782 1501 927 1550 βολον
963 1504 1043 1539 Ηιιο
1061 1503 1217 1562 respicit
1235 1504 1393 1550 Hesych.
1416 1501 1560 1550 oiuqffl'
1535 1517 1700 1540 ανακτα·

166 1549 273 1610 ἀρχὴ
291 1551 611 1600 κιθαρῳδικοῦ
636 1547 686 1587 νό
697 1564 792 1597 μου.
839 1550 993 1588 Auctins
1020 1550 1154 1588 Suidas
1176 1548 1520 1610 Ἄμφιανακτίζειν·
1544 1550 1587 1588 τὸ
1614 1565 1702 1597 προ-

168 1614 203 1638 οι
234 1597 372 1657 enitent
389 1599 737 1657 ..Περίανδρος
774 1600 855 1644 (scr.
891 1597 1166 1646 Τέρπανδρος)·
1206 1596 1330 1646 αμφί
1355 1613 1432 1658 μοι
1463 1593 1595 1641 αὖτις
1632 1599 1702 1646 (sic

166 1651 244 1694 A,
267 1659 302 1685 v.
322 1640 454 1705 αὖθις)
478 1643 665 1683 ἄνακτα.
706 1646 851 1690 (eadem
872 1641 1002 1682 Zonar.
1025 1648 1109 1704 163)
1129 1649 1168 1683 et
1185 1647 1337 1684 deinde.
1363 1644 1698 1705 αμφιανακτίζειν·

165 1676 278 1747 ᾅδειν
302 1692 370 1731 τὸν
397 1692 647 1753 Τερπάνδρου
673 1692 832 1750 νόμον,
858 1690 924 1730 τὸν
950 1692 1186 1741 καλουμενον
1205 1692 1412 1753 Ὄρθιον,
1438 1689 1489 1731 οὖ
1517 1692 1563 1731 τὸ
1579 1709 1658 1752 πρ
1658 1708 1702 1731 o-

107 1791 110 1796 ·
168 1744 336 1803 οίμιον
347 1739 491 1788 ταύτην
515 1739 584 1799 τὴν
610 1738 731 1799 α’ρχὴν
757 1739 876 1788 εἶχεν·
904 1738 1033 1800 Ἀμφί
1059 1755 1134 1789 μοι
1167 1739 1308 1778 αὐτὸν
1344 1743 1424 1787 (sed
1449 1743 1513 1779 AB
1545 1736 1595 1801 αὖ
1619 1740 1702 1785 τὸν)

166 1786 1701 1896 2:3³2&AE‘380sszatzffflstszssfflsswquff.“51-355133)fffiz’ssbuffa‘ffzss}

37 1917 41 1926 .
78 1900 109 1915 ·«
168 1883 210 1924 ἐν
231 1882 417 1934 Ἀναγύρῳ
443 1842 516 1930 (ita
536 1886 580 1930 A,
607 1881 649 1922 ἐν
675 1882 774 1930 α’ναγ
801 1881 923 1933 ργύρῳ
950 1885 1024 1931 ΒΕ,
1053 1882 1095 1922 ἐν
1120 1899 1169 1931 ay
1172 1883 1219 1932 ύρ
1199 1899 1251 1934 ρφ
1277 1886 1411 1932 ·:vu1go
1440 1885 1701 1932 Aristophanis

167 1921 404 1971 comoediam
425 1932 499 1969 dici
523 1931 599 1969 iam
624 1932 763 1969 Kfister
786 1921 1000 1990 intellexit).
1043 1933 1111 1969 His
1139 1933 1276 1970 Suidae
1301 1933 1434 1992 verbis,
1446 1934 1584 1970 abusus
1610 1934 1703 1970 Har-

167 1982 263 2029 tung
300 1981 392 2017 duos
430 1980 668 2016 hexametros
703 1980 887 2016 edolavit.
916 1976 1027 2027 Ἀμφί
1052 1994 1117 2039 μοι
1146 1974 1256 2023 αὖτις
1288 1977 1434 2040 αναχθ’
1442 1977 1703 2038 ἑκατηβόλον

158 2027 315 2074 ,(ἔσπετε
342 2027 508 2072 Μῶσαι),
533 2024 633 2064 ἁδέα
657 2029 708 2063 τῶ
741 2026 841 2074 φρήν
875 2024 953 2064 ἔστι
983 2028 1048 2064 καὶ
1074 2025 1206 2066 ευνοία
1231 2029 1297 2065 καὶ
1322 2026 1464 2076 ἅρωγα.
1515 2029 1705 2066 Hermann

167 2077 426 2113 hexametrum
453 2076 663 2121 composuit
685 2064 759 2112 hoo
785 2075 917 2112 modo:

389 2143 501 2194 Ἀμφί
522 2159 584 2193 μοι
610 2141 701 2183 αὖτε
727 2142 875 2193 αναχθ’
904 2142 1134 2196 ἑκατηβόλον
1159 2144 1282 2184 αδέτω
1309 2145 1334 2184 ἁ
1361 2145 1474 2195 φρήν.

167 2220 250 2256 Hoc
275 2229 436 2263 carmen,
466 2219 509 2254 nt
538 2213 756 2274 testimonia
787 2218 977 2266 adscripta
1009 2221 1188 2266 arguunt,
1221 2220 1332 2256 modo
1367 2221 1566 2266 προοίμιον
1591 2219 1702 2274 modo

173 2264 288 2314 νόμος
312 2246 466 2302 dieitu'r:
492 2266 568 2302 late
594 2266 694 2302 enim
720 2267 825 2313 patet
849 2267 1050 2313 προοιμίου
1076 2278 1227 2312 nomen,
1260 2279 1334 2313 qno
1367 2268 1472 2303 varia
1497 2266 1703 2303 carminum

169 2324 308 2369 genera
338 2312 524 2360 appellari
553 2314 695 2351 solent.
727 2314 793 2350 sed
823 2313 1050 2350 Plutarchus
1081 2315 1127 2351 de
1160 2327 1252 2351 mus.
1280 2326 1310 2351 o.
1337 2319 1360 2350 4
1389 2317 1591 2372 postquam
1616 2315 1703 2351 'ler-

169 2361 304 2408 pandri
328 2371 458 2398 nomos
482 2361 704 2418 percensuit,
729 2373 815 2398 cum
841 2361 963 2398 addit:
985 2363 1200 2416 πεποίηται
1231 2361 1273 2398 δὲ
1301 2363 1350 2411 τῷ
1379 2360 1612 2410 Τερπάνδρῳ
1638 2362 1704 2398 καὶ

169 2409 350 2456 προοίμια
375 2405 616 2464 κιθαρῳδικὰ
643 2405 685 2446 ἐν
713 2407 842 2446 ἔπεσιν
867 2408 1100 2464 proprietate
1127 2410 1307 2446 sermonis
1333 2412 1483 2446 servata
1507 2410 1702 2456 prooemia

169 2457 264 2494 dicit
286 2456 461 2492 breviora
486 2455 653 2493 carmina
677 2457 836 2494 heroicis
855 2457 1023 2493 versibus
1044 2458 1209 2503 condita,
1237 2468 1322 2494 cum
1339 2458 1444 2494 nomi
1463 2468 1702 2494 numerorum

169 2504 353 2541 varietate
378 2505 504 2540 essent
526 2503 702 2550 insignes.
751 2503 885 2551 Itaque
905 2516 980 2541 non
1004 2505 1112 2542 decet
1136 2505 1243 2542 abuti
1273 2505 1345 2542 hoc
1375 2504 1570 2541 Plutarchi
1594 2503 1699 2541 testi-

169 2551 295 2589 monio
321 2552 360 2588 et
383 2550 478 2588 haec
503 2550 710 2598 Terpandri
735 2552 860 2598 verba,
886 2552 1063 2598 quoniam
1094 2564 1117 2589 a
1147 2553 1260 2590 schol.
1286 2552 1439 2599 Aristop
1442 2553 1477 2588 h.
1509 2551 1701 2599 prooemio

172 2598 445 2637 adscribuntur.
471 2599 510 2635 in
534 2598 743 2636 hexametri
773 2611 791 2635 s
819 2599 937 2636 eciem
962 2599 1143 2644 redigere.
1182 2600 1263 2647 Ego
1288 2601 1549 2636 tetrametrum
1575 2599 1703 2645 dacty-

169 2645 285 2684 licum
310 2648 349 2683 et
372 2646 688 2705 penthemimeres
713 2611 915 2685 iamiiicum
946 2647 1110 2684 restitui:
1141 2659 1230 2683 nam
1262 2647 1410 2684 videtur
1440 2647 1489 2684 ob
1512 2647 1552 2683 id
1577 2646 1703 2693 ipsum

171 2693 235 2731 hic
259 2705 392 2731 nomus
418 2690 552 2749 ὄρθιος
576 2695 812 2741 nuncupatus
837 2705 930 2739 esse,
955 2695 1132 2740 quoniam
1159 2695 1376 2741 Terpander
1401 2694 1544 2741 primus
1568 2694 1607 2731 in
1632 2695 1704 2731 hoo

173 2741 325 2787 quidem
350 2741 556 2778 carminum
580 2753 716 2788 genere
735 2753 819 2778 cum
839 2741 1001 2800 dactylis
1021 2742 1252 2780 consociavit
1269 2741 1472 2779 iambicum
1491 2753 1703 2779 numerum.

172 2752 319 2827 iambus
357 2790 482 2826 antem
516 2801 540 2825 a
567 2789 756 2844 principio
788 2789 936 2826 videtur
970 2786 1106 2836 ὄρθιος
1135 2792 1290 2827 vocatus
1322 2801 1422 2835 esse,
1458 2790 1558 2827 unde
1591 2789 1707 2827 etiam

171 2837 304 2891 postea
335 2847 482 2880 versus,
521 2837 586 2884 qui
620 2848 666 2874 ex
698 2837 803 2884 puris
835 2836 971 2874 iambis
993 2837 1067 2877 fuit
1097 2838 1342 2898 compositus,
1370 2838 1442 2875 hoc
1472 2848 1609 2875 nomen
1634 2837 1706 2874 sibi

175 2882 403 2930 vindicabat,
427 2884 501 2922 vid.
529 2883 619 2921 Atil.
645 2885 745 2922 Fort.
772 2884 805 2921 11
833 2889 888 2929 10,
913 2888 935 2921 2
961 2887 1001 2922 et
1025 2889 1057 2922 4.
1084 2906 1129 2914 -
1160 2885 1204 2923 V.
1233 2890 1264 2924 1.
1290 2898 1383 2923 αυτε
1409 2887 1447 2923 et
1473 2882 1705 2933 ἕκαταβόλον
