1864 3126
776 172 1054 211 SIMONIDES.
1589 169 1679 213 475

142 281 196 319 111
222 285 291 319 683
316 280 427 318 Diud.
455 281 534 318 sive
559 281 747 318 Frommel
772 285 843 318 200
868 280 1036 326 (Aristid.
1063 281 1221 317 Panath.
1247 280 1282 316 II
1307 284 1388 326 215,
1415 291 1527 327 quem
1553 280 1679 316 locum

145 328 259 367 schol.
285 328 572 383 interpretatur,
605 329 697 365 nihil
731 329 778 366 ad
811 340 889 365 rem
922 328 1099 375 pertinet)
1132 331 1170 365 et
1201 339 1261 376 ap.
1295 328 1417 365 Tzetz.
1445 326 1539 364 Chil.
1566 328 1582 364 1
1609 332 1677 364 632

141 376 223 424 (qui
248 388 332 414 cum
358 377 454 420 dicit
476 377 520 425 τῇ
547 374 660 423 στήλῃ
686 375 967 422 παρενέγραψε,
986 376 1097 412 simul
1118 377 1220 422 prius
1242 376 1474 423 epigramma
1498 375 1677 422 respicit).

144 445 189 452 —
214 425 258 461 V.
289 429 319 460 1.
345 425 413 461 τοῦ
446 436 518 461 om.
550 424 627 461 sch.
654 425 716 462 Ar.
751 445 793 450 —
827 425 958 461 Κείοιο
982 423 1154 469 ΑυίιὴοΙ.,
1187 424 1302 460 ceteri
1327 424 1443 460 Κείου
1469 424 1607 469 (Κίου).
1635 444 1678 450 --

143 473 384 519 Σιμωνίδεω,
415 471 528 509 Anth.
561 473 608 508 Σι
637 473 789 508 ωνίὸου.
824 493 868 500 —-
901 469 944 508 V.
971 475 1005 509 2.
1037 468 1226 518 τεθνηὼς,
1257 471 1369 508 Anth.
1403 468 1607 516 τεθνηιῶς,
1640 471 1679 507 in

142 530 260 566 marg.
287 516 470 561 τεθνηὼς
501 519 570 566 (sic
634 521 726 556 zetz.
760 522 799 555 et
830 519 1040 556 unus-cod.
1068 519 1142 556 soh.
1170 520 1260 565 An).
1288 540 1331 545 -—
1366 519 1475 563 ζῶντι
1500 517 1678 565 παρέσχε,

144 564 254 612 ζῶντ’
281 563 455 604 ἀπέδωκε
484 567 597 604 Anth.
624 578 737 614 quam
763 567 963 604 lectionem
990 567 1230 603 commendat
1253 567 1436 603 sermonis
1456 566 1679 613 proprietas,

145 617 260 662 atque
285 615 382 651 hanc
409 614 600 651 elisionem
620 626 668 651 ne
687 615 845 660 elegiaci
871 614 1021 660 quidem
1044 616 1178 661 poetae
1199 614 1311 660 plane
1332 615 1494 661 fugiunt,
1516 614 1562 650 cf.
1585 626 1680 660 quae

143 663 191 700 ad
216 664 350 699 Anacr.
377 662 421 699 fr.
451 667 493 699 1⁷
520 662 708 699 adnotavi.
736 684 779 689 —
806 662 873 709 Ep.
905 665 971 699 128
998 663 1036 698 et
1063 666 1129 698 129
1156 674 1251 708 quae
1286 662 1496 699 arctissima
1519 662 1679 698 necessi-

142 710 272 748 tudine
299 710 498 747 coniuncta
517 711 614 755 sunt,
634 710 673 746 in
695 710 925 756 Anthologia
943 720 1140 756 perperam
1160 710 1321 746 dir-emta
1339 710 1526 756 leguntur,
1548 722 1678 756 quem-

142 757 343 796 admodum
369 757 485 795 etiam
508 759 550 794 in
574 758 658 794 aliis
684 756 750 794 Cei
775 760 909 804 poetae
942 757 1167 795 carminibus
1197 760 1347 804 peccat,
1382 758 1447 804 qui
1478 758 1574 795 hanc
1605 758 1678 804 syl-

139 804 154 842 1
207 816 254 842 en
277 805 486 844 adornavit.
535 804 692 842 Praeter
717 806 855 842 lemma
881 806 1006 850 Anth.,
1032 805 1146 842 schol.
1174 804 1301 851 Arist,
1321 805 1444 842 Tzetz.
1470 804 1585 842 etiam
1612 805 1678 842 alii

141 854 167 890 fl
194 864 215 890 e
239 852 345 901 digni
370 853 542 890 auctores
567 853 663 890 hanc
690 853 910 890 memoriam
934 852 1188 898 tradiderunt,
1220 852 1348 889 Cicero
1374 853 1419 889 de
1446 852 1561 889 divin.
1587 852 1604 887 I
1630 856 1676 890 25

143 900 344 937 Simonidis
371 901 555 939 somnium
583 901 805 938 creberrime
831 913 854 938 a
874 901 1011 938 Stoicis
1037 901 1371 938 commemoratum
1396 911 1476 937 esse
1502 902 1673 945 testatur,

142 951 182 985 et
206 948 342 986 iterum
367 947 402 984 ΙΙ
422 952 478 993 66,
505 947 628 985 Valer.
649 949 745 985 Max.
766 948 782 984 I
804 953 824 986 7
850 950 922 985 ext.
950 952 971 985 3
1024 958 1132 985 raeco
1159 960 1246 985 usus
1271 949 1441 994 auctore,
1467 946 1534 995 qui
1558 947 1674 985 etiam

143 996 328 1043 epitaphii
352 996 580 1033 mentionem
605 996 712 1033 fecit:
744 1007 876 1033 memor
902 997 986 1033 bene
1013 997 1065 1032 eii
1089 996 1353 1042 eleqantissimo
1378 997 1539 1033 carmine
1563 1000 1677 1033 aeter-

101 1080 104 1083 ,
141 1045 256 1081 nitati
279 1045 513 1089 consecravit,
537 1044 666 1081 melius
684 1045 744 1080 illi
762 1047 795 1080 et
813 1044 1029 1090 diuturnius
1048 1044 1090 1079 in
1110 1045 1246 1080 animis
1263 1044 1450 1080 hominum
1469 1055 1506 1080 sc
1535 1044 1679 1080 uterum

142 1091 364 1130 constituens
370 1119 382 1137 ,
423 1103 532 1138 quam
568 1093 611 1128 in
647 1092 796 1128 desertis
832 1095 865 1128 et
903 1092 1038 1138 iynotis
1074 1092 1222 1128 harenis
1258 1095 1463 1136 struxerat,
1531 1091 1679 1128 ibanius

142 1137 184 1175 Τ.
210 1138 262 1176 1v
289 1142 378 1175 1101
414 1139 471 1176 ed.
503 1139 659 1185 Reiske,
689 1139 782 1176 item
813 1138 1096 1186 epigrammatis
1127 1138 1356 1175 mentionem
1381 1138 1583 1184 faciens2*)
1616 1139 1681 1185 qui

142 1185 294 1233 quidem
329 1197 414 1224 cum
447 1186 541 1223 dicit
572 1198 690 1234 prope
708 1187 927 1224 Tarentum
966 1186 1196 1224 Simonidem
1234 1186 1450 1234 sepelivisse
1489 1186 1679 1224 hominem

141 1235 346 1280 mortuum,
377 1234 418 1271 in
449 1245 560 1281 quem
594 1234 691 1271 forte
727 1234 928 1278 inciderat,
963 1237 1002 1271 et
1033 1235 1216 1281 postridie
1248 1234 1412 1271 voluisse
1450 1245 1609 1282 pergere
1641 1235 1679 1270 in

142 1281 323 1328 Siciliam,
345 1282 413 1319 sed
438 1282 582 1319 somnio
607 1283 791 1319 monitum
815 1282 888 1319 iter
911 1282 1103 1319 distulisse
1129 1284 1243 1328 atque
1263 1282 1319 1318 ita
1338 1293 1452 1328 grave
1478 1282 1678 1319 discrimen

142 1329 315 1374 evitasse,
339 1329 566 1367 testificatur
589 1330 661 1367 hoc
688 1330 888 1376 accidisse,
921 1342 1006 1367 cum
1037 1331 1150 1376 poeta
1175 1330 1223 1366 ad
1249 1329 1450 1366 Hieronem
1476 1329 1680 1376 Syracusas

142 1377 374 1424 profecturus
400 1379 490 1414 erat.
539 1375 646 1413 Nihil
670 1378 710 1413 in
735 1378 794 1413 his
819 1377 927 1422 inest,
962 1378 1062 1424 quod
1087 1377 1158 1413 fide
1178 1377 1374 1424 indignum
1394 1389 1473 1414 esse
1493 1378 1678 1414 videatur.

144 1425 196 1460 At
218 1422 415 1471 Iunghahn
439 1425 553 1462 homo
579 1426 626 1462 ab
652 1425 752 1462 omni
779 1425 1043 1471 superstitione
1069 1425 1213 1461 alienus
1246 1426 1370 1461 totum
1395 1426 1465 1461 hoc
1491 1436 1676 1462 commen-

143 1472 275 1508 ticium
301 1483 382 1509 esse
408 1474 545 1518 censet,
564 1472 676 1508 fidem
703 1472 803 1509 enim
829 1473 1018 1517 excedere,
1043 1472 1234 1509 hominem
1253 1473 1310 1508 bis
1336 1485 1380 1509 ex
1406 1472 1531 1509 media
1556 1474 1677 1509 morte

143 1530 224 1562 esse
258 1521 439 1566 ereptum,
474 1522 513 1557 et
547 1531 631 1557 cum
661 1520 913 1564 Quintilianus
947 1519 1087 1557 famam
1127 1520 1173 1556 de
1210 1519 1508 1566 Tyndaridarum
1542 1520 1683 1557 auxilio

142 1565 182 1602 in
206 1566 355 1604 aedium
382 1567 674 1605 Crannoniarum
699 1568 807 1604 ruina
831 1579 986 1604 narrans
1011 1568 1168 1604 miratus
1194 1569 1309 1612 esset,
1335 1568 1435 1614 quod
1461 1569 1574 1615 poeta
1598 1568 1679 1615 ipse

145 1613 255 1650 huius
280 1614 335 1650 rei
371 1626 556 1661 nusquam
587 1614 836 1660 meminisset,
867 1615 1037 1661 profecto
1072 1627 1145 1652 non
1179 1615 1359 1652 taciturus
1395 1614 1441 1652 de
1472 1618 1582 1653 tanta
1613 1627 1681 1652 sua

143 1661 339 1708 gloria⁸*),
364 1662 576 1709 Iunghahn,
602 1665 644 1699 ut
663 1675 769 1700 suam
789 1674 939 1700 causam
961 1662 1159 1708 obtineret,
1185 1663 1438 1710 importunum
1465 1664 1600 1710 poetae
1625 1666 1681 1700 te-

144 1709 380 1767 stimonium&
399 1711 650 1748 amovendum
686 1722 767 1747 esse
804 1711 1007 1754 intellexit,
1044 1711 1172 1755 itaque
1210 1711 1409 1757 utrumque
1447 1711 1687 1757 epigramma·

143 1757 312 1794 censoria
337 1758 485 1806 virgula
508 1759 624 1803 notat,
650 1758 909 1795 recentissima
935 1770 1012 1795 esse
1039 1758 1216 1794 dictitans
1241 1759 1416 1796 carmina.
1457 1759 1508 1795 Ut
1533 1771 1589 1806 ep.
1613 1762 1680 1795 128

142 1802 183 1841 in
209 1804 459 1852 suspicionem
484 1807 646 1850 vocaret,
666 1809 898 1842 commentus
919 1807 984 1851 est,
1005 1817 1172 1852 pugnare
1192 1806 1306 1842 verba
1331 1804 1370 1842 οἱ
1392 1804 1462 1853 μὲν
1489 1803 1555 1853 ἐμὲ
1582 1807 1679 1843 κτεί-

144 1865 279 1894 ναντες
304 1864 387 1889 cum
408 1852 597 1890 Ciceronis
624 1853 748 1890 verbis
773 1865 853 1890 cum
878 1855 1043 1901 iynotum
1067 1854 1248 1899 quendam
1267 1854 1472 1900 proiectum
1496 1858 1680 1891 mortuum

143 1899 290 1937 vidisset
321 1899 507 1946 (Valerius
536 1901 766 1937 inhumatum
798 1913 931 1947 corpus
970 1903 1109 1946 iucem,
1147 1901 1324 1937 Libanius
1355 1899 1493 1947 νεκρὸν
1524 1898 1678 1948 ἄταφον

143 1943 371 1988 αἶς-ἐπεῖδεν
404 1945 660 1995 ἐρριμμένον),
693 1960 787 1994 quae
823 1949 1035 1995 significent
1065 1949 1177 1985 istum
1211 1949 1408 1996 naufragio
1438 1948 1680 1986 interemtum

144 2006 240 2040 esse;
275 1995 372 2042 quod
410 2007 543 2032 vanum
582 2007 660 2032 esse
694 1997 945 2032 commentum
978 1996 1154 2042 religiosa
1184 1997 1445 2043 interpretatio
1483 1997 1680 2034 verborum

144 2042 294 2089 evincit,
326 2054 422 2089 quae
447 2043 493 2080 de
519 2043 689 2089 quolibet
715 2044 844 2080 mortis
870 2056 1005 2091 genere
1031 2043 1226 2080 commode
1252 2044 1437 2087 dicuntur,
1469 2056 1588 2100 neque
1614 2046 1681 2081 hos

143 2091 325 2135 auctores,
360 2091 424 2136 qui
461 2093 646 2128 noverant
682 2091 937 2128 Simonidenm
971 2103 1138 2138 carmen,
1176 2091 1353 2128 credibile
1379 2094 1437 2128 est
1474 2092 1679 2138 quidquam

144 2137 336 2184 scripsisse
362 2138 463 2184 quod
497 2138 584 2175 huic
610 2139 766 2176 carmini
791 2139 1019 2176 adversetur.
1070 2139 1167 2175 Nam
1193 2140 1316 2185 ipsum
1343 2150 1492 2175 carmen
1518 2140 1678 2186 (germa—

143 2195 280 2224 numne
306 2186 355 2222 sit
386 2197 434 2222 an
460 2185 718 2232 subditicium,
750 2187 790 2222 in
815 2186 938 2223 medio
962 2187 1149 2232 relinquo)
1176 2187 1255 2223 eius
1281 2186 1334 2223 rei
1366 2187 1584 2223 testimonio
1610 2189 1679 2232 est,

143 2242 265 2278 neque
291 2244 379 2269 vero
405 2233 507 2270 fama
530 2234 721 2270 tralaticia
746 2234 903 2270 carmini
929 2234 1104 2289 fingendo
1124 2246 1254 2270 ansam
1275 2233 1391 2270 dedit.
1430 2235 1677 2280 Aptissimum

144 2289 233 2315 sane
253 2282 515 2335 argumentum
536 2281 964 2335 epigrammatographis
982 2282 1140 2328 insignis
1160 2284 1294 2336 poetae
1315 2282 1537 2318 nobilissimi
1558 2282 1681 2337 pietas

145 2328 1680 2422 &geffimmggssffififfigssssffnq„3¹2231p35530323mggssfflf’seffluggffiffijg

145 2421 218 2457 huc
232 2421 450 2468 appulisset,
464 2422 640 2459 continuo
654 2423 916 2477 carmineoeius
935 2423 990 2460 rei
1009 2424 1226 2460 memoriam
1241 2426 1337 2459 esset
1356 2425 1573 2470 persecutus
1582 2423 1677 2470 ***):

261 2551 295 2598 *)
321 2552 404 2588 Non
431 2553 595 2599 pertinet
618 2552 692 2589 huc
717 2553 818 2599 quod
842 2554 1048 2590 levissimus
1075 2555 1204 2590 auctor
1237 2554 1427 2590 Phaedrus
1452 2554 1527 2589 fab.
1556 2553 1607 2589 IV
1633 2558 1678 2590 22

144 2599 245 2636 solus
262 2600 435 2644 testatur,
455 2599 685 2636 Simonidem
704 2611 750 2636 ex
764 2601 854 2637 Asia
874 2601 1025 2637 domum
1045 2601 1263 2637 redeuntem
1278 2602 1514 2648 naufragium
1534 2601 1678 2647 fecisse,

146 2658 222 2693 quo
260 2647 415 2694 respicit
446 2647 562 2683 etiam
593 2646 645 2682 IV
677 2651 723 2683 26
754 2650 906 2694 poetam
937 2659 982 2684 ex
1012 2649 1162 2685 aedium
1194 2648 1302 2685 ruina
1334 2649 1479 2685 salvum
1513 2649 1677 2685 evasisse

145 2705 310 2731 narrans.

239 2742 295 2787 **)
323 2741 587 2784 Quintilianus,
608 2742 672 2788 qui
691 2742 830 2778 famam
850 2743 896 2779 de
918 2743 1120 2779 Simonidis
1146 2743 1289 2779 somnio
1310 2743 1409 2779 haud
1429 2743 1542 2779 dubie
1561 2744 1679 2789 novit,

145 2789 314 2835 quamvis
338 2789 475 2826 tacitus
501 2790 691 2835 significat
715 2791 867 2835 poetam
892 2790 1001 2826 huius
1026 2790 1079 2826 rei
1115 2791 1345 2835 meminisse,
1377 2790 1414 2826 id
1441 2791 1542 2837 quod
1569 2792 1678 2838 lung-

145 2836 326 2873 bahninm
351 2848 427 2873 non
451 2837 760 2873 animadvertisse
785 2837 908 2873 miror.

214 2882 292 2930 *Ἢ
318 2884 403 2920 Non
427 2884 509 2920 ausi
535 2886 622 2920 sunt
647 2884 932 2921 demonstrativi
958 2886 1104 2931 generis
1131 2885 1293 2921 cultores
1319 2886 1388 2922 hoc
1414 2888 1676 2932 argumentum

146 2930 332 2979 delibare,
357 2932 422 2967 sed
454 2933 626 2968 certatim
658 2932 834 2978 anonymi
865 2931 978 2969 Anth.
1005 2934 1041 2969 P.
1071 2932 1140 2969 VH
1165 2937 1246 2969 310.
1274 2936 1354 2970 356.
1380 2937 1461 2970 35⁷.
1488 2937 1568 2972 358.
1595 2937 1675 2972 859.
