1864 3126
0 55 27 82 μ’
67 59 78 72 ³

47 78 64 86 -

527 143 776 182 APPENDIX
802 142 1285 182 ANACREONTEORUM.
1578 141 1667 186 345

155 266 199 300 15
245 259 280 299 Ο
305 254 342 298 δ’
371 256 482 312 ἔρως,
507 242 677 300 ὅπάντα
695 256 847 308 τίκτων,
996 252 1105 310 παρὰ
1134 252 1335 304 παστάδας
1365 257 1515 309 γελῶσα

213 321 362 377 φρένας
382 323 436 373 εἰς
456 321 604 377 φρένας
623 319 848 374 συνάπτων,
995 319 1124 376 γάμον
1155 319 1329 376 εὔγαμον
1359 322 1538 376 λιγαίνοι.

214 384 511 443 ὃμοτερπέεσσιν
541 386 682 443 αὔραις
1024 384 1293 429 ’Λνατελλέτω’“
1308 383 1350 430 τὸ
1383 386 1530 442 φέγγος

215 455 448 508 φιλοτησίαν
477 451 671 509 κεράσσοι.
999 449 1043 493 τὸ
1076 449 1315 505 φερώνυμον
1345 454 1502 505 τοκῆος·

245 517 518 574 Φιλονύμφιος
548 518 592 561 δὲ
624 517 781 574 Κύπρις
941 527 987 565 25
1003 516 1177 566 Φαέθων
1209 514 1313 569 φάος
1344 514 1519 572 λοχεύων

156 596 202 629 20
215 584 360 643 γάμιον
391 585 570 640 φέρουσα
600 586 775 639 φίλτρον,
1009 579 1152 637 νεαρὸν
1183 581 1295 632 σέλας
1326 583 1487 637 κομίζοι.

882 747 922 788 4.

771 830 863 873 Τοῦ
894 824 1035 872 αὐτοῦ

509 928 678 983 Σχέδιον
708 927 752 970 έν
783 931 829 983 τῇ
859 923 985 983 ἡμέρᾳ
1015 930 1094 968 τῶν
1124 924 1257 980 ῥόδων

536 991 630 1048 μετὰ
659 990 703 1036 τὸ
735 994 861 1037 εἰπεῖν
885 989 977 1042 τοὺς
1008 989 1207 1046 φοιτητάς.

244 1093 433 1149 Ζεφύρου
464 1094 654 1145 πνέοντος
686 1093 826 1148 αὔραις
1033 1097 1222 1148 Χλοερῶν
1252 1091 1402 1149 ὕπερθε
1434 1093 1612 1148 δένδρων

217 1162 402 1214 Χαρίτων
431 1159 559 1211 θάλος
591 1158 760 1203 δοκεύω·
1005 1159 1116 1213 μέλος
1149 1157 1290 1214 ὄρνεον
1319 1162 1498 1215 λιγαίνει,

215 1226 357 1282 ροδέης
387 1225 544 1269 ἅπαντα
575 1228 709 1282 χαίτης
946 1235 988 1267 15
1003 1225 1249 1280 δεδονημένη
1282 1225 1325 1267 δὲ
1354 1230 1462 1268 πᾶσα

214 1294 380 1348 Παφίης
409 1293 597 1349 γέμουσιν
627 1291 739 1346 ἄλση.
1004 1289 1125 1345 φύσις
1156 1293 1211 1342 είς
1242 1293 1311 1347 ἔαρ
1342 1290 1503 1347 χορεύει.

180 1369 201 1399 5
238 1355 284 1400 Ὁ
315 1356 353 1402 δ’
388 1359 486 1416 ἔρως
517 1363 631 1417 σοφῷ
662 1358 835 1414 βελέμνῳ
1035 1360 1194 1412 Σοφίης
1223 1356 1325 1408 ἅναξ
1351 1356 1553 1400 Ἀπόλλων

216 1422 340 1477 φύσιν
370 1425 426 1475 εἰς
456 1422 581 1478 φύσιν
611 1422 812 1476 συνάπτει,
852 1444 859 1449 ·
1005 1423 1175 1477 φαέθων
1205 1425 1355 1478 ἔλαμψε
1387 1423 1545 1479 φέγγος,

217 1491 284 1531 ἵνα
315 1487 368 1544 μὴ
400 1493 578 1545 χανοῦσα
608 1487 732 1544 λήθη
1003 1486 1253 1544 ὖπερήμενος
1284 1489 1328 1531 δὲ
1357 1486 1505 1540 πώλοις

216 1554 330 1610 γένος
361 1555 404 1597 ἐκ
434 1555 575 1612 γένους
606 1552 779 1612 καλύψῃ.
946 1564 991 1596 20
1005 1553 1198 1611 γλυκερὸν
1229 1553 1334 1609 φάος
1364 1553 1588 1610 προσαύξει.

249 1620 503 1675 Φιλοτερπέες
535 1620 578 1662 δὲ
609 1622 759 1675 μολπαί
1032 1618 1132 1664 Δότε
1163 1638 1229 1675 μοι
1260 1618 1382 1676 ῥόδον
1413 1618 1624 1675 Κυθήρης,

160 1696 204 1728 10
219 1678 451 1736 Διονυσίαις
481 1686 525 1728 έν
557 1684 691 1746 ὥραις,
1003 1683 1140 1741 ἆγέλαι
1170 1690 1300 1741 σοφῆς
1330 1687 1516 1741 μελίττης,

217 1753 332 1805 ἔαρος
363 1751 457 1794 νέον
488 1752 694 1806 φανέντος,
1004 1753 1071 1793 ἵνα
1101 1749 1308 1806 Κύπριδος
1337 1750 1510 1807 γελώσης

218 1822 374 1872 νοεραῖς
403 1818 567 1860 πνέουσι
598 1815 799 1868 Μούσαις.
1005 1817 1118 1872 μέλος
1148 1818 1204 1867 εἰς
1234 1815 1356 1872 ῥόδον
1386 1815 1541 1869 τινάξω.

880 1974 920 2017 5.

773 2058 866 2100 Τοῦ
897 2053 1040 2101 αὐτοῦ

375 2144 523 2202 Λόγος,
554 2143 603 2189 ὃν
632 2147 853 2202 ἐπεδείξατο
884 2148 928 2190 έν
957 2151 1003 2205 τῇ
1034 2145 1160 2205 ἡμέρα
1190 2152 1268 2190 τῶν
1299 2146 1433 2203 ῥόδων

648 2212 691 2255 έν
720 2217 767 2268 τῇ
798 2213 941 2257 ἑαυτοῦ
972 2215 1163 2270 διατριβῇ.

239 2293 329 2337 Ὅτε
360 2293 577 2350 φωσφόρος
606 2295 795 2351 παρέρπει
1007 2297 1181 2339 Φαέθων
1211 2297 1336 2352 μέσην
1365 2298 1531 2352 πορείην

139 2449 373 2495 νεονυμφίον
398 2447 446 2492 Β,
478 2458 554 2484 non
585 2444 830 2494 νεονύμφιον.
864 2469 910 2475 -
934 2449 979 2486 V.
1008 2453 1062 2486 17.
1095 2449 1125 2485 Β
1158 2445 1437 2495 ὁμοτερπέεσιν.
1466 2469 1509 2475 -
1542 2448 1587 2483 V.
1617 2451 1672 2485 18.

140 2494 327 2543 κεράσσοι,
353 2495 386 2530 Α
410 2492 602 2541 κεράσσηι,
629 2495 827 2543 Matranga
853 2492 1043 2542 περάσσοι.
1066 2517 1108 2523 ——-
1135 2495 1179 2532 V.
1200 2500 1257 2533 23.
1284 2494 1340 2541 τὸ,
1366 2496 1396 2531 Β
1416 2497 1460 2531 τί.
1498 2495 1672 2532 Ceterum

139 2544 232 2582 haec
257 2554 331 2580 non
357 2542 448 2580 satis
475 2541 701 2579 conveniunt
726 2554 810 2578 cum
830 2543 1084 2590 inscriptione,
1111 2544 1149 2580 in
1172 2556 1247 2601 qua
1266 2543 1426 2581 Faustus
1448 2545 1555 2589 pater
1574 2544 1672 2581 Ana-

138 2591 225 2628 tolii
249 2590 401 2628 dicitur:
428 2590 586 2628 fortasse
618 2601 730 2637 supra
756 2590 968 2627 Φαῦστον
994 2603 1062 2639 pro
1098 2594 1307 2628 Φαυστου
1334 2591 1606 2637 corrigendum,
1631 2592 1675 2627 ut

140 2638 241 2686 patri
266 2637 446 2683 Anatolii,
471 2638 540 2674 filii
558 2638 690 2674 Fausti
709 2649 844 2675 nomen
863 2637 988 2684 fuerit,
1008 2638 1074 2684 qui
1118 2639 1243 2676 uidem
1263 2640 1396 2685 postea
1414 2639 1531 2676 etiam
1550 2638 1672 2685 pater·

140 2699 230 2731 nuni
250 2697 385 2724 nomen
404 2685 590 2723 asciverit.
611 2707 655 2712 —
677 2685 721 2723 V.
742 2688 799 2723 25.
824 2683 990 2732 λοχεύων
1010 2686 1051 2732 Β,
1116 2688 1274 2733 atranga
1291 2683 1467 2732 λεχεύων.
1493 2708 1531 2713 -
1555 2686 1596 2723 V.
1614 2690 1672 2723 26.

140 2734 287 2781 κομίζοι
311 2733 353 2779 B,
377 2732 578 2780 Mati-auga
602 2734 756 2781 κομίζει.

235 2828 420 2865 Ioannis
446 2840 595 2866 carmen
621 2833 653 2864 4.
699 2827 813 2865 Extat
832 2840 892 2874 ap.
912 2828 1151 2876 Matrangam
1178 2833 1258 2865 635.
1287 2850 1329 2855 -
1351 2829 1395 2865 V.
1416 2834 1448 2866 6.
1475 2827 1612 2875 ἆοδέης
1632 2830 1674 2874 Β,

139 2874 533 2970 ὲίὲἔαέἶέηᾷοδαίης.
571 2898 608 2902 -
646 2875 689 2912 V.
717 2880 748 2912 ⁷.
781 2873 831 2922 μὴ
864 2877 1053 2923 χανοῦσα,
1086 2877 1113 2912 Β
1139 2877 1373 2923 μηχανοῦσα.
1414 2898 1453 2903 -
1486 2877 1530 2914 V.
1557 2881 1613 2913 20.
1640 2877 1669 2913 B
