1864 3126
628 129 936 166 FRAGMENTA
967 128 1234 165 ADESPO'I'A.
1613 126 1699 171 739

163 241 271 294 apud
303 242 588 294 Epicharmum
619 256 777 293 quoque
807 235 898 282 οὐδ’
932 238 1043 281 ἄκων
1073 235 1204 294 μα’καρ
1232 242 1526 282 restituendum
1554 245 1700 291 censet,

162 307 426 360 gravissimae
469 310 532 347 est
573 307 764 347 levitatis.
826 307 1028 358 Antiquus
1072 310 1192 359 poeta
1234 320 1325 347 cum
1367 303 1548 359 πονηρόν
1591 308 1701 359 dicit,

162 375 347 413 miserum
377 373 586 424 intelligit,
626 373 666 411 id
698 374 805 424 quod
837 386 884 412 ex
918 374 1089 414 adverso
1126 374 1303 424 positum
1342 369 1471 425 μάκαρ
1507 373 1607 413 satis
1644 374 1702 413 in-

162 438 269 478 dicat
301 439 420 492 (nihil
451 438 561 477 aliud
593 439 698 478 enim
730 438 861 478 dicere
892 439 1039 488 voluit,
1077 452 1196 490 quam
1229 439 1335 490 quod
1368 440 1432 478 est
1470 440 1577 490 apud
1610 438 1698 477 Pin-

162 503 304 544 darum
334 505 385 546 fr.
418 505 502 544 226
535 500 643 551 οὔτις
674 499 775 543 ἕκῶν
806 499 930 544 κακὸν
967 496 1136 558 εὕρετο);
1175 504 1459 555 Epicharmus,
1497 505 1566 556 qui
1603 505 1700 544 alte-

163 582 248 610 ram
279 572 438 620 partem
468 569 671 620 proverbii
702 568 853 617 omisit,
886 571 932 608 ut
962 570 1023 610 vis
1060 570 1170 609 illius
1202 570 1387 610 vocabuli
1422 571 1545 621 plana
1582 572 1700 623 esset,

162 636 212 676 de
243 649 314 676 suo
346 636 492 675 adiecit
523 630 611 675 οὐδ’
647 630 746 674 ἄταν
771 632 882 686 ἔχων,
914 635 990 675 nisi
1014 636 1120 676 forte
1146 636 1227 674 iam
1253 636 1530 687 Epicharmus,
1561 648 1698 685 quam-

161 714 283 754 quam
313 714 392 742 non
423 701 522 740 adeo
554 700 689 750 inique
719 700 1055 750 quemadmodum
1086 701 1203 741 Plato
1235 703 1276 740 et
1301 701 1546 741 Aristoteles
1578 701 1698 740 inter-

163 769 358 819 pretatus,
390 768 437 806 ut
466 766 652 806 vocabuli
683 765 991 816 ambiguitatem
1023 767 1268 817 significaret
1299 766 1415 805 dixit:
1456 778 1577 815 neque
1600 779 1697 815 pra-

161 845 234 873 υιιε
262 845 384 882 neque
413 835 531 872 miser
562 834 766 881 qaisquam
795 844 869 871 saa
899 834 1032 881 sponte
1062 828 1177 884 est.*)
1228 832 1287 871 'Ac
1318 831 1434 870 video
1466 832 1588 870 etiam
1620 830 1696 871 Lo-

162 899 337 938 renzium
369 893 438 953 (de
469 897 709 948 Epicharmo
741 911 778 947 p.
812 892 917 950 241)
955 899 1065 936 recto
1101 897 1247 936 iudicio
1285 909 1402 936 usum
1444 897 1698 947 Epicharmei

160 977 300 1004 versus
332 965 542 1004 lectionem
587 963 735 1002 tuitum
773 975 871 1002 esse.
921 983 969 989 —
1013 961 1251 1003 Callimacho
1288 962 1460 1002 fortasse
1497 962 1698 1002 vindican-

161 1029 268 1078 dum,
299 1029 405 1080 quod
435 1029 500 1070 Et.
532 1029 638 1068 Flor.
670 1042 708 1078 p.
744 1029 826 1067 134
860 1028 993 1067 Miller
1024 1029 1206 1067 adhibet:
1247 1026 1326 1067 Καὶ
1363 1029 1591 1080 γλαυκῶπιν
1626 1027 1695 1067 τίω

157 1089 322 1134 πάντοτε
365 1094 565 1146 βροτοῖσιν
605 1088 875 1160 εὖνοέστατονε
930 1105 1022 1132 nam
1069 1106 1142 1143 pro
1185 1091 1252 1133 καὶ
1303 1093 1556 1133 scribendum
1600 1096 1699 1144 puto

160 1159 483 1212 Καλλίμαχος·

661 1244 904 1282 Γλαυκῶπιν
933 1242 1001 1282 τίω

443 1303 634 1348 πάντων
664 1301 795 1348 θεῶν
827 1308 1026 1360 βροτοῖσιν
1057 1303 1385 1359 εὖνοεστοὶτην.

162 1391 220 1431 At
252 1404 411 1431 versus:

375 1470 539 1526 Κόσμον
571 1476 781 1527 προσηνῶς
813 1470 1072 1527 ἕξακεύμενον
1103 1471 1238 1526 φύσιν.

160 1571 225 1609 ap.
257 1571 424 1608 gramm.
457 1571 519 1608 ap.
552 1558 677 1597 Gaisf.
709 1558 846 1609 Etym.
885 1559 938 1599 M.
969 1572 1007 1608 p.
1044 1559 1100 1598 46
1139 1561 1221 1598 not.
1258 1551 1495 1611 ἆκεύμενον·
1532 1554 1616 1598 ἆκῶ
1653 1574 1696 1600 το

101 1641 111 1646 ’
158 1619 390 1675 θεραπεύω·
422 1618 600 1674 ἆκέομαι,
632 1618 815 1675 ἆκοῦμαι,
847 1619 1072 1674 ἀκεόμενος,
1104 1619 1323 1675 ἀκούμενος
1354 1622 1421 1663 καὶ
1451 1620 1586 1675 κράσει
1610 1626 1696 1664 Δω-

159 1690 250 1742 ρικῇ
280 1690 349 1728 τοῦ
381 1702 422 1728 εο
454 1688 508 1736 εἰς
538 1683 611 1740 τὴν
641 1702 686 1728 ευ
723 1687 967 1742 δίφθογγον,
1005 1683 1236 1740 ἆκεύμενον.
1273 1685 1470 1741 Κόσμον
1501 1692 1597 1740 κτλ.,
1628 1703 1695 1729 no-

158 1754 251 1794 vicii
282 1754 450 1794 alicuius
482 1756 623 1804 poetae
654 1741 825 1804 iridetur,
857 1755 995 1805 quales
1028 1754 1126 1793 alibi
1156 1767 1313 1805 quoque
1344 1755 1546 1805 leguntur,
1579 1756 1694 1795 velut

161 1816 311 1858 Θέσπιν
341 1815 648 1871 κατεβρόντησεν
687 1814 708 1859 ὁ
745 1817 902 1871 βλέπων
938 1816 1019 1859 ὄπα
1055 1808 1161 1870 apud
1201 1819 1383 1859 Favorin.
1415 1833 1452 1870 p.
1488 1821 1572 1860 314
1607 1816 1694 1872 (ubi

158 1880 467 1937 κατεβρόντισεν,
498 1884 657 1923 initium
687 1897 830 1925 versus
862 1885 986 1925 etiam
1016 1898 1079 1936 ap.
1106 1885 1235 1925 Schol.
1260 1885 1307 1924 Il.
1333 1886 1360 1937 β
1387 1881 1503 1936 233),
1529 1886 1599 1936 qui
1631 1889 1694 1925 est

157 1950 307 1990 Ioanni
336 1950 576 1990 Damascem·
606 1963 653 1989 ex
685 1951 833 2002 hymno
864 1951 1146 2002 pentocostali‚
1184 1950 1266 1991 vid.
1297 1951 1485 1990 Eustath.
1517 1964 1579 2001 ap.
1613 1951 1694 1991 Mai

159 2014 343 2067 Spicileg.
375 2015 485 2054 Rom.
518 2015 554 2061 V
588 2017 686 2055 321.
712 2037 768 2042 —
795 2016 1082 2067 Iambographi
1114 2017 1285 2055 fortasse
1318 2016 1498 2060 alicuius,
1531 2017 1601 2055 sed
1632 2030 1691 2056 re-

158 2079 363 2129 centioris,
403 2082 499 2120 sunt
541 2094 644 2131 quae
682 2081 843 2121 exhibet
885 2082 992 2122 Plut.
1025 2075 1141 2122 C'ons.
1172 2081 1224 2120 ad
1266 2082 1398 2131 Apoll.
1429 2094 1459 2120 c.
1495 2082 1548 2120 15
1591 2082 1694 2120 mira

158 2144 419 2184 dialectorum
451 2146 680 2185 confusione
711 2147 924 2186 notabilia:

372 2229 464 2267 Ποῦ
494 2224 569 2281 γὰρ
599 2223 645 2267 τὰ
677 2224 800 2279 σεμνὰ
834 2223 1002 2283 (κεῖνα);
1033 2230 1112 2269 ποῦ
1144 2225 1187 2268 δὲ
1218 2227 1377 2280 Λυδίης

254 2363 288 2409 *)
314 2364 485 2401 Fortasse
509 2365 548 2400 in
574 2365 704 2402 eadem
731 2365 924 2402 comoedia
947 2365 1181 2411 legebantur,
1207 2376 1303 2411 quae
1335 2366 1447 2403 Philo
1473 2367 1625 2410 Quaest.
1651 2369 1691 2404 in

159 2412 291 2448 Genea.
317 2411 368 2447 IV
394 2415 464 2448 203
490 2412 705 2459 adscripsit:
736 2424 853 2464 porro
883 2413 1014 2458 optime
1044 2413 1143 2449 dixit
1178 2413 1443 2469 Epicharmus:
1475 2416 1693 2462 quicunque,

159 2461 224 2503 ait,
249 2459 372 2495 minus
395 2460 586 2506 delinquit,
612 2461 770 2506 optimas
794 2465 844 2496 est
870 2462 943 2495 vir:
977 2471 1079 2496 nemo
1103 2464 1154 2497 est
1178 2461 1274 2496 enim
1298 2462 1484 2506 innocens,
1510 2474 1612 2499 nemo
1636 2475 1690 2500 re·

151 2507 404 2563 prehenswm's
440 2507 891 2553 expers“1nscribenda
927 2509 1052 2544 autem
1086 2507 1303 2554 Epicharmi
1339 2508 1469 2545 fabula
1502 2507 1690 2555 Ηρακλῆς

156 2567 243 2600 παρ
270 2551 412 2602 Φόλῳ,
439 2553 485 2590 cf.
511 2556 569 2601 Ap
572 2535 685 2591 olion.
711 2555 757 2591 de
783 2555 968 2591 coniunct.
995 2567 1030 2600 p.
1056 2559 1127 2591 490
1159 2556 1248 2599 (non
1272 2552 1375 2599 παρὰ
1405 2557 1476 2601 Φ.)
1508 2558 1685 2602 quemad

157 2602 309 2639 modum
334 2581 430 2638 alitis
456 2567 671 2638 comoediae
701 2602 731 2638 E
760 2602 969 2638 icharmeae
1001 2602 1133 2639 titulus
1162 2600 1295 2649 Πύρρα
1328 2601 1351 2648 ἢ
1377 2604 1600 2649 Λευκαρίων
1632 2605 1685 2642 in·

156 2652 264 2695 teger
290 2650 347 2685 est
372 2650 539 2685 servatus
564 2649 603 2685 in
629 2648 742 2685 Ει.Ε
712 2614 811 2686 Ε.ῗοι·
837 2648 963 2686 Miller
986 2661 1023 2696 p.
1044 2653 1115 2686 204
1139 2651 1228 2704 (q¹¹.⁰
1251 2650 1468 2688 testimonio
1488 2652 1625 2688 mirum
1650 2652 1689 2688 in

158 2697 311 2733 modum
335 2698 422 2742 post
447 2696 489 2733 Ο.
516 2696 782 2733 Schneiderum
801 2709 920 2743 nuper
943 2696 1068 2734 nescio
1093 2697 1177 2743 quis
1197 2697 1237 2733 in
1256 2698 1385 2734 Museo
1406 2697 1523 2735 Rhen.
1550 2700 1689 2736 abusus

152 2745 242 2800 est),
268 2744 382 2790 atque
406 2743 483 2780 iam
508 2742 599 2780 licet
623 2744 739 2780 schol.
765 2744 955 2791 Aristoph.
980 2744 1132 2781 Pae-13
1159 2745 1372 2782 restituere:
1396 2742 1621 2792 Ἐπίχαρμος
1646 2745 1688 2784 ἐν

152 2787 333 2837 Hennaea·
350 2791 402 2840 τῷ
429 2788 491 2827 ἐπὶ
516 2788 583 2827 τὸν
610 2791 727 2846 ζωοτῆ
704 2803 795 2837 ηρα
822 2821 829 2828 .
916 2791 996 2839 (καὶ
1022 2789 1078 2836 ἐν)
1066 2790 1254 2842 )Πύρ(ρᾳ
1279 2788 1302 2838 ἢ
1324 2794 1585 2847 Αευιι)αρίωνι.
1624 2795 1689 2831 ubi

158 2829 406 2884 Πυγμαρίωνι
431 2839 583 2897 legitur:
610 2838 744 2884 prioris
769 2837 919 2875 fabulae
939 2838 1151 2885 exemplum
1170 2828 1373 2884 intercidit,
1399 2839 1438 2876 in
1458 2841 1578 2878 altero
1598 2842 1686 2878 scri-

158 2884 321 2922 bendum
345 2889 504 2933 λοχαγος
530 2884 596 2928 εἷς
621 2886 694 2922 τῶν
720 2884 940 2934 κανθάρων.

1328 2947 1402 2983 47*
