1864 3126
215 140 299 181 104
374 192 384 202 ι
538 189 540 193 ¹
779 138 972 176 POETAE
996 139 1174 175 MELICI.

306 250 530 304 πορφυρᾶ.
563 282 573 291 .
605 282 613 290 .
646 282 655 291 .

307 317 380 362 καὶ
411 319 548 361 ταῦτα
579 316 660 374 μὲν
692 315 939 374 ἀτιμάσεις,

309 386 463 445 ἔπεμψ’
498 385 588 431 ἀπὺ
624 387 813 439 Φωκάας

309 461 431 517 δῶρα
462 462 583 515 τίμια
613 457 860 515 καγγόνων.

867 567 939 611 45.
971 568 1076 621 [24.]
1287 600 1310 619 ,
1666 578 1735 611 892

295 648 399 705 ”Αγε
432 647 487 705 δὴ
520 649 624 705 χέλυ
656 647 731 692 δῖοί
764 666 840 706 μοι

308 718 549 777 φωνάεσσα
583 720 746 776 γένοιο.

214 851 259 896 (Β
280 847 322 886 ἐν
342 851 407 895 εω)
431 850 516 885 τῶν
543 849 687 894 μελῶν
712 847 821 907 πρὸς
847 848 925 896 τὴν
948 847 1228 896 Ἀφροδιτην
1255 846 1505 896 χειρόμακτρα
1531 850 1582 887 85'
1599 865 1736 897 καγγο-

213 912 290 933 νων
315 898 502 957 πορφυρᾶ
519 897 564 942 (Β
590 896 798 951 πορφυρὰ),
826 898 891 933 καὶ
916 898 1034 933 ταῦτα
1061 898 1126 944 (sic
1152 898 1257 942 PVL,
1282 911 1450 934 καταυτα
1476 900 1520 943 A,
1545 900 1734 934 κατταῦτα

213 946 258 991 Β)
289 943 358 992 μὲν
389 941 582 990 ἀτιμάσεις
613 944 682 989 (sic
706 926 1092 1003 ΡνΙ1,ἄτατιμάσεις
1117 947 1171 1002 A)
1198 944 1337 991 ἔπεμψ’
1372 943 1451 981 απὺ
1479 944 1638 987 Φωκάας
1669 947 1735 990 (sic

214 1003 345 1028 censor
375 991 557 1048 Ιθηθυεὶε,
595 992 791 1037 legebatur
823 991 975 1039 ἔπεμψα
1007 990 1235 1050 πυφωκάας,
1268 993 1330 1028 VL
1363 994 1597 1039 πυφωκείας)
1635 995 1736 1039 δῶρα

212 1041 332 1096 τίμιοι·
368 1021 566 1084 καγγόνων
596 1038 738 1096 κόσμον
771 1039 870 1085 λέγει
901 1042 1070 1086 κεφαλῆς
1097 1038 1146 1076 τὰ
1178 1038 1446 1086 χειρόμακτρα,
1481 1040 1543 1075 ubi
1581 1043 1738 1086 apparet

213 1084 410 1133 καγγόνων
443 1088 529 1122 ante
561 1084 701 1132 κόσμον
734 1099 808 1123 11011
840 1087 888 1122 ad
914 1088 1114 1133 Athenaei,
1151 1088 1214 1123 sed
1247 1089 1295 1123 ad
1327 1087 1499 1133 Sapphus
1531 1088 1735 1124 orationem

213 1135 443 1171 referendum
472 1145 561 1170 esse.
613 1134 764 1189 Sappho
790 1146 873 1170 cum
905 1134 1000 1171 libro
1033 1135 1161 1180 quinto
1187 1135 1441 1180 Asclepiadeis
1475 1134 1641 1171 versibus
1671 1147 1738 1171 usa

214 1193 294 1218 esse
319 1181 576 1227 perhibeatur,
602 1182 777 1218 coniicias
803 1182 865 1218 hic
890 1182 1153 1228 Asclepiadeos
1179 1194 1262 1218 cum
1288 1182 1484 1228 Glyconeis
1510 1181 1738 1219 consociatos

214 1228 345 1265 fuisse:
373 1229 438 1264 sed
462 1230 589 1264 tamen
614 1230 684 1265 hoc
709 1229 799 1265 satis
824 1229 1024 1265 incertum:
1051 1241 1278 1275 quamquam
1305 1229 1403 1265 enim
1428 1242 1462 1266 v.
1483 1234 1504 1265 4
1525 1232 1564 1266 et
1583 1233 1603 1266 5
1628 1229 1737 1266 facile

215 1277 263 1312 ad
289 1277 412 1322 legem
437 1277 611 1321 strophae
637 1276 906 1322 Asclepiadeae
931 1277 1051 1323 redigi
1075 1278 1246 1323 possunt,
1273 1277 1304 1312 si

640 1344 733 1391 πρὸς
758 1343 793 1382 σ’
822 1344 963 1393 ἔπεμψ’
991 1344 1070 1383 ἀπὺ
1097 1345 1251 1389 Φώκας

641 1395 745 1440 δῶρα
768 1395 871 1440 τίμια
895 1393 1091 1440 καγγόνων
1303 1399 1305 1402 ⁴

215 1464 405 1511 scripseris
439 1476 507 1510 pro
542 1461 701 1505 Φωκάας
736 1465 844 1510 (haec
875 1465 974 1501 enim
1003 1466 1124 1501 forma
1153 1466 1290 1511 legitur
1321 1466 1360 1502 in
1391 1466 1502 1502 titulo
1534 1477 1592 1512 ap
1620 1466 1740 1502 Conze

214 1513 289 1548 Iter
315 1513 419 1548 Lesb.
446 1515 472 1548 t.
493 1512 546 1548 VI
567 1516 598 1556 1,
624 1513 687 1547 ubi
713 1513 769 1548 bis
796 1515 1035 1548 ΕΜΦΩΚΑΙ
1057 1514 1176 1556 extat,
1202 1513 1293 1549 item
1317 1513 1488 1549 Eustath.
1515 1513 1563 1548 ad
1587 1512 1739 1560 Dionys.

215 1560 294 1596 Pei.
323 1564 391 1595 437
421 1557 530 1605 Φώκη
562 1561 738 1604 testatur,
770 1571 814 1596 ac
839 1561 994 1596 fortasse
1025 1562 1125 1596 recte
1150 1561 1366 1596 Holstenius
1391 1572 1472 1597 eam
1497 1561 1653 1596 formam
1678 1572 1738 1606 ap.

216 1607 343 1652 Steph.
371 1607 456 1652 Byz.
483 1607 680 1652 restituit),
716 1609 842 1643 tamen
874 1619 918 1643 ex
943 1620 976 1643 v.
1005 1612 1069 1642 1—
1074 1613 1094 1643 3
1121 1619 1232 1654 aegre
1257 1608 1350 1644 duos
1375 1608 1635 1654 Asclepiadeos
1660 1607 1740 1644 effi-

217 1655 309 1690 cias:
348 1655 461 1699 atque
501 1654 595 1690 illud
632 1666 779 1700 quoque
818 1655 990 1699 dubium,
1028 1656 1153 1690 utrum
1166 1638 1399 1691 ”Athenaeus
1430 1667 1544 1691 unum
1581 1667 1630 1691 an
1666 1655 1739 1691 duo

215 1702 426 1748 fragmenta
443 1702 691 1758 adscripserit.
730 1703 889 1737 Maxime
910 1704 1037 1737 autem
1057 1703 1254 1737 obscumm
1280 1702 1490 1738 inauditum
1514 1702 1607 1737 illud
1632 1713 1740 1738 voca-

216 1750 346 1784 bulum
382 1746 600 1794 καγγόνων,
638 1749 701 1784 ubi
739 1748 831 1784 mihi
870 1747 1125 1803 ἰσαργύρων
1164 1749 1382 1785 delitescere
1419 1749 1632 1795 videbatur,
1675 1750 1740 1785 sed

216 1797 326 1831 nimis
357 1797 429 1831 hoc
460 1796 598 1831 recedit
621 1807 644 1831 a
668 1796 877 1832 litterarum
910 1796 1096 1853 vestigiis,
1132 1808 1226 1841 quae
1258 1796 1344 1832 libri
1375 1798 1534 1842 utroque
1564 1796 1648 1832 loco
1679 1797 1739 1832 fir-

216 1844 327 1879 miter
351 1844 513 1878 tuentur.
564 1842 800 1879 Casaubonus
825 1841 1047 1889 πλαγγόνων
1079 1843 1239 1880 coniecit
1268 1845 1327 1888 (cf.
1353 1844 1511 1890 Hesych.
1538 1841 1740 1890 πλαγγων),

215 1891 338 1926 totum
363 1890 486 1926 locum
513 1890 566 1925 sic
591 1891 843 1926 conformans.
874 1893 976 1937 Χειρ.
1002 1890 1044 1927 85
1071 1888 1293 1936 πλαγγόνων
1319 1892 1508 1936 πορφυρᾶ,
1533 1891 1598 1926 καὶ
1622 1891 1740 1927 ταῦτα

216 1935 316 1983 μάλα
340 1934 521 1994 τιμαεντά
540 1934 578 1982 γ’
602 1935 753 1994 ἔπεμψα
773 1939 962 1983 Σαπφοῦς
986 1939 1074 1979 τεᾶς
1099 1939 1199 1982 δῶρα
1225 1940 1345 1996 τίμια,
1370 1939 1522 1975 Fiorillo
1547 1935 1593 1974 τὰ
1619 1935 1739 1984 χειρό-

216 1997 363 2041 μακτρα
399 1982 489 2019 τάδε
528 1981 703 2030 καρήνων
740 1986 936 2031 πορφυρᾶ,
975 1985 1040 2021 καὶ
1076 1986 1195 2021 ταῦτα
1226 1983 1318 2031 μηδ’
1350 1998 1548 2032 ατιμασῃς,
1587 1984 1739 2041 ἔπεμψα

217 2029 411 2090 Zumpt&
392 2045 500 2067 κεινα
512 2033 623 2088 δῶρα
642 2034 757 2078 τίμια,
781 2034 911 2069 Iacobs
931 2030 1181 2079 χειρόμακτρα
1200 2030 1421 2078 πλαγγόνων
1439 2029 1741 2080 πορφυρόβαπτα

217 2093 266 2124 μη
298 2076 481 2126 ατιμάσῃς
506 2093 529 2114 α
557 2079 690 2124 πέμψα
721 2082 955 2138 παρθενείας
986 2081 1089 2125 δῶρα
1120 2081 1240 2137 τίμια,
1276 2082 1408 2126 postea
1432 2082 1535 2125 Χειρ.
1562 2077 1604 2115 85
1630 2083 1739 2125 πλαγ.

217 2127 396 2183 πορφυρᾶ
421 2151 430 2161 .
451 2123 565 2172 ..μὴ
587 2125 792 2183 ατιμάσῃς,
826 2123 851 2162 ἃ
883 2126 1015 2173 πέμψα
1048 2125 1198 2172 Σαπφὼ
1231 2128 1381 2173 κορείας
1405 2128 1438 2163 8.
1464 2140 1495 2163 τ.
1527 2126 1630 2163 Neue
1657 2140 1740 2173 καγ

218 2171 364 2218 γόνων
396 2173 419 2209 1.
447 2186 477 2209 e
503 2171 599 2208 κατὰ
625 2172 772 2219 γούνων
805 2174 1083 2211 commendavit
1112 2175 1151 2210 et
1155 2175 1351 2232 quattuor
1380 2186 1508 2211 versus
1539 2173 1740 2234 glyconeos

217 2221 385 2278 restituit
408 2224 509 2278 Χειρ.
537 2219 578 2256 85
605 2222 810 2269 πορφυρᾶΙ
839 2222 958 2257 ταῦτα
983 2219 1032 2268 μὴ
1059 2219 1104 2257 σύ
1128 2218 1165 2266 γ’
1193 2218 1403 2276 ἆτιμᾴσεις,
1426 2223 1431 2266 1
1459 2235 1504 2257 τα
1531 2218 1567 2279 γ’
1596 2219 1738 2268 ἔπεμψ’

218 2265 296 2303 am)
325 2265 485 2308 Φωκαας
513 2271 517 2308 Ι
546 2269 648 2313 δῶρα
673 2270 777 2314 τίμια
802 2266 1009 2326 καγγόνων.
1060 2268 1203 2305 Seidler
1227 2268 1377 2315 scripsit
1400 2282 1472 2325 καγ
1498 2281 1625 2315 κομων
1650 2281 1740 2314 πορ-

220 2316 322 2360 φυρᾶ
355 2313 620 2361 καταρτάμενα
652 2317 768 2373 τιμᾷς.
815 2318 869 2358 εἵς
899 2313 938 2351 σ’
967 2312 1172 2362 ε”.μπεμψ
1200 2343 1208 2351 .
1235 2344 1243 2351 .
1269 2329 1343 2360 καγ
1373 2313 1518 2362 κόμων,
1551 2316 1741 2352 Hermann

218 2361 409 2398 καττόνων
435 2363 471 2406 (i.
498 2373 529 2398 e
556 2365 789 2420 κατατονων)
814 2365 853 2399 et
877 2364 950 2399 duo
975 2363 1187 2420 fragmenta
1212 2375 1291 2399 esse
1316 2365 1458 2399 censet:
1496 2364 1580 2399 καί
1609 2363 1741 2398 Ταῦτα

219 2407 308 2455 τᾶμ’
337 2406 587 2467 ἄπατιμασεις
619 2406 678 2445 ὅσ’
707 2407 849 2467 ἔπεμψ’
913 2439 921 2447 .
948 2440 955 2447 .
983 2408 1186 2446 καττόνων.
1236 2411 1379 2446 Ahrens
1387 2410 1513 2469 prius
1529 2407 1740 2468 καγγόνων

220 2458 339 2492 delet:
352 2454 643 2514 χερρόμακτρα
667 2456 707 2493 85
741 2438 920 2503 πόρφυρα
944 2468 967 2494 *
992 2469 1014 2494 *
1039 2469 1062 2494 *
1087 2458 1206 2493 ταῦτα
1237 2455 1287 2504 μή
1312 2455 1398 2493 ποτ’
1426 2453 1624 2514 ατιμάσῃς,
1655 2453 1737 2493 866’

220 2501 434 2564 ἔπεμψ’.
462 2533 469 2540 .
473 2517 568 2562 καγ
601 2502 740 2562 γόνων,
775 2505 874 2541 idem
907 2502 1166 2562 χερρόμακτρα
1191 2503 1233 2540 85
1259 2517 1456 2564 πορφυρας
1487 2500 1740 2562 ἆπαυγάμενα

219 2553 344 2608 τιμίας
369 2550 423 2592 εἰς
448 2548 484 2586 σ’
513 2548 654 2609 ἔπεμψ’
683 2555 776 2595 κτλ.,
802 2553 974 2598 Hartung
998 2551 1250 2609 χειρόμακτρα
1275 2550 1318 2588 85
1344 2551 1531 2608 πορφυρᾶ
1546 2551 1664 2586 ταῦτα
1689 2549 1739 2597 μή

219 2612 282 2644 μοι
300 2595 500 2645 ἀτιμάσῃς,
525 2595 606 2634 ὄσσ’
629 2597 695 2635 ἕπε
699 2597 770 2645 μ’ψ
818 2626 826 2635 .
842 2628 849 2636 .
876 2601 980 2645 τίμια
999 2597 1197 2656 καγκύλων
1222 2599 1397 2645 (debebat
1413 2595 1615 2644 καγκύλαν,
1641 2600 1741 2643 quod

219 2647 365 2699 κργχῶν
385 2646 663 2703 interpretatur,
689 2612 771 2681 coll.
792 2626 995 2703 l-Iesychio·
1022 2644 1235 2704 Καγκύλας·
1262 2647 1436 2703 κηκῖὃας·
1453 2643 1629 2702 Αἰολεῖς).
1668 2645 1739 2680 De-

219 2693 332 2737 nique
351 2693 521 2728 Meineke
547 2694 601 2734 εἴς
620 2690 654 2729 σ’
678 2691 819 2738 ἔπεμψ’
842 2691 918 2729 ἀπὸ
941 2691 1103 2734 Φωκάας
1121 2694 1223 2738 δῶρα
1223 2694 1345 2750 τίμια
1364 2690 1492 2749 καγών
1517 2693 1577 2728 vel
1602 2689 1737 2749 κὴγών.

315 2740 373 2776 Fr.
400 2743 455 2775 45.
493 2741 680 2799 Hei-mog.
707 2741 758 2775 111
784 2744 852 2776 317
879 2741 935 2776 ed.
962 2741 1085 2777 Walz·
1120 2741 1196 2776 Καὶ
1220 2753 1313 2776 οταν
1336 2738 1404 2785 τὴν
1427 2736 1543 2795 λυραν
1571 2736 1733 2789 ἐρωτᾷ
1715 2753 1738 2785 η

220 2784 370 2831 Σαπφώ
403 2787 468 2822 καὶ
491 2800 583 2823 οταν
614 2800 710 2832 αυτη
742 2784 1007 2834 αποκρίνηται,
1040 2786 1137 2824 οἷον·
1170 2800 1239 2834 αγε
1266 2785 1352 2833 χέλυ
1378 2783 1442 2822 δῖα
1468 2799 1531 2832 μοι
1557 2787 1653 2831 (cod.
1679 2798 1737 2832 ap.

220 2831 466 2870 Blomfielcl’‘
441 2848 489 2879 αγ
493 2847 508 2870 ε
531 2833 578 2879 δὴ
599 2834 685 2880 χέλυ
706 2845 777 2870 om.
797 2836 874 2880 μοι)
899 2835 1002 2892 λέγε,
1028 2832 1232 2880 φωνάεσσα
1256 2833 1299 2870 85
1324 2835 1412 2891 (om.
1432 2833 1541 2868 vind.
1555 2835 1598 2889 1)
1623 2834 1739 2890 γίνεο.

220 2879 285 2915 καὶ
309 2879 354 2915 τὰ
383 2848 489 2926 ἑξῆς.γ
517 2879 1112 2928 Ε1181181311.Ι1.9,41.Ομηρικῶς
1136 2881 1179 2918 δέ
1205 2894 1283 2923 πως
1306 2881 1371 2916 καὶ
1395 2878 1418 2927 ἡ
1438 2878 1567 2927 λυρικὴ
1587 2878 1738 2926 Σαπφώ
