1864 3126
191 133 277 175 626
521 122 523 127 ⁴
751 131 943 168 POETAE
968 132 1145 169 MELIOI.

922 243 987 284 18.
1015 286 1019 290 ,

309 326 373 365 Et.
405 327 458 366 M.
490 329 588 377 271,
620 329 693 366 57:
734 327 1088 379 Διαψαίρουσα·
1128 323 1386 379 διασύρουσα·
1422 326 1488 367 καὶ
1523 325 1716 380 Τιμόθεος

196 387 268 442 τὴν
299 389 539 443 ἐκλυομένην
569 390 635 430 καὶ
665 391 972 445 καταρρέουσαν·
1005 392 1183 444 σημαίνει
1219 391 1284 432 καὶ
1317 389 1387 444 τῆν
1411 389 1614 446 ἠρεμαίαν.
1639 390 1719 434 Εὗ-

198 455 354 508 ριπίδης
385 454 450 496 ἐπὶ
479 459 548 497 τοῦ
579 458 799 509 καθαίρειν,
831 454 934 498 οἷον·
1570 470 1573 474 “

507 536 677 594 Γλώσσῃ
709 541 978 593 διαψαίρουσα
1010 537 1217 592 μυκτήρων
1246 537 1403 589 τόπους.
1627 549 1718 582 1274

194 623 366 662 Zonaras
401 623 484 662 536
519 623 668 673 eadem,
701 623 770 662 sed
801 624 974 674 plenius:
1007 623 1186 675 σημαίνει
1219 621 1260 662 δὲ
1291 619 1395 677 (καὶ)
1427 620 1499 676 τὴν
1529 620 1721 677 ἠρεμαίαν

192 687 392 738 κίνησιν.
463 683 736 739 Εὐριπίδης
771 687 799 727 ε’.
838 703 867 727 τ.
906 703 941 727 κ.
981 686 1207 740 κέχρηται
1245 690 1298 742 τῇ
1339 686 1478 740 λέξει,
1519 684 1604 728 οἷον
1643 691 1720 729 κτλ.

174 752 306 791 'Adde
328 753 556 803 Mingarelli
582 753 692 792 codd.
712 753 813 792 Nan.
835 754 931 791 492.
971 754 1165 804 Ambigas
1192 767 1297 804 sane,
1324 754 1558 793 Timotheus
1584 755 1720 793 utrum

193 819 312 866 poeta
343 830 395 856 an
425 815 713 868 grammaticus
746 817 888 867 aliquis
921 818 975 856 sit
1003 818 1300 868 intelligendus.
1365 814 1575 870 Τιμόθεον,
1601 832 1719 869 quem

112 924 114 926 v
194 882 258 920 Et.
290 882 395 921 Flor.
428 882 561 921 Miller
599 883 708 922 Misc.
749 883 831 921 215
872 882 920 920 de
957 883 1110 933 origine
1145 884 1253 923 vocis
1292 883 1501 935 μετεωρίζω
1542 883 1719 931 adhibet,

197 948 504 996 grammaticum
537 961 623 987 esse
655 949 841 998 apparet,
879 947 915 986 si
945 947 1147 998 integrum
1179 949 1241 986 est
1271 960 1432 996 nomen,
1468 960 1597 997 neque
1627 960 1721 986 vero

195 1024 285 1050 cum
315 1013 495 1051 Nauckio
526 1009 739 1060 Μεθόδιος
771 1013 1042 1063 scribendum,
1075 1013 1185 1052 euius
1216 1026 1360 1052 nomen
1390 1025 1585 1063 nusquam
1619 1024 1720 1051 com-

198 1080 313 1127 paret
343 1078 385 1116 in
416 1078 480 1117 Et.
510 1079 616 1118 Flor.
1517 1090 1519 1092 ’

928 1193 993 1235 19.

315 1278 444 1317 Schol.
475 1279 521 1318 11.
554 1294 568 1317 ι
600 1280 703 1318 219;
734 1273 759 1329 ἡ
792 1278 924 1329 διπλῆ,
955 1274 1014 1318 ὅτι
1043 1279 1190 1317 θῦσαι
1222 1273 1270 1317 οὖ
1302 1273 1448 1327 σφάξαι
1479 1272 1568 1329 (ὡς)
1601 1271 1622 1316 ὃ
1656 1278 1721 1315 Τι-

196 1339 342 1394 μόθεος
372 1338 567 1395 ὑπέλαβεν
597 1341 664 1382 καὶ
696 1339 920 1392 Φιλόξενος,
952 1338 1097 1395 ὁμοίως
1120 1344 1166 1396 τῇ
1190 1337 1355 1396 ἡμετέρᾳ
1386 1341 1593 1396 συνηθείᾳ,
1624 1338 1720 1381 ἆλλιὶ

196 1410 405 1460 θυμιᾶσαι,
436 1407 502 1447 καὶ
532 1405 590 1448 ’ὅτι
620 1402 776 1459 θυηλὰς
806 1404 875 1455 τὰς
905 1406 1171 1459 ἐπιθυομένας
1202 1401 1391 1459 ἀπαρχάς.
1452 1407 1570 1445 Haud
1592 1401 1721 1446 'dubie

197 1474 248 1512 ad
281 1473 509 1524 Cyclopis
541 1474 714 1524 aliquem
744 1474 875 1512 locum
905 1473 1090 1524 pertinet,
1122 1473 1199 1512 vid.
1232 1472 1385 1511 Philox.
1418 1473 1465 1511 fr.
1500 1474 1565 1511 10.
