1864 3126
0 3032 22 3045 ζ’
0 2455 34 3016 (qun-1„'v³·ss=·x3·ss-Wv”·⁷**
0 2433 10 2443 ·,
0 2414 2 2417 ⁴
0 2365 5 2367 ’
0 2343 3 2355 '⁴

820 121 1022 159 SAPPHO.
1630 121 1686 163 83

154 227 221 266 ubi
245 227 356 264 affert
379 227 422 264 fr.
449 231 512 273 83,
544 226 610 264 sed
640 226 885 263 adversantur
916 229 1063 264 tantum
1090 238 1164 264 non
1190 227 1333 272 omnia,
1366 238 1461 274 quae
1493 239 1538 263 ex
1564 228 1628 265 lib.
1655 228 1686 263 11

181 274 406 319 referuntur,
437 274 542 312 velut
571 273 615 311 fr.
642 278 698 310 24.
725 278 788 318 25,
820 286 1044 321 quamquam
1077 276 1137 311 hic
1169 276 1259 312 licet
1283 275 1573 322 discrepantiam
1599 288 1687 321 quo-

179 322 354 360 ammodo
375 333 607 377 componere,
626 322 670 358 fr.
691 326 738 359 60
758 321 847 368 (vid.
869 322 984 367 adn.),
1010 324 1052 360 fr.
1074 327 1131 366 67,
1157 323 1256 370 quod
1277 323 1547 360 elioriambicos
1572 325 1686 359 tetra-

152 372 292 407 metm·
323 370 487 407 ostendit
517 371 574 415 (ut
606 369 732 416 potius
763 369 860 406 libro
886 369 938 405 111
970 370 1206 407 inserendum
1232 371 1355 416 foret),
1387 370 1546 417 denique
1571 370 1614 406 fr.
1642 375 1688 406 80

152 417 354 502 Ssiquidem
380 429 425 454 ex
448 416 512 453 lib.
540 416 574 453 11
600 420 658 454 est
681 417 970 472 depromptum),
1004 419 1103 463 quod
1130 419 1332 455 secundum
1358 418 1687 464 grammaticorum

179 465 363 502 octrinam
390 476 435 501 ex
459 464 593 503 ionicis
619 476 643 501 a
667 475 808 501 maiore
833 466 1004 501 constare
1024 465 1180 501 videtur.
1210 487 1250 492 —
1280 466 1392 502 Liber
1412 465 1462 502 111
1489 466 1687 503 constabat

152 512 413 550 choriambicis
437 510 666 549 tetrametris
692 511 902 559 Sapphicis,
929 512 1002 548 vid.
1031 513 1233 558 Hephaest.
1254 526 1288 559 p.
1311 517 1376 549 6οε
1403 511 1444 550 τὸ
1474 512 1515 550 δὲ
1543 509 1687 550 ἀκατά-

150 562 288 606 ληπτον
313 557 522 606 Σαπφικόν
548 556 954 608 ἕκκαιδεκασύλλαβον,
981 554 1010 608 ᾧ
1036 558 1078 595 τὸ
1109 562 1263 606 τρίτον
1296 557 1384 598 ὅλον
1411 562 1602 607 Σαπφοῦς
1625 560 1687 607 γέ-

150 620 327 654 γραπται.

547 680 1293 715 Ξ-Δυυ-Λυυ-Δυυ-υὶέ

152 783 198 791 -
224 763 335 800 Liber
360 762 394 799 V
419 762 622 799 secundum
642 762 732 799 Atil.
752 763 944 799 Fortunat.
966 762 1001 797 II
1020 775 1053 810 p.
1076 767 1164 799 353:
1190 764 1431 809 (,‚Maecenas
1451 765 1571 800 atavis
1595 765 1689 800 edite

150 811 297 858 reqibus
322 810 594 857 Asclepiadeon
620 810 780 846 metrum
806 813 963 846 vocatur
989 838 997 846 .
1020 838 1027 846 .
1049 839 1056 847 .
1090 812 1177 847 ante
1209 811 1316 846 illum
1343 811 1401 847 usi
1426 811 1586 847 Alcaeus
1620 840 1626 846 .
1650 841 1658 849 .
1681 840 1689 848 .

152 860 192 895 et
217 857 368 905 Sappho
394 858 466 894 hoc
489 858 636 904 integro
662 869 731 893 usa
757 859 816 894 est
840 859 882 894 in
913 858 1007 894 libro
1032 859 1200 904 quintffl)
1233 859 1401 895 versibus
1434 859 1689 905 Asclepiadeis

155 906 370 949 constabat,
409 906 473 942 sed
508 916 582 942 non
614 905 836 941 confirmant
865 905 940 942 duo
977 917 1073 951 quae
1107 908 1307 952 supersunt
1337 907 1566 953 fragmenta,
1604 918 1689 942 nam

151 953 196 990 fr.
222 957 270 989 44
295 953 343 989 ad
370 953 591 999 Glyconeos,
616 952 660 989 fr.
687 956 732 989 89
759 953 807 988 ad
832 952 976 990 Ionicos
1002 965 1026 990 a
1050 953 1193 990 minore
1212 954 1361 990 videtur
1385 954 1583 1000 pertinere.
1617 954 1689 990 Sed

151 1000 239 1037 huic
264 1001 415 1046 quidem
440 1000 537 1039 libro
561 1000 703 1037 inserta
726 999 839 1037 fuisse
872 1000 988 1036 etiam
1020 1001 1117 1037 alius
1148 1002 1296 1047 generis
1328 1001 1494 1038 carmina
1525 1001 1689 1037 dilucide

150 1049 312 1085 testatur
336 1048 475 1084 Atilius
494 1049 688 1085 Fortunat.
710 1049 726 1084 I
746 1051 816 1084 315
842 1047 990 1093 (Caesio
1015 1049 1132 1085 Basso
1151 1050 1188 1086 h.
1209 1048 1380 1085 libellum
1400 1049 1591 1093 vindicare
1612 1051 1688 1084 stu-

109 1093 117 1101 ‘
151 1095 237 1133 duit
258 1095 374 1142 Keil),
399 1094 465 1131 ubi
490 1096 537 1131 de
562 1107 672 1132 versu
697 1095 1013 1142 hendecasyllabo
1040 1095 1120 1133 sive
1145 1097 1347 1133 Phalaecio
1374 1096 1542 1133 disseritz
1569 1096 1689 1142 „Nam

150 1142 214 1179 hic
238 1154 366 1180 versus
390 1143 491 1190 apud
519 1143 671 1190 Sappho
696 1143 870 1189 frequens
895 1145 970 1190 est,
1004 1145 1108 1180 cuius
1132 1144 1172 1180 in
1197 1145 1329 1190 quinto
1353 1144 1451 1180 libro
1477 1144 1689 1190 complures

149 1190 262 1227 huius
286 1191 433 1237 generis
457 1191 498 1227 et
521 1190 731 1228 continuati
756 1193 795 1227 et
819 1190 980 1237 dispersi
1004 1192 1217 1238 leguntur.“
1266 1192 1422 1228 Frustra
1446 1192 1532 1228 Keil
1555 1204 1591 1238 p.
1620 1195 1689 1227 295

149 1238 251 1275 hunc
275 1238 483 1276 dissensum
508 1238 709 1276 conciliare
740 1239 882 1283 studet,
915 1250 1083 1275 asserens
1113 1251 1187 1275 non
1220 1238 1358 1275 librum
1395 1241 1577 1286 integrum
1603 1239 1689 1281 dici,

151 1285 218 1322 sed
241 1297 403 1331 versum,
427 1286 452 1323 i.
478 1297 509 1323 e.
535 1286 640 1322 nullo
666 1285 896 1322 incremento
922 1288 1086 1323 auctum.
1133 1289 1182 1323 At
1202 1287 1233 1323 si
1259 1288 1320 1324 At.
1340 1287 1442 1323 For-t.
1462 1288 1479 1322 I
1498 1287 1689 1333 epiploces

149 1333 311 1370 artificio
328 1335 498 1370 utentem
511 1334 710 1380 sequimur,
728 1332 999 1379 Asclepiadeus
1020 1336 1079 1371 est
1096 1331 1308 1381 ηὐξημένος
1328 1334 1547 1380 Glyconeus.
1573 1334 1689 1370 Porro

149 1381 355 1418 secundum
386 1380 500 1418 Keilii
535 1381 885 1428 interpretationem
922 1380 983 1418 At.
1015 1383 1116 1418 Fort.
1148 1382 1182 1418 II
1220 1383 1424 1429 censendus
1456 1384 1554 1418 esset
1585 1381 1690 1418 abiu·

150 1427 275 1465 dicare
294 1427 435 1466 Alcaeo
454 1428 644 1483 integrum
662 1440 823 1474 versum,
848 1440 960 1474 quem
986 1429 1277 1484 soli-Sapphoni
1296 1429 1561 1484 vindicaverit:
1586 1429 1688 1483 quod

150 1476 1689 1571 ssssfflffissffiffif‘qz‘zffnzssffioaz‘mplssnff”2013‘522‘3210f3252313z31-b2‘elffl

151 1570 261 1607 metri
298 1571 534 1617 antispastici
571 1571 650 1616 (qui
686 1571 814 1617 potius
857 1571 1063 1617 asynarteti
1100 1571 1253 1622 iambici
1291 1574 1394 1617 sunt,
1432 1571 1506 1608 vid.
1540 1571 1583 1606 fr.
1617 1574 1688 1616 96).

151 1618 361 1663 Dissensus,
387 1618 453 1665 qui
471 1618 570 1655 inter
594 1619 663 1655 hos
681 1619 948 1664 grammaticos
973 1618 1184 1664 intercedit,
1210 1630 1294 1655 cum
1314 1631 1388 1655 non
1407 1619 1582 1656 ferendus
1608 1630 1689 1655 esse

149 1666 323 1702 videatur
361 1667 463 1711 (nam
499 1666 601 1702 haud
637 1665 751 1702 dubie
786 1668 943 1711 uterque
975 1666 1142 1703 eiusdem
1173 1667 1320 1703 metrici
1357 1666 1485 1713 graeci
1522 1667 1690 1712 sequitur

149 1713 438 1759 auctoritatem),
457 1714 568 1750 facile
587 1713 673 1750 tolli
692 1713 842 1760 poterit,
863 1715 893 1749 si
914 1714 1035 1760 priore
1054 1715 1139 1750 loco
1159 1715 1362 1751 correxeris
1380 1716 1423 1751 in
1442 1715 1537 1750 libro
1555 1717 1688 1760 quarto

151 1767 233 1807 (pro
262 1762 422 1807 ρώπων
454 1763 569 1807 atque
602 1761 695 1798 satis
727 1762 922 1797 commode
946 1761 1084 1798 librum
1116 1763 1177 1807 IV,
1211 1762 1242 1799 si
1273 1761 1491 1798 continebat
1523 1761 1690 1798 carmina

149 1808 320 1845 versibus
338 1808 598 1855 Asclepiadeis
618 1808 824 1845 minoribus
846 1809 1007 1854 condita,
1028 1811 1173 1846 veteres
1192 1809 1431 1856 grammatici
1450 1809 1687 1845 subiecerunt

148 1855 246 1893 libro
283 1855 347 1893 111.
395 1856 551 1893 Librum
588 1857 639 1901 V,
676 1867 786 1902 quem
829 1855 920 1892 Atil.
959 1858 1059 1894 Fort.
1098 1858 1114 1892 I
1153 1858 1325 1902 adhibet,
1370 1857 1537 1894 carmina
1574 1856 1687 1892 variis

149 1903 279 1940 metris
316 1903 462 1941 inclusa
491 1905 728 1950 complexum
766 1915 845 1940 esse
883 1907 1052 1950 apparet.
1063 1905 1099 1950 *)
1138 1926 1182 1931 --
1215 1905 1385 1950 Denique
1416 1905 1688 1950 Epithalamia,

150 1962 246 1996 quae
270 1949 386 1988 variis
410 1952 613 1988 admodum
637 1951 801 1988 numeris
826 1952 1061 1996 constabant,
1086 1952 1269 1998 peculiari
1294 1952 1391 1988 libro
1418 1952 1688 1998 comprehensa

149 1998 263 2035 fuisse
288 2001 421 2035 auctor
445 2001 504 2036 est
530 1999 680 2036 Servius
704 1998 809 2045 Virg.
836 1998 970 2046 Georg.
998 2001 1014 2035 I
1040 2004 1097 2045 31,
1123 2000 1210 2037 vide
1234 2000 1278 2036 fr.
1307 2004 1386 2036 105.
1413 2021 1454 2025 —
1492 2000 1568 2035 Has
1594 1999 1688 2034 diffl-

151 2045 312 2083 cultates
336 2045 393 2083 ita
417 2046 508 2083 licet
533 2047 688 2092 solvere,
713 2047 757 2082 ut
781 2048 990 2083 statuamus
1017 2048 1131 2083 etiam
1165 2048 1339 2094 Sapphus
1365 2047 1571 2083 carminum
1598 2046 1690 2081 duas

151 2093 384 2130 recensiones
409 2094 501 2130 olim
520 2094 726 2131 exstitisse:
753 2105 912 2139 quarum
931 2095 1053 2131 altera
1072 2095 1238 2131 carmina
1255 2095 1493 2141 potissimum
1513 2094 1561 2130 ad
1581 2105 1689 2139 argu-

150 2141 268 2177 menti
293 2141 600 2187 aequabilitatem
627 2141 812 2188 disposita
830 2142 1050 2188 exhibuerit,
1076 2142 1196 2179 altera
1215 2142 1345 2179 eadem
1365 2141 1532 2178 carmina
1560 2152 1688 2176 secun-

151 2188 241 2224 dum
266 2199 503 2225 numerorum
530 2200 669 2235 genera
698 2189 847 2235 digesta
872 2190 1207 2235 comprehenderit,
1239 2201 1315 2235 qua
1346 2189 1496 2235 quidem
1523 2188 1688 2224 editione

151 2235 298 2271 metrici
330 2236 476 2281 antiqui
507 2236 746 2283 potissimum
778 2236 835 2271 usi
868 2238 966 2272 sunt.
1022 2237 1072 2274 Et
1102 2238 1199 2273 hanc
1236 2237 1388 2282 quidem
1418 2235 1687 2281 Aristophanes

152 2282 301 2319 videtur
325 2283 577 2330 adornavisse,
602 2285 773 2328 alteram,
799 2295 912 2329 quam
937 2284 1175 2331 grammatici
1207 2284 1284 2320 fere
1316 2284 1575 2327 versaverunt,
1606 2281 1687 2317 Ari-

152 2330 340 2366 starchus:
372 2340 459 2365 nam
485 2331 553 2367 hos
578 2332 767 2377 principes
791 2330 1130 2368 Alexandrinorum
1155 2334 1325 2368 auctores
1352 2342 1432 2366 esse
1458 2330 1686 2366 diversarum

151 2377 407 2414 recensionum
442 2380 587 2414 certum
618 2381 693 2425 est,
727 2378 774 2416 cf.
801 2378 921 2424 Heph.
952 2384 1036 2423 1343
1068 2380 1133 2415 sed
1159 2380 1207 2415 ab
1234 2381 1315 2415 utro
1341 2379 1434 2414 haec
1459 2378 1519 2414 vel
1545 2377 1613 2413 illa
1639 2377 1689 2411 sit

152 2425 334 2471 profecta,
361 2425 504 2471 ambigi
528 2426 664 2472 potest.

246 2592 282 2638 *)
314 2592 370 2628 De
407 2603 515 2628 versu
552 2591 754 2628 Phalaecio
792 2592 921 2628 eadem
957 2593 1076 2629 tradit
1113 2592 1358 2628 Terentianus
1396 2591 1546 2626 Maurus
1577 2594 1682 2633 2546,

152 2639 330 2694 dictitans
362 2640 460 2676 hunc
493 2650 648 2695 versum·
666 2638 896 2694 Sapphicum
921 2640 1211 2686 nuncupandum
1239 2650 1325 2694 ‘esse
1357 2638 1563 2693 secundum
1593 2638 1687 2688 artis

151 2688 385 2780 ammi,
395 2686 1578 2780 '3¹2er“0252322‘Jataemfe‘fffksssffiffffizzffffdssf
1602 2686 1685 2768 ⁸1¹3?

155 2793 229 2827 que
252 2782 387 2818 mirum
412 2782 557 2818 nullum
583 2781 693 2817 huius
719 2792 846 2817 versus
877 2781 1088 2827 exemplum
1114 2780 1151 2815 in
1185 2780 1355 2826 Sapphus
1390 2779 1557 2825 reliquiis
1582 2790 1686 2825 repe-

155 2828 232 2874 riri,
264 2840 351 2865 nam
387 2828 430 2865 fr.
466 2834 547 2875 186,
584 2829 684 2875 quod
717 2828 805 2864 olim
839 2829 910 2864 huc
942 2828 1083 2871 rettuli,
1119 2827 1394 2863 iam'Alcaicae
1419 2827 1597 2872 strophae
1623 2827 1686 2863 ad-

156 2875 306 2922 scripsi3
331 2876 489 2912 fortasse
514 2877 557 2913 fr.
586 2881 665 2922 105,
693 2876 1009 2922 quemadmodum
1036 2874 1125 2911 olim
1151 2874 1292 2920 reflnxi,
1318 2875 1391 2911 huc
1415 2873 1589 2920 pertinet.

1350 2934 1399 2969 a·
