1864 3126
191 149 279 192 334
538 160 539 164 ¹
754 151 948 188 ΡοΕΤΑΕ
973 152 1152 190 MELICI.

264 257 526 314 φιλαμάτων
557 275 603 302 τε
633 261 805 303 κεδνῶν
1051 278 1076 297 ⁷-
1101 261 1312 314 ξείνοισιν
1338 261 1386 305 σὲ
1413 259 1453 305 δ’
1483 259 1692 319 ἄγχιμου-

262 328 421 373 πόθων
452 328 646 374 κύπελλα
677 334 819 389 κιρνᾶ.
1398 334 1491 376 σῶν

262 435 699 445 .......
1045 396 1213 455 δόλίοις
1237 401 1437 455 ἀπίστοις
1462 401 1686 456 ἁνδάνεις·

261 469 369 514 ὅταν
399 472 535 530 θέλῃς
568 473 631 528 δέ,
664 471 858 529 φεύγεις·
1045 474 1142 530 ἐμοὶ
1173 474 1223 519 δὲ
1253 478 1313 534 τῷ
1346 473 1597 533 λυροκτύπῃ

259 541 397 599 λύρης
429 543 470 586 δ’
505 545 611 600 ἐμῆς
641 542 804 587 ἀοιδάν
1042 543 1231 601 μούσαις
1262 545 1422 602 φρεσὶν
1454 543 1670 598 ἀποίκους

188 625 232 656 30
261 611 342 657 οὐκ
374 610 430 658 ἂν
462 618 631 671 λίποιμι
663 614 843 659 τυτθόν.
971 627 1015 658 35
1042 613 1260 672 ἄχανδέας
1291 614 1457 674 ὀρίνεις

1050 705 1075 724 κ
1099 692 1258 743 αἴγλαν
1289 703 1336 730 τε
1367 685 1651 744 λαμπρύνοις.
1680 704 1707 725 ⁷-

849 818 918 861 57.
952 818 1056 873 [52]
1195 813 1198 816 ’
1624 829 1716 862 1074

808 901 901 933 ΕΙΣ
924 901 1105 935 οῙΝοΝ.
1420 881 1432 894 ’

266 968 356 1013 Τὸν
387 969 712 1027 κελαινόχρωτα
744 968 911 1028 βότρυν
1043 969 1203 1029 ἐρατὸν
1233 973 1387 1022 πίθοις
1418 967 1610 1027 ὁρῶντες

260 1040 468 1098 ταλάροις
500 1040 718 1099 φέρουσιν
745 1039 906 1098 ἄνδρες
974 1054 1016 1085 10
1043 1041 1150 1086 νέον
1183 1040 1382 1095 ἐκζέοντα
1413 1039 1608 1098 Βάκχον·

260 1110 366 1167 μετὰ
393 1111 634 1170 παρθένων
661 1110 726 1156 ἐπ’
756 1110 910 1168 ὤμων·
1044 1110 1098 1156 ὃν
1130 1111 1237 1157 ὅταν
1268 1115 1346 1170 πίῃ
1376 1111 1568 1170 γεραιός,

258 1181 368 1226 κατὰ
399 1181 538 1239 ληνὸν
570 1182 619 1227 δὲ
650 1182 875 1240 βαλόντες,
1041 1192 1272 1242 τρομεροῖς
1302 1183 1435 1227 ποσὶν
1467 1181 1654 1240 χορεύει,

213 1265 233 1296 5
259 1252 403 1309 μόνον
435 1252 618 1311 ἄρσενες
648 1256 864 1297 πατοῦσιν
1041 1253 1198 1307 πολιὰς
1227 1258 1378 1312 τρίχας
1407 1253 1644 1298 τινάσσων.

257 1323 503 1380 σταφυλήν,
536 1323 720 1376 λύοντες
751 1322 893 1380 οἶνον,
1043 1323 1066 1368 ὁ
1100 1324 1149 1369 δὲ
1180 1324 1410 1382 παρθένον
1442 1323 1633 1382 λοχήσας

258 1394 369 1452 μέγα
393 1394 472 1439 τὸν
497 1394 611 1440 θεὸν
638 1397 903 1452 κροτοῦντες
972 1407 1015 1439 15
1041 1394 1194 1454 ἐρατὸς
1223 1395 1326 1448 νέος
1356 1430 1531 1440 .....

258 1468 552 1523 ἐπιληνίοισιν
588 1465 757 1523 ὕμνοις,
1042 1501 1302 1513 .......
1333 1468 1538 1518 ἐλυσθείς

188 1633 267 1668 cod.
304 1631 330 1651 ⁷·
341 1630 476 1678 λύρην,
502 1633 636 1668 deinde
662 1633 742 1668 cod.
769 1629 806 1667 δ’
833 1630 959 1668 ἄλυπα
985 1633 1139 1668 accentu
1165 1631 1300 1677 deleto,
1325 1632 1457 1668 vitium
1482 1631 1583 1667 haud
1602 1631 1714 1667 dubie

189 1680 393 1725 delitescit,
431 1679 573 1715 conieci
610 1676 647 1715 δ’
687 1677 869 1716 ἄποινα.
916 1700 960 1705 -
1003 1680 1043 1715 V.
1075 1684 1132 1715 27.
1170 1680 1281 1728 κιρνᾷ
1320 1679 1466 1725 scripsi,
1509 1678 1580 1714 nisi
1616 1678 1714 1714 dori—

189 1738 269 1762 cam
296 1728 453 1762 formam
478 1728 584 1775 κιρνῇ
617 1727 862 1773 praetuleris,
897 1728 977 1763 cod.
1003 1728 1140 1772 κρίνει,
1173 1738 1285 1772 supra
1308 1741 1343 1772 η.
1387 1725 1561 1762 Dacieria
1592 1727 1713 1772 κίρνῃ,

187 1775 281 1810 Rose
307 1776 427 1820 κίρνη.
478 1774 620 1810 Deinde
657 1786 807 1810 versum
838 1775 899 1811 vel
933 1774 1046 1810 etiam
1076 1775 1201 1820 plures
1231 1773 1462 1810 intercidisse
1493 1772 1713 1820 significavi.

190 1822 306 1857 Poeta
331 1821 430 1856 enim
455 1820 619 1857 πλούτου
650 1821 791 1858 mobile
823 1821 1016 1868 ingenium
1046 1820 1303 1867 reprehendit,
1336 1833 1441 1856 suam
1466 1820 1715 1856 constantiam

189 1868 329 1904 laudat.
358 1889 401 1894 —
429 1869 472 1903 V.
499 1872 544 1904 28
570 1869 650 1905 cod.
684 1865 778 1904 ὅταν
809 1870 900 1905 θελς
927 1868 968 1905 δὲ
996 1866 1151 1915 φεύγης.
1185 1890 1228 1894 -
1260 1869 1303 1905 V.
1331 1872 1483 1904 31—36
1515 1869 1608 1904 adeo
1641 1868 1715 1903 situ

190 1916 315 1951 obruti
341 1917 437 1959 sunt,
466 1917 509 1951 ut
532 1928 607 1952 11011
632 1917 744 1951 liceat
768 1917 953 1952 medelam
979 1915 1167 1960 adhibere,
1193 1927 1314 1961 neque
1333 1915 1538 1961 quidquam
1557 1914 1638 1961 opis
1657 1915 1714 1950 at-

188 1964 355 1999 tulerunt
382 1962 595 1999 criticorum
621 1963 797 2009 pericula.
819 1985 861 1989 —
889 1963 931 1998 V.
953 1967 997 1998 32
1026 1964 1105 1999 cod.
1132 1959 1275 1998 ἄνδάνς
1302 1963 1339 2007 (1.
1362 1974 1391 1999 e.
1418 1964 1462 1998 ut
1479 1963 1628 1998 videtur
1646 1959 1713 1997 ἄν·

187 2007 330 2056 δάνης).
359 2031 402 2036 -
437 2009 479 2045 V.
506 2015 562 2046 35.
590 2007 779 2055 ἄχανὸέας
804 2021 1030 2055 quamquam
1065 2010 1157 2046 alias
1183 2021 1257 2045 non
1288 2009 1443 2055 legitur,
1474 2010 1551 2044 alia
1576 2008 1715 2044 similia

187 2057 406 2103 composita,
433 2058 538 2093 velut
562 2054 759 2103 εὐχανδής,
787 2056 1037 2103 πολνχανδής,
1065 2054 1275 2105 βουχανδής
1299 2057 1461 2093 tuentur.
1487 2077 1534 2082 -—
1559 2054 1714 2102 ὄρίνεις,

189 2106 268 2141 cod.
296 2103 435 2151 ὀρινεις
459 2106 498 2141 et
522 2117 633 2151 supra
652 2118 698 2141 οι.
720 2125 763 2131 -
790 2105 892 2141 Inter
908 2117 942 2141 v.
964 2109 1009 2140 35
1031 2106 1069 2141 et
1087 2109 1132 2140 36
1158 2104 1319 2140 insertus
1346 2105 1401 2140 est
1421 2103 1516 2139 alius
1536 2105 1709 2149 αἴγλαντε

185 2166 429 2234 λαμπρῖὦῖαν
451 2202 497 2224 κε
524 2189 682 2233 apparet
704 2187 1097 2234 variam‘scripturam
1121 2199 1156 2223 v.
1183 2191 1228 2232 36
1255 2198 1352 2231 esse,
1385 2197 1480 2232 quae
1514 2198 1595 2221 cum
1621 2170 1713 2221 olim

187 2236 225 2283 ip
250 2235 417 2282 margine
434 2235 639 2281 ¹legeretur,
664 2236 795 2281 postea
819 2236 857 2271 in
877 2236 1045 2271 ordinem
1070 2235 1268 2270 verborum
1287 2235 1441 2280 recepta
1459 2234 1531 2278 est3
1556 2233 1713 2269 fortasse

187 2283 290 2328 ὠχαν
317 2294 390 2319 11011
416 2281 526 2318 huius
553 2285 610 2318 est
636 2295 770 2328 versus,
796 2284 860 2319 sed
887 2286 930 2319 35
958 2279 1152 2328 ἆχανδέας
1176 2283 1350 2319 varietas.

224 2344 244 2360 ρ

281 2383 336 2414 57.
387 2377 584 2423 Inscriptio
610 2378 648 2413 in
667 2390 714 2413 m.
735 2377 875 2413 addita.
898 2398 941 2403 —-
962 2377 1005 2414 V.
1024 2382 1054 2412 1.
1080 2373 1357 2422 κελαινόχρωτα
1376 2375 1518 2421 scripsi,
1545 2375 1624 2410 cod.
1645 2387 1706 2420 με·

185 2423 402 2470 λανόχρωτα
428 2425 539 2468 (infra
563 2427 702 2471 χροτα).
731 2446 772 2451 -
799 2425 843 2460 V.
870 2429 902 2460 2.
936 2423 1119 2470 φέρουσιν
1145 2423 1376 2469 Stephanus,
1407 2423 1487 2459 cod.
1521 2420 1711 2468 φέροντες.

186 2495 226 2498 --
257 2473 301 2508 V.
327 2477 360 2509 4.
387 2473 506 2508 Bothe
532 2473 762 2518 proscripsit.
790 2493 833 2498 -
867 2472 910 2509 V.
939 2476 970 2509 5.
997 2473 1110 2507 Pauw
1137 2471 1297 2506 coniecit
1322 2470 1513 2515 σταφυλῆς
1536 2471 1566 2503 λ.
1596 2465 1712 2514 οἶνον,

185 2521 304 2556 Bothe
337 2517 529 2565 σταφυλὴν
561 2523 590 2556 λ.
625 2521 747 2564 οἴνου,
778 2521 952 2555 neutrum
983 2519 1123 2555 tradita
1154 2517 1338 2564 scriptura
1367 2515 1627 2563 praestantius.
1666 2535 1710 2542 ——

186 2568 228 2603 V.
256 2573 277 2603 8
304 2568 383 2604 cod.
412 2565 652 2612 ἐπιληνὲοισι,
679 2579 769 2603 corr.
798 2567 1018 2612 Stephanus.
1046 2588 1089 2592 —
1121 2565 1164 2601 V.
1193 2569 1224 2601 9.
1253 2561 1386 2611 ἐρατὸν
1411 2563 1594 2609 displicet,
1626 2562 1707 2599 fort.

186 2612 324 2660 ῥυδὸν
347 2612 387 2650 ἐν
407 2617 547 2659 πίθοις,
576 2614 783 2650 Homericis
802 2614 901 2650 enim
920 2613 1044 2650 verbis
1062 2613 1171 2650 valde
1192 2612 1427 2648 delectantur
1445 2610 1711 2647 versificatores

186 2662 353 2698 dhnetris
378 2662 444 2697 usi.
478 2683 520 2687 ——
553 2661 596 2696 V.
626 2666 679 2698 10.
714 2659 890 2705 ε’κζέοντα
909 2662 1045 2705 Faber,
1072 2661 1151 2696 cod.
1179 2658 1363 2703 ἐσζέοντα.
1395 2678 1439 2684 -
1471 2657 1514 2693 V.
1545 2661 1597 2692 11.
1618 2658 1710 2711 πίῃ,

185 2710 265 2745 cod.
292 2712 380 2755 πίνη
414 2710 475 2744 vel
505 2711 613 2756 πίνῃ,
646 2710 883 2746 correctionis
917 2709 1121 2754 principem
1154 2709 1343 2743 auctorem
1375 2717 1449 2741 non
1481 2715 1637 2749 repperi.
1665 2725 1711 2730 —

186 2757 229 2792 V.
258 2761 300 2792 15
326 2757 534 2802 intercepta
559 2769 638 2792 esse
665 2757 855 2802 complura
879 2755 1115 2791 manifestum
1138 2756 1205 2799 est,
1232 2765 1314 2790 cum
1334 2752 1566 2789 enuntiatum
1586 2753 1712 2787 careat

186 2805 298 2839 verbo
329 2804 541 2850 principali,
573 2804 671 2849 quod
705 2804 970 2839 detrimentum
995 2814 1079 2839 cum
1104 2813 1177 2838 non
1202 2799 1552 2837 animadvertissent
1577 2798 1707 2843 critici,

183 2850 323 2886 temere
355 2863 388 2886 v.
418 2855 459 2886 19
490 2851 632 2886 tradita
662 2851 777 2887 verba
805 2850 1138 2896 interpolaverunt.
1186 2848 1340 2885 Videtur
1370 2847 1514 2883 iactura
1540 2847 1577 2881 in
1609 2846 1707 2882 hunc

183 2897 260 2933 fere
285 2898 437 2934 modum
462 2898 715 2935 resarcienda:
