1864 3126
203 141 260 183 56
732 119 734 122 ’
768 141 960 176 ΡΟΕΤΑΕ
986 140 1163 177 MELICI.

910 249 1018 293 ²357.

302 332 435 388 Μηδέ
464 328 509 387 μ’
545 328 702 386 ἄείδην
735 329 935 388 ἀπέρυκε.

842 450 1079 505 58.[123]

298 603 511 624 --ka--
535 604 746 627 ......

291 672 445 718 Ῥιπᾶν
479 671 583 729 ὅρος
615 671 786 717 ἀνθέον
818 672 924 733 ῧλᾲ,

299 743 477 796 Νυκτὸς
507 748 716 800 μελαίνας
751 746 950 802 στέρνον.

878 865 1053 919 59.[5]

299 1102 466 1157 Μοῦσα,
501 1099 613 1152 Διὸς
643 1099 862 1158 θύγατερ,

299 1171 524 1231 ὦρανίαφι
556 1170 641 1228 λίγ’
678 1170 895 1228 ἀείσομαι.

862 1280 929 1323 60.
962 1281 1067 1334 [10.]
1660 1293 1728 1324 852

298 1374 940 1397 ἐ-Δυυ-υυ-ψ-υ-ΚΑ

298 1434 653 1455 Δυ-υ-Ιυ-,-

300 1552 894 1574 -ᾲυ--ᾴΛᾴυ-υ--

210 1659 249 1694 in
269 1658 460 1694 Alcmanis
487 1657 685 1700 versiculo,
711 1658 805 1692 illud
831 1657 1000 1703 dubium,
1027 1656 1108 1693 εἷπε
1133 1660 1256 1693 utrum
1275 1658 1511 1703 grammatici
1531 1670 1579 1694 an
1598 1660 1733 1705 poetae

208 1705 276 1750 siss3
313 1705 416 1751 prius
443 1706 474 1740 si
500 1705 732 1750 probaveris,
768 1705 1000 1740 scribendum
1022 1703 1129 1763 μέγ’
1164 1702 1293 1741 ἀΰτει
1319 1707 1498 1763 φαίδιμος
1522 1707 1623 1746 Αἴας.
1667 1706 1733 1742 sed

207 1734 298 1797 put’o
329 1753 614 1810 grammaticum
648 1752 856 1809 scripsisse.
889 1753 953 1787 καὶ
984 1750 1077 1788 αὐτὸ
1113 1751 1159 1798 δὴ
1192 1753 1302 1788 τοῦτο
1334 1751 1451 1798 μέγας
1482 1753 1569 1797 (vid.
1596 1753 1731 1799 Eustff)

204 1799 375 1846 Ἀλκμᾶν’
404 1798 497 1835 Ehe
526 1798 666 1856 μέγας
692 1793 775 1835 δαῦ
803 1801 982 1860 φαίδιμος
1001 1801 1101 1840 Αἱ’.ας
1133 1800 1448 1857 quemadmodum
1468 1801 1526 1836 est
1545 1812 1603 1846 ap.
1623 1801 1729 1860 qu3

205 1848 245 1883 Il.
276 1851 315 1882 H
337 1851 382 1882 24
413 1848 515 1882 τίπτε
543 1845 588 1882 σὺ
615 1843 651 1882 δ’
681 1840 730 1882 αὖ
756 1852 939 1893 μεμαυῖα,
973 1845 1064 1888 Διὸς
1089 1845 1258 1893 θύγατερ
1284 1845 1481 1894 μεγάλοιο,
1511 1842 1630 1893 ἦλθες
1659 1845 1729 1884 ἄπ’

206 1891 309 1930 Οὖλύ
339 1907 436 1930 ποιο.

299 1908 357 1976 Febr.
385 1945 441 1977 57.
493 1942 614 1999 Etym.
642 1942 699 1978 Va.
723 1953 782 1999 ap.
810 1941 928 2000 Gaipf.
950 1942 1007 1978 Et.
1035 1941 1082 1976 M.
1137 1946 1258 1978 .327:
1297 1940 1338 1977 τὸ
1369 1939 1441 1988 γὰρ
1472 1939 1731 1978 λακωνικόν

209 1986 308 2025 ἐστιν
335 1982 480 2024 αείδειν
506 1985 529 2034 ἢ
556 1986 697 2025 ἄειᾞδεν
725 1987 774 2035 μὴ
801 1985 838 2024 δ’
869 1986 928 2034 ἔμ’
957 1955 1133 2025 ἀείδειν
1128 2002 1192 2025 απ.
1238 1989 1290 2025 Of
1317 1990 1476 2026 Phavor.
1502 2002 1537 2035 p.
1560 1993 1627 2025 115
1653 1989 1731 2036 (ubi

206 2033 251 2071 οὐ
277 2033 407 2072 ἀείδεν
439 2047 504 2082 plo
537 2033 588 2081 ἥ).
639 2038 796 2082 apparet
827 2023 960 2082 ἄείὸην
994 2037 1227 2073 scribendum
1260 2048 1358 2083 esse,
1393 2048 1461 2072 nec
1492 2037 1644 2072 dubium
1674 2039 1733 2073 est

206 2084 399 2119 Alcmanis
424 2095 502 2119 esse
529 2083 763 2119 versiculum.

301 2130 359 2166 Fr.
384 2134 440 2166 58.
486 2131 608 2166 Schol.
631 2131 748 2188 Soph.
776 2132 818 2166 O.
841 2130 878 2168 O.
901 2135 1009 2167 1248·
1037 2132 1219 2177 Νυχιᾶν
1244 2128 1333 2167 ἀπὸ
1355 2128 1526 2167 Ριπᾶν·
1554 2159 1561 2166 .
1602 2130 1732 2190 ,λέγει

207 2177 249 2214 δὲ
277 2175 374 2213 αὐτὰ
401 2175 555 2234 ἐννύχιοι
580 2176 643 2213 διὰ
671 2177 711 2214 τὸ
745 2176 849 2237 πρὸς
867 2180 910 2226 τῇ
945 2176 1051 2215 δύσει
1083 2181 1252 2215 κεῖσθαι·
1286 2177 1470 2238 μέμνηται
1495 2177 1538 2214 δὲ
1563 2179 1629 2214 καὶ
1649 2175 1732 2214 Ἀλ-

207 2224 327 2270 κμὰν
352 2223 470 2270 λέγων
497 2222 629 2266 οὕτως·
651 2223 804 2266 Ριπὰς
828 2223 932 2271 ὄρος
959 2225 1125 2262 ἔνθεον
1151 2222 1254 2262 υλαι
1279 2239 1311 2261 ν.
1333 2240 1367 2272 μ.
1389 2225 1590 2270 στέρνων
1615 2224 1731 2284 (στέρ-

207 2286 275 2308 νον
295 2272 471 2317 Triclin.).
511 2273 733 2309 Emendavit
757 2273 918 2310 Lobeck.
951 2272 1100 2309 conieci
1119 2271 1246 2315 Ρίπας
1270 2270 1375 2331 ὄρος,
1402 2271 1488 2309 ἔνθ’
1512 2271 1602 2309 ἔσαν
1623 2270 1732 2309 εὐναὶ

210 2318 360 2360 Νυκτὸς
375 2319 676 2378 μελανοστέρνω,
703 2322 936 2356 Schocmann
955 2318 1001 2357 P.
1029 2318 1116 2367 ὄρος
1142 2319 1280 2356 ἔνθεον
1306 2318 1403 2356 αὐλοὶ
1429 2333 1468 2356 τε
1494 2318 1645 2362 Νυκτὸς
1668 2333 1730 2367 με·

206 2369 338 2408 λαίνας
362 2364 545 2413 αστέρων,
572 2368 742 2414 Hartung
769 2367 867 2403 ἔνθα
890 2365 1086 2413 θεράπναι
1111 2366 1262 2409 Νυκτὸς
1287 2367 1583 2425 μελανοστέρνω.

303 2415 361 2450 Fr.
389 2418 444 2451 59.
497 2414 618 2450 Schol.
646 2416 751 2451 Hom.
778 2414 819 2452 Il.
845 2429 867 2450 ν
894 2418 980 2451 588:
1022 2416 1077 2463 Τῇ
1104 2428 1150 2461 φι
1174 2416 1379 2463 παραγωγῇ
1407 2412 1427 2451 ὁ
1453 2412 1610 2460 ποιητὴς
1633 2412 1730 2450 κατὰ

208 2463 318 2507 τριῶν
344 2460 552 2520 κέζρηται
553 2459 746 2519 πτώσεων,
780 2460 842 2498 ἐπὶ
865 2463 1039 2521 γενικῆς,
1073 2463 1240 2508 δοτικῆς,
1271 2452 1512 2518 αἰτιατικῆς.
1564 2458 1662 2498 ,ἐπὶ
1687 2461 1730 2498 δὲ

208 2509 382 2555 κλητικῆς
393 2507 586 2564 Αλκμᾴν
612 2506 632 2544 ὁ
660 2508 906 2554 μελοποιὸς
931 2506 1063 2551 οὕτως·
1091 2511 1231 2546 Μῶσα
1255 2513 1330 2546 κτλ.
1358 2508 1434 2545 ἔστι
1458 2507 1529 2555 γὰρ
1555 2507 1728 2553 οὐρανία.

210 2557 251 2592 V.
279 2561 299 2592 2
327 2557 403 2602 legl
393 2556 465 2592 tur
496 2556 610 2592 etiam
636 2555 757 2593 Schol
785 2552 826 2594 n.
855 2559 980 2606 β233
1031 2557 1141 2604 Resp.
1167 2557 1347 2615 Apollon.
1373 2557 1418 2592 de
1443 2557 1535 2592 Adv.
1563 2560 1643 2601 575,
1667 2561 1729 2592 29:

204 2601 307 2639 Ἔστι
333 2603 375 2640 δὲ
402 2605 467 2639 καὶ
491 2601 594 2649 παρὰ
610 2600 820 2661 Ἀλκμᾶνι
841 2605 906 2640 καὶ
924 2603 1018 2640 κατὰ
1039 2605 1214 2662 κλητικῆς
1237 2602 1279 2640 τὸ
1302 2602 1462 2662 ονρανία
1487 2599 1735 2664 ουρανίαφιν.

210 2652 328 2687 Cram.
356 2652 424 2686 An.
453 2651 519 2687 Ox.
547 2653 561 2686 Ι
586 2655 673 2696 293,
698 2656 761 2687 23:
797 2649 873 2687 ἀπὸ
905 2653 1095 2698 κλητικῆς,
1128 2650 1177 2693 ὡς
1202 2649 1242 2687 τὸ
1269 2648 1491 2709 οὖρανίαφι·
1507 2646 1735 2708 οὖρανίαφί

210 2695 245 2742 γ’
274 2695 459 2745 ἀείσομαι.
504 2699 563 2735 Et.
590 2697 638 2734 M.
666 2702 811 2743 800,10
832 2699 917 2745 (καὶ
943 2697 984 2736 ἐν
1010 2701 1160 2746 κλητικῇ
1188 2713 1215 2734 ω
1243 2696 1421 2755 οὐρανία,
1445 2694 1518 2744 λίγ’
1545 2699 1640 2734 αἶ’ων
1665 2699 1731 2734 καὶ

210 2742 443 2791 οὐρανίαφι).
499 2745 557 2782 Et.
590 2745 803 2791 Gud.411‚
837 2751 880 2782 16
919 2743 1153 2803 (Οὖρανίαφι
1191 2748 1286 2804 φίλη
1316 2759 1365 2804 γα
1423 2746 1594 2802 εἴσομαι).
1643 2745 1731 2781 Fuit

210 2792 365 2828 fortasse
391 2805 518 2828 versus
543 2794 695 2829 herous·
722 2794 859 2834 Μῶσα,
887 2791 978 2834 Διὸς
1001 2792 1188 2839 θύγατερ,
1213 2791 1286 2839 λίγ’
1307 2791 1484 2839 ἀείσομαι
1503 2789 1728 2838 ὥρανίαφιν.

210 2839 359 2875 Dronke
384 2840 501 2876 nimia
525 2839 684 2877 audacia.
703 2852 790 2877 usus
809 2838 1020 2887 οὖρανόφιν
1040 2841 1214 2885 coniecit,
1241 2841 1409 2886 Hartung
1429 2839 1577 2885 scripsit
1594 2841 1730 2884 Μῶσα,

210 2883 302 2927 Διὸς
325 2884 512 2933 θύγατερ,
538 2889 605 2924 τὶν.
