1864 3126
727 139 1078 179 BAccHYLIDEs.
1579 139 1669 184 585

636 254 1159 303 ΕΠΙΓΒΑΜΜΑΤΑ.

794 357 1006 411 48.[28J

232 437 393 496 Κούρα
424 437 688 492 Πάλλαντος
717 437 1004 495 πολυώνυμε,
1036 436 1198 483 πότνια
1231 440 1372 493 Νίκα,

288 509 509 569 πρόφρων
541 511 817 569 Κραναϊδῶν
850 507 1083 567 ἱμερόεντα
1114 507 1252 567 χορόν

230 581 329 627 αἰὲν
361 581 639 638 ἑποπτεύοις,
669 582 830 635 πολέας
862 579 904 626 δ’
940 581 989 626 ἐν
1020 578 1253 639 ἆθύρμασι
1286 581 1483 624 Μουσᾶν

290 657 418 715 Κηΐῳ
450 651 684 711 ἄμφιτίθει
716 655 971 711 Βακχυλίδῃ
1004 650 1265 709 στεφάνους.

791 774 860 818 49.
895 774 1002 828 [29.]
1579 782 1668 814 1241

230 854 442 914 Εὔδημος
472 853 552 901 τὸν
583 873 698 914 νηον
730 853 796 901 ἐπ’
832 854 976 914 ἀγροῦ
1007 852 1133 900 τόνδ’
1169 851 1392 912 ἀνέθηκεν

288 930 349 990 τῷ
382 926 563 973 πάντων
594 925 774 985 ἀνέμων
806 926 999 989 πιοτάτῳ
1033 925 1236 987 Ζεφύρῳ.

230 997 455 1060 εὐξαμένῳ
488 998 574 1057 γάρ
607 1001 656 1044 οἰ
682 993 796 1056 ἦλθε
828 997 1048 1056 βοαθόος,
1081 997 1203 1055 ὄφρα
1232 996 1416 1054 τάχιστα

288 1069 479 1130 λικμήσῃ
510 1071 720 1116 πεπόνων
751 1068 927 1128 καρπὸν
958 1068 1034 1114 ἀπ’
1070 1068 1318 1127 ἀσταχύων.

866 1285 936 1330 50.

253 1375 452 1414 Ammian.
476 1374 651 1414 Marcell.
669 1373 782 1421 XXV
802 1375 847 1414 4:
879 1373 1008 1428 „Item
1038 1374 1085 1412 ut
1115 1373 1190 1413 hoc
1220 1372 1474 1423 propositum
1498 1370 1669 1411 validius

133 1441 315 1480 firmaret
356 1434 601 1493 (Iulianus),
645 1439 849 1479 recolebat
894 1451 1012 1490 saepe
1054 1438 1206 1478 dictum
1246 1438 1363 1489 lyrici
1404 1436 1671 1488 Bacchylidis,

133 1519 252 1557 quem
271 1506 434 1557 legebat·
452 1505 622 1545 iucunde
642 1506 684 1544 id
703 1505 973 1555 adserentem,
999 1505 1101 1554 quod
1118 1507 1161 1543 ut
1179 1505 1352 1554 eyreqius
1369 1505 1498 1553 pictor
1521 1503 1671 1542 vultum

133 1573 347 1621 speciosum
378 1572 548 1621 effinyit,
579 1572 636 1611 ita
659 1572 855 1620 pudicitia
882 1571 1020 1610 celsius
1044 1572 1330 1619 comm-yemcm
1354 1570 1476 1609 vitam
1500 1570 1669 1608 exornat.

795 1685 864 1729 51.
898 1684 1001 1744 [44.]

252 1774 438 1825 Apollon.
471 1774 520 1814 de
551 1774 655 1814 Adv.
682 1772 810 1813 Bekk.
834 1772 912 1812 An.
939 1772 981 1811 II
1006 1773 1106 1822 596,
1135 1774 1206 1812 14:
1224 1765 1301 1812 Ὃν
1330 1767 1478 1824 τρόπον
1508 1768 1575 1810 καὶ
1605 1766 1665 1810 ἐπ’

133 1835 340 1891 ὀνομάτων
378 1837 643 1891 μεταπλασμοὶ
682 1838 877 1892 γίνονται,
913 1833 1097 1890 καθάπερ
1129 1869 1138 1878 .
1171 1870 1179 1878 .
1211 1868 1222 1879 .
1252 1833 1301 1878 τὸ
1338 1834 1670 1890 πυργοκέρατα

133 1900 240 1957 παρὰ
259 1904 497 1958 Βακχυλίδῃ.
542 1904 699 1944 Conieci
724 1899 910 1958 πύργον
934 1898 1220 1956 ὑψικέρατα,
1245 1903 1293 1944 cf.
1314 1902 1479 1942 Pindari
1499 1903 1547 1943 fr.
1571 1903 1668 1942 325.

797 2019 1006 2074 52.[45]

253 2107 439 2158 Apollon.
472 2107 521 2147 de
553 2106 664 2158 Synt.
700 2108 802 2147 186:
839 2101 1053 2146 Ἐντεῦθεν
1075 2098 1136 2146 Ἴ-τὸ
1174 2101 1474 2159 Ἀρίσταρχος
1515 2102 1582 2144 καὶ
1623 2119 1670 2143 τα

230 2238 290 2274 Fr.
309 2242 367 2275 48.
393 2237 506 2274 Anth.
527 2238 566 2274 P.
586 2237 638 2272 VI
658 2242 745 2274 313·
765 2236 1057 2284 ΑΒακχυλίδου.
1071 2238 1174 2274 —V.
1189 2242 1221 2274 2.
1243 2236 1473 2283 Κραναϊδῶν
1486 2235 1671 2280 Meineke,

137 2284 384 2333 προφρονέως
420 2284 609 2330 Κραναῶν
650 2250 926 2331 Schneidewin,
964 2286 1043 2322 cod.
1082 2286 1322 2330 Κρανναίων.
1378 2284 1510 2329 Neque
1544 2284 1671 2319 tamen

135 2329 325 2370 safiiefacit
365 2331 543 2369 Meinekii
585 2333 814 2377 coniectura,
865 2343 953 2369 nam
990 2333 1023 2369 si
1059 2333 1197 2368 atticus
1236 2334 1317 2368 erat
1354 2332 1505 2376 chorus,
1551 2330 1672 2366 tribus

135 2392 273 2417 nomen
316 2380 421 2416 velut
458 2380 704 2423 Κεκροπιδῶν
736 2391 799 2416 exe
801 2380 1003 2427 pectamue.
1053 2379 1134 2426 Ego
1168 2379 1257 2415 olim
1283 2378 1496 2435 Καρθαιων
1529 2378 1671 2424 scripsi,

137 2428 238 2474 quod
289 2427 440 2464 robavit
464 2427 626 2471 Becker,
658 2427 724 2473 qui
755 2429 950 2474 praeterea
987 2428 1100 2464 etiam
1126 2439 1160 2463 v.
1191 2432 1208 2462 1
1234 2423 1352 2473 κούρη
1379 2428 1419 2462 et
1444 2427 1564 2471 Νίκη,
1590 2437 1624 2462 v.
1650 2430 1672 2461 3

135 2479 325 2513 Μουσεων
351 2473 520 2519 requirit,
544 2454 718 2521 Har'tung
738 2472 779 2511 ἐν
799 2475 998 2520 Κραναῶν.
1014 2475 1117 2511 -V.
1140 2479 1172 2510 3.
1192 2475 1368 2519 Μουσᾶν,
1394 2473 1473 2510 cod.
1494 2473 1671 2509 Μοῦσαν.

137 2545 180 2551 -
207 2523 254 2561 V.
280 2528 313 2559 4.
339 2525 397 2568 Κη
402 2522 446 2570 tq,
475 2550 483 2557 .
581 2524 794 2570 Βακχυλίδῃ
819 2523 980 2566 Brunck,
1005 2522 1087 2559 cod
1112 2519 1255 2579 κηόρῳ
1267 2550 1273 2557 .
1303 2550 1310 2557 .
1339 2521 1614 2576 ,βακχυλίδηςκΙ

230 2571 372 2608 Fr.49.
411 2549 780 2606 Anth.1'³.V153·A'
799 2570 838 2606 et
856 2580 950 2606 corr.
972 2571 1206 2615 Βακχυλίδου
1232 2565 1417 2615 ἀνάθημα
1443 2568 1494 2624 τῷ
1521 2565 1671 2615 ζεφύρῳ

138 2614 267 2667 ἀνέμῳ
293 2615 397 2675 παρὰ
424 2614 593 2663 εὖδήμου
619 2617 799 2663 γεωργοῦ.
845 2617 889 2653 V.
912 2620 930 2652 1
958 2618 998 2653 et
1022 2622 1051 2672 2.
1053 2583 1180 2653 5‘affert
1205 2616 1339 2652 Suidas
1363 2628 1398 2652 v.
1424 2605 1612 2656 πιότατος.
1626 2634 1672 2642 -

137 2665 182 2702 V.
208 2669 243 2702 2.
268 2663 446 2723 πιοτάτῳ,
471 2665 598 2711 Unger
623 2666 662 2700 et
686 2663 944 2700 Schneidewin
969 2663 1063 2701 coni.
1089 2661 1318 2712 πιστοτάτῳ,
1345 2662 1551 2698 Schneider
1576 2662 1672 2699 Saxo

139 2710 405 2761 πρηῦτάτῳ,
437 2711 538 2758 quod
569 2711 702 2748 ceteris
734 2711 948 2748 criticorum
978 2711 1143 2747 inventis
1168 2692 1329 2747 multuim
1354 2711 1538 2756 praestat,
1573 2721 1672 2746 c0-m

137 2761 337 2797 mandatur
361 2761 462 2796 enim
488 2759 668 2796 sermonis
693 2758 951 2804 ambiguitate,
978 2768 1090 2815 quam
1115 2760 1229 2804 poeta
1252 2758 1402 2794 videtur
1459 2756 1672 2803 uaeaivisse,

137 2806 308 2844 Meineke
327 2805 519 2854 λειοτάτῳ,
545 2805 821 2842 Rauchenstein
846 2808 892 2841 λα
920 2803 1104 2863 προτάτῳ.
1126 2826 1169 2831 -
1169 2804 1234 2863 Ην
1251 2810 1285 2841 3.
1310 2803 1383 2851 γάρ
1409 2817 1455 2849 ο,
1481 2786 1672 2841 Hermami

141 2868 162 2891 ο
190 2853 242 2900 οἱ,
279 2854 451 2891 Meineke
489 2868 561 2901 γαρ
594 2851 754 2899 ἐπῆλθε,
792 2853 857 2890 sed
883 2819 1017 2889 dbeimle
1049 2866 1133 2899 γαρ
1156 2847 1232 2910 ον’
1265 2846 1380 2898 ἦλθε,
1417 2851 1518 2908 quod
1541 2863 1672 2889 verum

143 2902 308 2949 videtur,
334 2901 507 2939 Schmidt
530 2912 725 2949 perperam
751 2898 824 2948 γὰρ
850 2901 941 2947 ἴηλε.
969 2922 1010 2927 -
1039 2897 1226 2947 βοαθόος,
1251 2900 1307 2937 Pl.
1333 2896 1512 2948 βοηθόος.
