1864 3126
187 159 272 203 154
509 183 511 187 v
753 161 942 198 ΡΟΕΤΑΕ
967 162 1036 197 ΜΕ
1042 161 1143 198 LICI.

278 283 364 325 παρ
404 267 452 312 δὲ
491 271 752 312 Χαλκίδικαι
793 267 985 325 σπάθαι,
1029 285 1117 327 παρ
1159 268 1209 314 δὲ
1247 269 1418 327 ζώματα
1455 269 1597 315 πόλλα
1633 272 1706 316 καὶ

1035 331 1311 393 κυπάττιὸες·

276 411 365 453 τῶν
393 407 474 453 οὐκ
501 412 591 454 ἔστι
623 408 832 466 λάθεσθ’,
867 409 1016 468 ἐπειδὴ
1042 409 1253 468 πρώτιστ’
1283 410 1370 456 ὐπὸ
1396 413 1559 470 ,Ρέργον
1585 415 1706 457 ἔστα-

1033 500 1115 540 μεν
1145 481 1259 528 τόδε.
1337 472 1339 475 .

824 589 846 614 ’¹‘
864 591 929 633 16.
962 591 1068 644 [46]

278 704 449 714 .....
483 670 698 727 Βλήχρων
729 670 906 729 ἀνέμων
939 671 1194 730 ἀχείμαντοι
1226 671 1373 717 πνόαι.

820 779 843 805 ²³⁶
861 780 926 823 17.
960 780 1066 833 [52]
1636 793 1705 825 936

276 893 450 904 .....
482 863 620 912 Γαίας
651 860 723 904 καὶ
755 860 990 918 νιφόεντος
1022 859 1184 919 ὦροίνω
1216 862 1353 919 μέσοι.

807 971 815 976 ·
852 970 917 1013 18.
952 970 1025 1024 [2.]

271 1047 529 1107 Ἀσυνέτημι
560 1053 651 1095 τῶν
682 1049 860 1107 ἀνέμων
892 1050 1065 1095 στάσιν·

275 1119 323 1165 τὸ
355 1121 437 1178 μὲν
468 1121 555 1179 γὰρ
589 1125 723 1166 ἔνθεν
755 1124 873 1180 κῦμα
904 1124 1177 1178 κυλίνδεται,

180 1251 334 1296 Ahrens,
361 1250 485 1287 κόιλαι
510 1252 663 1297 Seidler,
691 1253 802 1310 vulgo
828 1255 962 1288 κοῖλαι.
991 1273 1034 1279 -
1069 1248 1154 1287 κατ’
1182 1249 1340 1294 ἅσπιὸες
1365 1253 1703 1310 Schweighaeuser,

179 1300 407 1339 κατασπίδες
432 1299 536 1335 PVL.
564 1321 607 1325 —-
635 1298 862 1348 βεβλημέναι
884 1300 991 1345 ΑΒΡ,
1019 1299 1247 1357 βεβλημένον
1268 1300 1342 1335 VL.
1371 1321 1414 1326 —-
1441 1300 1483 1335 V.
1507 1305 1537 1337 6.
1565 1298 1703 1336 κυπάτ-

179 1348 280 1386 τιδες
305 1345 500 1382 Blomfield
526 1347 600 1391 alii,
626 1348 860 1383 κυππατίὸεσ
885 1348 992 1391 PVL,
1017 1314 1245 1388 κυπάσσιδες
1268 1347 1424 1383 Ahrens.
1447 1368 1490 1374 —
1516 1347 1561 1383 V
1583 1353 1614 1384 7.
1640 1346 1703 1383 λά-

179 1389 298 1429 θεσθ’
320 1394 411 1438 Iani,
431 1393 625 1430 λαθέσθαι
643 1394 748 1430 PVL.
776 1416 818 1420 -
845 1392 1020 1439 πρώτιστ’
1043 1394 1312 1439 Schneidewin,
1331 1393 1516 1440 πρώτισθ’
1537 1395 1581 1439 A,
1606 1394 1703 1440 πρώ-
1748 1420 1751 1423 «

182 1453 285 1476 τιστα
310 1441 416 1477 PVL.
454 1462 498 1467 -
536 1440 678 1487 ,Ρέργον
705 1442 918 1486 Blomfield,
949 1443 1145 1499 legebatur
1171 1441 1291 1500 ἔργον.
1341 1443 1539 1479 Praeterea
1563 1443 1706 1480 Ahrens

180 1501 213 1525 v.
243 1493 260 1523 1
288 1492 418 1535 παισα,
446 1501 480 1524 v.
508 1493 528 1524 2
555 1490 808 1535 καθίπερθεν,
834 1502 868 1525 v.
896 1470 918 1525 6
944 1488 1130 1548 ζώμματα,
1158 1502 1190 1526 v.
1219 1494 1239 1525 7
1264 1487 1343 1525 ὐπά
1370 1490 1530 1546 scripsit.

273 1537 329 1572 Fr.
359 1540 414 1571 16.
461 1536 582 1571 Schol.
609 1536 651 1572 11.
677 1539 708 1572 θ
735 1541 818 1573 178.
843 1534 972 1578 ’Ἀλλως
998 1536 1039 1573 δὲ
1065 1534 1138 1596 ἤδη
1165 1533 1257 1572 αὐτὸ
1284 1535 1325 1572 τὸ
1355 1535 1548 1595 βληχρὰς
1573 1539 1703 1595 σημαί-

182 1596 239 1619 νει
265 1580 315 1624 ὡς
335 1581 397 1619 ἐπὶ
418 1581 458 1619 τὸ
481 1587 653 1619 πλεῖστον
679 1585 817 1629 μᾶλλον
843 1581 884 1620 τὸ
910 1581 1085 1625 ἀσθενές.
1120 1583 1319 1625 Ἀλκαῖος
1344 1583 1403 1620 θ’.
1430 1585 1640 1630 Βληχρῶν
1665 1582 1702 1621 ἆ.

179 1627 214 1666 οἳ.
249 1632 389 1666 πνοιαί.
440 1630 543 1666 Idem
574 1631 714 1676 legitur
745 1643 803 1677 ap.
837 1631 1005 1668 Eustath.
1034 1636 1113 1678 705,
1140 1636 1184 1667 62
1217 1634 1255 1667 et
1286 1632 1403 1668 Cram.
1430 1633 1498 1669 An.
1525 1632 1591 1668 Ox.
1616 1633 1633 1668 I
1657 1636 1703 1668 95

180 1679 272 1724 (sine
298 1691 331 1725 p.
359 1679 536 1734 nomine),
561 1678 626 1714 ubi
651 1680 776 1715 πνοαί.
827 1679 938 1725 Resp.
965 1679 1023 1714 Ε17.
1049 1680 1097 1715 M.
1125 1683 1205 1724 200,
1234 1683 1287 1716 13.
1326 1680 1454 1715 Zonar.
1482 1683 1561 1715 393
1601 1679 1701 1715 Suid.

178 1738 212 1761 v.
235 1723 412 1772 Βληχρόν,
454 1726 612 1762 Videtur
637 1728 765 1762 autem
789 1727 859 1762 hoc
878 1727 920 1763 fr.
943 1726 1039 1762 sicui]
1065 1738 1220 1773 sequens
1246 1738 1290 1762 ex
1314 1727 1516 1773 allegorico
1542 1727 1705 1763 carmine

206 1773 350 1809 etitum.

178 1785 202 1819 p
274 1821 332 1856 Fr.
362 1824 416 1856 17.
455 1821 639 1879 Apollon.
654 1821 700 1856 de
726 1821 818 1856 Adv.
846 1821 884 1856 in
909 1820 1026 1856 Bekk.
1054 1823 1122 1857 An.
1149 1821 1184 1855 II
1210 1824 1290 1866 613,
1310 1823 1372 1856 36:
1402 1822 1502 1868 Τῇδε
1527 1819 1599 1867 γὰρ
1626 1819 1704 1867 ἔχει

178 1867 243 1903 καὶ
268 1865 309 1903 τὸ
336 1865 522 1924 ἐπίρρημα
547 1866 639 1913 παρ’
661 1867 831 1903 Αἰολεῦσι
856 1866 898 1904 τὸ
925 1867 1071 1914 μέσοι·
1102 1870 1220 1909 Γαίας
1238 1871 1312 1905 κτλ.
1352 1867 1404 1905 Cf.
1424 1868 1523 1904 idem
1543 1872 1624 1912 588,
1639 1872 1703 1904 27:

182 1912 234 1950 T6
262 1928 333 1960 γαρ
360 1928 462 1971 παρα
496 1920 592 1956 τοῖς
622 1915 727 1960 περὶ
758 1913 835 1950 τὸν
857 1912 1055 1951 ’Λλκαῖον
1086 1914 1244 1973 μέσσοι
1277 1916 1390 1961 δῆλον
1420 1912 1478 1951 ὅτι
1509 1915 1605 1951 κατὰ
1631 1930 1650 1951 τ
1662 1914 1700 1951 “ν

179 1961 280 1997 ἰδίαν
308 1959 504 1998 διαλεκτον
530 1958 605 1997 ανόι
630 1961 742 2008 λόγον
769 1964 978 2019 βαρυνθειή
1004 1959 1070 1998 α’ν·
1108 1976 1152 1998 ου
1183 1977 1254 2020 γαρ
1282 1960 1380 1998 ἐστιν
1413 1960 1558 2022 ε’λλίπὲς
1583 1964 1626 2021 τῇ
1653 1976 1703 2000 εν

179 2007 373 2066 προθέσει,
399 2008 693 2067 συστελλομένου
710 2010 776 2045 τοῦ
799 2015 826 2044 ὦ
849 2008 901 2050 εἰς
919 2007 960 2044 τὸ
981 2015 1015 2054 ὅ,
1041 2023 1090 2050 ως
1108 2023 1207 2050 τινες
1226 2007 1453 2055 ὑπενόησαν,
1476 2008 1526 2045 ἐν
1546 2010 1702 2071 μέσσῳ,

179 2053 262 2092 ἀλλ’
291 2070 335 2092 ον
360 2054 500 2113 τρόπον
526 2055 630 2114 παρὰ
657 2055 698 2092 τὸ
726 2055 828 2098 οἶκος
852 2056 892 2092 τὸ
917 2059 1036 2092 οἴκοι
1063 2054 1223 2113 ἐγένετο,
1250 2061 1439 2114 σημαῖνον
1458 2055 1500 2092 τὸ
1527 2055 1569 2093 ἐν
1598 2058 1702 2106 οἴκῳ,

179 2101 281 2149 παρά
315 2117 353 2140 τε
387 2102 428 2139 τὸ
462 2102 583 2140 Πυθὼ
617 2102 660 2140 τὸ
693 2107 863 2149 Πυθοῖ,
900 2104 965 2139 καὶ
1002 2102 1104 2148 παρὰ
1135 2101 1177 2139 τὸ
1210 2102 1371 2149 Μέγαρα
1403 2101 1444 2139 τὸ
1476 2086 1703 2163 Μεγαροιὲ

179 2156 362 2197 σημαῖνον
392 2149 433 2187 τὸ
467 2149 508 2188 ἐν
540 2150 751 2198 Μεγαροις,
788 2150 854 2188 τὸν
892 2148 1010 2187 αὐτὸν
1041 2150 1180 2208 τρόπον
1212 2151 1276 2187 καὶ
1307 2148 1431 2208 παροὶ
1442 2148 1484 2187 τὸ
1515 2150 1628 2197 μέσος
1658 2151 1699 2188 τὸ

179 2198 339 2244 μέσσοι
371 2196 540 2255 ἐγένετο,
573 2204 755 2245 σημαῖνον
787 2197 828 2235 τὸ
863 2195 904 2234 ἐν
937 2197 1046 2246 μέσῳ.
1085 2195 1177 2244 ὅπερ
1211 2197 1308 2245 ἔφην
1341 2196 1435 2234 κατὰ
1463 2196 1503 2234 τὸ
1529 2197 1702 2235 Αἰολικὸν

181 2246 272 2288 ε’θος
297 2244 543 2291 βαρύνεσθαι.

274 2294 332 2329 Fr.
362 2298 416 2330 18.
467 2294 652 2330 Heraclid.
680 2294 802 2340 Alleg.
827 2294 978 2330 Homer.
1005 2305 1035 2330 c.
1063 2297 1083 2329 5
1110 2293 1166 2329 ed.
1193 2293 1352 2329 Mehler·
1389 2291 1450 2328 Ἑν
1483 2291 1627 2350 ἱκανοῖς
1658 2292 1699 2330 δὲ

182 2341 246 2377 καὶ
270 2339 348 2377 τὸν
368 2344 706 2398 Μιτυληναιον
715 2338 963 2387 μελοποιὸν
990 2338 1198 2397 εὑρήσομεν
1217 2338 1507 2398 αλληγοροῦντα.
1533 2338 1611 2382 τὰς
1629 2339 1701 2398 γὰρ

178 2387 459 2447 τυραννικὰς
483 2386 649 2435 ταραχὰς
674 2387 798 2432 ἐξίσου
824 2390 996 2435 χειμερίῳ
1015 2386 1255 2447 προσεικάζει
1278 2386 1534 2434 καταστήματι
1557 2386 1700 2424 θαλάσ-

181 2448 263 2482 σης,
298 2433 528 2482 ασυνέτην
555 2437 631 2472 καὶ
656 2437 734 2482 (ΑΒ
761 2434 823 2482 νὴ)
850 2436 934 2472 τῶν
960 2435 1141 2482 ἀνέμων
1173 2447 1332 2471 στασιν
1358 2435 1460 2492 (olim
1485 2435 1583 2470 male
1608 2436 1701 2471 haec

180 2485 294 2519 verba
318 2484 365 2519 ad
388 2483 599 2519 Heraclidis
626 2484 830 2520 orationem
856 2484 1139 2541 referebantur)·
1165 2480 1212 2518 τὸ
1239 2481 1321 2540 μὲν
1345 2496 1462 2539 γαρ.
1525 2509 1532 2517 .
1559 2479 1699 2527 ἄγκυ-

180 2544 265 2586 ραι.
314 2532 380 2571 Τίς
405 2527 474 2566 οὐκ
500 2527 549 2566 ὂὶν
576 2528 695 2572 εὐθυς
720 2529 763 2567 ἐκ
787 2532 851 2577 τῆς
875 2528 1149 2578 προτρεχούσης
1173 2530 1260 2587 περὶ
1283 2527 1349 2566 τὸν
1367 2527 1506 2565 πόντον
1532 2528 1702 2571 εἰκασίας

182 2574 333 2623 ανδρῶν
359 2577 633 2635 πλωϊζομένων
645 2576 851 2615 θαλάττιον
884 2577 984 2614 εἶναι
1003 2580 1176 2635 νομίσειε
1210 2575 1350 2626 φόβον;
1381 2573 1462 2613 ἄλλ’
1490 2575 1557 2622 οὐχ
1583 2573 1701 2617 οὕτως

181 2638 269 2670 εχει.
320 2627 553 2670 Μυρσίλος
584 2623 667 2671 γὰρ
701 2623 720 2662 ὁ
753 2623 1038 2684 δηλουμενός
1070 2623 1166 2662 ἐστι
1195 2624 1272 2660 καὶ
1302 2623 1550 2669 τυραννικὴ
1585 2622 1699 2660 κατὰ

180 2674 510 2718 Μιτυληναίων
545 2670 820 2730 ἔγειρομένη
855 2685 1076 2714 συστασις.
1115 2671 1160 2708 cf.
1187 2673 1383 2717 Matranga
1407 2673 1474 2706 An.
1500 2675 1581 2707 299.
1631 2671 1700 2708 Co·

181 2720 354 2755 condrius
379 2719 464 2765 περὶ
490 2717 639 2765 τρόπων
664 2720 703 2755 in
722 2720 887 2775 Boissuon.
908 2722 977 2756 An.
997 2721 1048 2756 III
1068 2723 1137 2755 294
1148 2719 1219 2775 (cf.
1240 2717 1347 2754 Walz
1365 2718 1474 2753 Rhot.
1494 2718 1579 2753 VIII
1601 2721 1699 2773 787).

180 2769 265 2812 Παρ
268 2780 292 2802 α
321 2763 518 2814 Ἀλκαίῳ-
551 2769 753 2813 Συνίημι
783 2768 868 2803 τῶν
900 2764 1079 2810 ἀνέμων
1111 2764 1190 2824 τὴν
1216 2764 1392 2801 στάσιν·
1424 2763 1471 2800 τὸ
1504 2778 1584 2810 μεν
1617 2764 1699 2811 γὰρ

181 2817 255 2848 κτλ.
278 2835 321 2839 -
349 2814 391 2850 V.
415 2819 447 2852 1.
472 2804 625 2850 Rebinui
650 2815 749 2860 quod
768 2815 911 2850 Ahrens
936 2815 1095 2851 coniecit
1113 2810 1327 2870 ἀσυνέτημι,
1352 2812 1436 2848 coll.
1458 2811 1699 2848 Choerobosc.

180 2860 218 2894 in
244 2861 377 2896 Psalm.
403 2866 465 2898 26:
494 2858 585 2906 παρ’
613 2861 784 2898 Αἰολεῦσι
810 2860 852 2897 δε
879 2860 994 2898 πολλὰ
1021 2859 1273 2907 εὑρίσκονται,
1299 2857 1519 2905 ἄσυνέτημι,
1547 2857 1699 2895 ἐλευθέ-

184 2920 296 2953 ρωμι,
323 2907 463 2954 δέὸωμι
490 2909 588 2955 (fort.
616 2910 826 2956 δοκίμωμι),
851 2910 890 2945 et
913 2909 1095 2946 Theodos.
1115 2909 1154 2944 in
1174 2906 1576 2943 Bekk.An.1111045·
1602 2905 1700 2948 τινὲς
