1864 3126
204 174 288 215 136
529 185 531 189 ·
767 168 956 206 ΡΟΕΤΑΕ
983 168 1160 204 MELICI.

201 281 364 338 γουσα),
394 277 491 335 ἦρος
522 279 608 333 ἄρτι
638 278 680 322 τὸ
711 283 867 333 πρῶτον
898 274 1189 332 ἐκλάμψαντος,
1220 275 1365 318 ἄνθεσί
1391 273 1427 316 τ’
1461 273 1632 330 ἠρινοῖσι
1661 275 1725 317 καὶ

202 350 339 388 κισσοῦ
381 344 593 399 κορύμβοις
643 342 831 393 Μούσαις
877 341 1032 396 κάτοχοι
1074 342 1231 395 ποιηταὶ
1274 341 1500 394 στέψαντες,
1538 343 1614 381 νῦν
1656 339 1728 393 μὲν

203 410 264 453 ἐπ’
310 410 431 465 ἄκρας
473 407 656 464 κορυφὰς
692 407 936 460 Καυκάσου,
975 407 1041 448 καὶ
1083 408 1241 457 Λυδίας
1279 406 1422 460 τέμπη,
1465 409 1541 447 νῦν
1578 404 1620 446 δὲ
1665 405 1728 446 ἐπὶ

205 479 421 529 Παρνασοῦ
453 475 667 523 σκοπέλους
697 474 762 515 καὶ
793 475 971 526 Δελφίδα
1001 472 1144 526 πέτραν
1174 471 1334 527 ἄγουσι,
1374 468 1562 524 πηδῶντά
1582 486 1630 520 ,τε
1661 467 1728 512 αὐ-

204 539 274 583 τὸν
304 541 370 582 καὶ
399 545 482 590 ταῖς
513 538 685 593 Βάκχαις
716 537 922 580 ἐνδιδόντα
952 533 1021 579 τὸν
1052 535 1161 579 εὔϊον
1192 541 1267 578 κτλ.

928 655 1022 698 148.

324 744 509 782 Eustath.
542 741 684 792 opusc.
718 743 814 792 345,
848 743 921 780 54:
961 740 1101 779 Φιλία
1138 756 1193 787 τις
1225 736 1376 791 δηλαδὴ
1415 736 1729 790 πολυρέμβαστος

192 808 271 848 ’καὶ
302 804 449 847 καλὸν
480 807 665 856 δοκοῦσα,
698 806 799 845 εἴποι
829 801 881 844 ἂν
911 801 935 857 ἡ
967 801 1140 855 Σαπφώ,
1181 801 1413 869 δημόσιον
1444 799 1730 858 (δαμόσιον)“

208 874 315 925 quod
345 873 505 913 videtur
535 872 681 911 dixisse
711 871 753 909 in
784 870 1003 920 Rhodopin‚
1035 870 1113 910 vid.
1144 871 1191 908 fr.
1228 871 1322 910 138.

841 985 935 1027 149.
971 986 1105 1039 [103]

328 1074 453 1113 Bekk.
484 1073 558 1112 An.
591 1072 610 1110 Ι
643 1074 747 1122 370,
781 1072 857 1109 14;
884 1067 1103 1122 ’Ἁκακος,
1141 1066 1161 1111 ὁ
1199 1072 1324 1111 κακοῦ
1356 1066 1407 1122 μὴ
1440 1066 1733 1121 πεπειραμένος,

209 1135 281 1191 οὐχ
311 1134 332 1178 ὃ
363 1134 621 1190 χρηστοήθης.
653 1133 753 1176 οὕτω
786 1133 955 1187 Σαπφώ.

844 1240 1107 1293 150.[112]

331 1328 464 1378 Etym.
497 1328 548 1366 M.
584 1328 726 1376 77,1;
760 1319 1002 1377 Ἁμαμαξύς,
1038 1321 1063 1377 ἡ
1102 1321 1348 1378 ἆναδενδράς
1379 1355 1388 1364 .
1409 1356 1418 1365 .
1438 1355 1448 1365 .
1479 1321 1637 1376 Σαπφώ
1669 1322 1736 1364 διὰ

213 1395 282 1433 τοῦ
310 1402 344 1435 Δ
370 1387 674 1443 ἆμαμάξυδες
704 1388 814 1442 λέγει.
864 1390 1056 1430 Choerob.
1081 1391 1101 1429 I
1128 1392 1212 1431 357
1240 1387 1384 1444 (Bekk.
1411 1391 1486 1430 An.
1512 1392 1575 1429 III
1603 1385 1736 1443 1317)

213 1454 255 1498 τὸ
287 1472 361 1511 γαρ
392 1452 498 1507 παρὰ
529 1458 699 1505 Σαπφοῖ
720 1451 1030 1506 ἆμαμαξύδος
1060 1451 1285 1508 παράλογόν
1316 1454 1428 1495 ἐστιν.
1481 1457 1528 1495 of.
1561 1455 1668 1494 Suid.
1699 1469 1735 1495 v.

210 1519 424 1575 Ἀμάμυξις
455 1524 496 1562 eb
522 1516 828 1572 Ἀναδενδράδα.

847 1623 1111 1677 151.[118]

335 1713 468 1762 Ehym.
498 1711 550 1750 M.
586 1713 658 1762 77,
693 1712 764 1749 13:
799 1705 989 1761 Ἀμάρα·
1022 1740 1061 1750 ..
1082 1741 1090 1750 .
1122 1706 1228 1761 παρὰ
1265 1706 1306 1749 τὸ
1344 1712 1389 1763 τῇ
1427 1706 1507 1763 ἅμῃ
1545 1710 1739 1762 αἴρεσθαι,

216 1774 242 1816 ἅ
252 1792 310 1828 μη
343 1775 387 1816 δέ
418 1775 519 1816 ἐστιν
551 1775 750 1829 ἐργαλεῖον
782 1769 1045 1832 οἰκοδομικόν.
1108 1789 1184 1826 quo
1223 1776 1345 1815 verbo
1384 1775 1543 1826 Sappho
1580 1776 1740 1815 videtur

215 1855 292 1881 usa
323 1855 422 1892 esse,
454 1842 530 1882 vid.
564 1841 697 1881 Orion.
730 1843 767 1891 3,
803 1842 874 1878 12:
912 1835 1043 1891 ἆμάρα
1074 1835 1128 1893 (v.
1149 1835 1341 1894 Ὅμηρος)
1372 1836 1478 1892 παρὰ
1509 1836 1550 1880 τὸ
1582 1843 1626 1894 τῇ
1657 1837 1739 1896 ἅμῃ

219 1903 351 1960 (ἄνευ)
385 1907 567 1959 αἴρεσθαι
597 1905 662 1946 καὶ
693 1902 938 1958 ὀρύττεσθαι·
970 1902 1093 1954 οὕτως
1124 1904 1167 1945 ε’ν
1198 1901 1447 1958 ὑπομνήματι
1470 1908 1680 1957 Σαπφοῦς.

849 2020 1112 2073 152,[114]

337 2108 520 2158 Apollon.
554 2108 602 2147 de
633 2109 721 2148 adv.
752 2108 876 2147 Bekk.
901 2106 976 2144 An.
1006 2106 1048 2144 II
1074 2107 1172 2158 596,
1207 2109 1278 2146 14:
1298 2102 1373 2146 Ὃν
1402 2103 1548 2159 τρόπον
1578 2105 1644 2146 καὶ
1675 2103 1737 2146 ἐπ’

219 2169 424 2224 ὀνομάτων
455 2171 717 2225 μεταπλασμοὶ
747 2172 941 2226 γίνονται,
979 2168 1160 2223 καθάπερ
1191 2167 1233 2212 τὸ
1265 2168 1542 2225 ἐρυσάρματες,
1562 2162 1614 2212 ’τὸ
1645 2175 1742 2222 λῖτα,

219 2234 326 2289 παρά
357 2240 529 2288 Σαπφοῖ
552 2234 594 2278 τὸ
627 2231 719 2277 αὖα
753 2233 844 2290 (scr.
877 2232 998 2290 oc1'50c).
1061 2237 1119 2276 Of.
1151 2238 1284 2288 Etym.
1315 2238 1366 2276 M.
1402 2240 1504 2286 174,
1538 2239 1611 2277 38:
1643 2237 1742 2288 εἴρη-

219 2317 281 2342 ται
311 2298 417 2354 παρὰ
447 2298 519 2354 τὴν
551 2300 654 2343 αῧαν
686 2303 881 2350 Αἰολικῶς
911 2297 984 2353 τὴν
1018 2296 1183 2353 ἡμέραν
1220 2298 1293 2354 τὴν
1323 2298 1397 2356 γὰρ
1427 2298 1487 2354 ἠὼ
1519 2303 1561 2342 οἱ
1587 2302 1742 2350 Αἰολεῖς

221 2360 322 2407 αὖον
365 2367 466 2418 φασί
501 2362 589 2420 (ubi
620 2368 656 2405 V
689 2370 729 2406 et
767 2366 867 2406 Gud.
899 2363 1029 2415 αὔαν,·
1057 2367 1091 2404 D
1122 2359 1243 2419 αῧαν)
1282 2370 1323 2406 eh
1361 2367 1527 2407 Gudian.
1562 2368 1634 2418 95,
1675 2370 1750 2407 21.-

221 2430 383 2472 Lobeok
414 2432 543 2472 Paral.
579 2434 660 2471 179
695 2427 821 2471 αὐόαν
852 2432 1028 2472 coniecit.

852 2546 948 2590 153.
981 2547 1115 2599 [109.]

342 2634 474 2684 Etym.
506 2633 558 2672 M.
594 2633 689 2681 174,
722 2633 795 2671 42:
827 2627 948 2679 Αῧως
977 2627 1002 2683 ἡ
1033 2627 1135 2683 ἠώς,
1172 2630 1366 2671 τουτέστιν
1401 2627 1427 2684 ἡ
1463 2627 1603 2684 ἡμέρα·
1641 2629 1742 2672 οὕτω

223 2697 368 2752 λέγεται
399 2693 505 2750 παρὰ
535 2701 614 2746 τοῖς
644 2697 846 2737 Αἰολεῦσι·
878 2693 1055 2747 Σαπφώ·
1086 2692 1256 2736 πότνια
1285 2693 1420 2744 αὕως.

943 2812 1037 2855 154.

344 2899 490 2939 Athen.
527 2900 584 2937 IV
625 2900 706 2938 182
727 2899 776 2937 F:
823 2894 903 2938 Τὸν
945 2894 1019 2951 γὰρ
1067 2893 1291 2949 βάρωμον
1332 2895 1397 2936 καὶ
1443 2893 1645 2950 σάρβιτον,
1689 2889 1745 2937 ὧν

1757 2822 1826 2854 922
