1864 3126
228 166 285 207 92
559 197 561 201 Λ
791 167 984 203 ΡΟΕΤΑΕ
1011 167 1186 204 MELICI.

300 273 658 329 συμμεμιγμένον
690 277 892 317 θαλίαισι
924 274 1083 332 νέκταρ

513 346 787 400 οἰνοχοεῦσα.

914 465 952 507 6.
986 465 1063 518 [6.]

286 542 350 587 Ἤ
377 556 426 588 σε
458 543 641 602 Κύπρος
672 544 745 588 καὶ
777 544 939 602 Πάφος
970 542 997 602 ἢ
1031 546 1281 603 Πάνορμος.

866 690 901 730 7.
934 691 1002 732 *8.
1037 690 1112 742 [7.]

299 768 385 811 Σοὶ
418 766 458 812 δ’
495 771 579 824 ἔγω
612 767 769 821 λεύκας
802 770 870 813 ἐπὶ
901 772 1056 826 βῶμον
1087 768 1225 826 αἷγος.

832 846 855 870 *
975 869 998 894 ,κ
1118 845 1141 869 *

297 908 539 963 κάπιλείψω
571 929 651 955 τοι.

953 1033 1026 1074 *9.

297 1110 406 1155 Αἵθ’
442 1115 542 1168 ἔγω,
575 1112 898 1169 χρυσοστε’φαν’
931 1112 1192 1170 Ἀφρόδιτα,

295 1182 427 1227 τόνδε
458 1182 538 1227 τὸν
570 1183 713 1227 πάλον
745 1183 925 1240 λαχόην.
1679 1198 1747 1246 883

222 1349 348 1404 xgulgo,
387 1349 616 1394 χρυσείαισιν
652 1348 761 1403 Ιίὒϊίζ
790 1370 831 1374 -
874 1346 997 1403 ὕβριος
1033 1349 1179 1394 scripsi,
1219 1348 1331 1403 vulgo
1365 1346 1512 1394 ἅβροις,
1551 1349 1747 1406 Blomfield

223 1397 454 1478 ssfflffl‘ssusus
467 1396 571 1478 ‘Quia
591 1395 815 1478 οέἔὲἔίζέεέζ
839 1408 983 1479 ῗῖῗέᾈῖὲ
1004 1395 1747 1489 3253}ssbassas?e22132⁹⁰s²35351⁰3

222 1490 265 1525 fr.
297 1495 325 1533 1,
355 1494 395 1524 11
423 1491 628 1535 δινεῦντες,
654 1494 686 1533 2,
707 1495 727 1525 3
757 1487 956 1535 φωνεύσας
982 1492 1222 1536 (quamquam
1246 1489 1300 1524 ibi
1323 1489 1436 1525 lectio
1462 1490 1551 1526 saffis
1578 1490 1748 1536 incerta),

223 1538 380 1572 Alcaeus
405 1537 447 1573 fr.
477 1540 531 1580 18,
558 1541 578 1572 5
605 1538 847 1582 μοχθεῦντες,
874 1542 930 1580 37,
957 1542 978 1572 3
1005 1535 1264 1580 ἐπαινεῦντες,
1291 1537 1335 1573 fr.
1363 1541 1429 1572 102
1456 1538 1748 1583 μαρτυρεῦντας,

224 1584 381 1630 denique
409 1585 558 1631 Sappho
583 1585 627 1619 fr.
655 1588 711 1628 54,
737 1589 758 1619 2
785 1581 978 1630 ὠρχεῦντ’.
1028 1583 1209 1620 ὃὶωἰὶἰῦθι·
1231 1584 1272 1619 in
1296 1584 1416 1620 titulis
1441 1585 1499 1620 est
1523 1583 1748 1630 εἰρωτῶντες

226 1633 265 1667 eb
289 1632 412 1667 soluta
436 1631 557 1667 forma
581 1628 734 1679 ἄρκέην,
761 1632 1074 1676 quemadmodum
1100 1632 1214 1667 eniam
1245 1631 1409 1666 Balbilla
1434 1629 1555 1667 ἐλάων
1581 1632 1746 1678 scripsit:

223 1679 323 1724 apud
348 1678 588 1714 Theocritum
612 1679 720 1724 plura
746 1680 874 1715 extant
899 1680 1078 1725 exempla.
1128 1678 1302 1724 Inprimis
1326 1680 1451 1714 autem
1476 1679 1515 1714 in
1539 1679 1748 1725 participiis

222 1726 369 1762 videt-,ur
394 1738 480 1761 usus
510 1726 727 1770 fluerat-aisse,
758 1726 1071 1770 quemadmodum
1103 1726 1217 1761 etiam
1249 1726 1346 1771 apud
1379 1726 1583 1762 Hesiodum
1607 1725 1746 1772 Theog.

220 1785 254 1807 v.
281 1777 350 1809 880
376 1775 434 1808 esf,
458 1773 686 1818 πιμπλεῦσαι
712 1773 896 1816 (nonnulli
920 1775 1047 1809 tamen
1071 1772 1157 1808 libri
1182 1775 1400 1818 πιμπλεῖσαι
1419 1773 1622 1818 exhibent),
1646 1773 1747 1819 apud

222 1820 380 1855 eundem
407 1820 474 1865 Op.
502 1824 570 1855 510
596 1820 708 1869 πιλνᾷ
734 1820 882 1865 legitur,
909 1831 1134 1866 quamquam
1159 1820 1213 1855 ibi
1237 1820 1395 1855 fortasse
1421 1821 1558 1855 rectius
1584 1821 1748 1856 πίλναι

222 1867 421 1912 scripseris,
446 1878 533 1902 nam
558 1868 658 1902 hunc
683 1869 833 1913 poetam
858 1867 1096 1903 Aeolensium
1116 1878 1218 1902 more
1244 1867 1358 1902 etiam
1379 1867 1567 1902 breviores
1586 1868 1655 1903 has
1673 1868 1746 1904 for-

220 1925 299 1949 mas
324 1914 538 1950 adhibuisse
563 1915 673 1950 docet
699 1914 765 1959 Op.
792 1918 860 1950 526
886 1912 932 1950 οὐ
958 1912 1029 1960 γάρ
1056 1913 1095 1950 οἷ
1116 1911 1240 1960 ἠέλιος
1270 1915 1401 1949 δείκνυ
1434 1911 1552 1959 νόμον
1578 1911 1746 1960 ὁρμηθῆ-

220 1974 296 2004 ναι,
322 1962 393 1996 hoc
420 1963 477 1996 est
502 1962 681 2006 δείκνυσι,
707 1962 807 2007 quod
826 1962 925 2007 fugit
943 1962 1173 2007 interpretes.
1201 1983 1244 1987 -—
1271 1961 1316 1996 V.
1337 1965 1370 1998 3.
1395 1962 1577 2006 θαλίαισι,
1602 1962 1746 1998 Ahrens

220 2007 409 2044 θαλέεσσι.

317 2056 375 2091 Fr.
404 2060 434 2091 6.
487 2056 620 2091 Strabo
646 2056 662 2090 Ι
688 2060 750 2092 40:
775 2056 853 2091 Καὶ
877 2053 1070 2101 Σαπφώ·
1091 2053 1140 2091 ’Ἠ
1162 2067 1207 2091 σε
1234 2058 1309 2091 κτλ.
1339 2076 1382 2081 -
1404 2055 1468 2090 καὶ
1493 2052 1631 2100 Πάφος
1656 2056 1745 2092 scri-

222 2103 289 2147 psi,
316 2102 513 2148 legebatur
537 2099 560 2148 ἢ
587 2100 734 2147 Πάφος.
784 2104 1092 2139 Emendationem
1118 2102 1314 2139 stabiliunt
1338 2102 1538 2138 Homerica
1562 2104 1744 2149 exempla,

221 2161 315 2195 quae
342 2149 549 2196 composuit
574 2151 819 2196 geographus.
847 2171 892 2176 —-
918 2147 940 2196 ἢ
968 2149 1184 2195 Πάνορμος,
1217 2149 1456 2185 Casaubonus
1487 2147 1510 2195 ὴ
1541 2147 1744 2196 πάνορμος,

221 2197 382 2232 debebam
401 2194 426 2232 ἆ
446 2197 617 2241 scribere,
642 2209 762 2242 neque
782 2210 912 2244 expers
938 2197 1082 2243 poelzria
1101 2197 1306 2233 Sicularum
1333 2208 1466 2233 rerum.
1488 2218 1531 2222 —
1551 2196 1621 2232 Esss
1644 2197 1745 2233 haud
1807 2209 1811 2212 ’

221 2244 332 2279 dubie
358 2256 403 2279 ex
427 2245 564 2290 hymno
589 2244 628 2279 in
653 2244 849 2290 Venerem,
875 2245 920 2280 cf.
941 2245 1144 2280 Menander
1169 2244 1215 2279 de
1241 2244 1391 2279 Encom.
1417 2244 1517 2280 Rhet
1539 2243 1590 2279 IX
1617 2248 1695 2280 136.

316 2292 373 2327 Fr.
396 2296 414 2327 7
436 2293 474 2327 et
493 2296 524 2328 8.
576 2292 698 2337 Apoll.
726 2292 771 2327 de
797 2304 901 2338 pron.
923 2296 991 2327 364
1006 2292 1050 2328 C:
1077 2289 1206 2328 ΣΟΙ’.
1247 2288 1422 2332 Ἀττικῶς.
1439 2288 1576 2336 Ἴωνες,
1602 2290 1745 2333 Αἰολεῖς

221 2335 374 2383 ὁμοίως·
407 2338 493 2374 Σοὶ
525 2336 562 2374 δ’
597 2352 682 2384 εγω
713 2338 881 2380 λεύκας
912 2336 1144 2385 ἐπιὸωμον
1175 2336 1318 2384 πῖγος.
1368 2336 1554 2383 Σαπφώ.
1604 2338 1670 2374 καὶ
1700 2337 1742 2375 τὸ

221 2382 317 2420 κατὰ
343 2383 532 2422 ἀπόλυτον
558 2383 631 2421 διὰ·
654 2389 690 2422 ἱ·
724 2383 995 2429 Κᾶπιλείψω
1027 2399 1106 2423 τοι.
1155 2385 1344 2422 Posterius
1369 2386 1440 2421 hoc
1464 2397 1507 2421 ex
1533 2385 1676 2429 eodem,
1700 2388 1744 2421 ut

220 2432 379 2477 videtur,
404 2434 567 2468 carmine
586 2434 746 2479 petitum
766 2435 834 2470 θεὴ.
861 2455 900 2460 —-
932 2433 1016 2479 ἔγω,
1043 2433 1188 2469 Bekker
1208 2431 1315 2478 ἔνων.
1343 2453 1386 2458 -
1413 2429 1475 2468 ἐπὶ
1495 2432 1620 2480 βῶμον
1646 2431 1741 2468 Bek-

219 2479 297 2525 ker,
323 2480 395 2515 nisi
418 2481 515 2515 forte
539 2481 612 2516 fuit
637 2479 704 2517 ἐπί
725 2478 758 2516 τ’
786 2477 898 2527 ὦμον.
941 2483 1012 2517 Pro
1040 2478 1231 2526 ἕπιδωμον
1256 2480 1359 2516 Neue
1385 2479 1478 2515 coni.
1498 2476 1741 2525 περιδώσομ’,

219 2527 364 2562 Ahrens
390 2524 452 2563 ἐπὶ
478 2528 600 2572 δᾶμον
625 2528 662 2573 (i.
689 2539 719 2563 e.
747 2525 883 2574 δημὸν)
909 2526 1015 2574 αἷγος
1039 2529 1169 2573 (πίονα
1187 2523 1330 2570 παύσω)
1356 2547 1399 2552 -——
1425 2524 1542 2571 αἷγος,
1568 2525 1743 2562 Welcket

220 2574 380 2609 coniecit
403 2572 514 2619 Αἷγος
545 2575 818 2619 (Schneidewin
843 2574 958 2620 Αἰγᾶς
989 2575 1050 2611 vel
1080 2574 1216 2610 rectius
1240 2575 1366 2619 Αἴγας)
1398 2573 1535 2609 collato
1561 2572 1742 2610 Slzrabone

220 2620 306 2656 XIII
333 2625 412 2665 615,
439 2621 522 2657 vide
547 2621 590 2657 fr.
620 2626 698 2658 131.
749 2622 906 2658 Videtur
940 2623 1090 2668 Sappho
1122 2621 1329 2657 describere
1360 2619 1581 2656 sacrificinm
1607 2621 1741 2656 Veneri

220 2668 399 2712 oblatum,
424 2680 600 2714 quorsum
625 2669 709 2704 fort.
735 2669 1085 2715 respicihPhilosbn
1111 2670 1226 2726 Imag.
1253 2668 1288 2702 II
1314 2672 1345 2704 1.
1530 2673 1534 2677 “

313 2715 371 2750 Fr.
399 2719 429 2751 9.
472 2715 645 2761 Apollon.
666 2717 712 2752 de
732 2715 833 2761 Synt.
859 2720 946 2753 247:
974 2715 1059 2752 Εἰσὶ
1083 2717 1149 2761 τῆς
1168 2716 1280 2761 ευχῆς
1299 2711 1532 2760 ἐπιρρήματα
1552 2726 1740 2759 παραστα-

219 2758 322 2796 nno}-
350 2758 452 2797 Ai‘a’
482 2759 566 2808 ἐγώ
592 2761 794 2808 γενόμαν
819 2762 1004 2810 (γενάμαν
1030 2763 1079 2807 Μ,
1111 2763 1289 2808 γενοίμην
1314 2762 1355 2803 Β,
1381 2773 1451 2797 om.
1481 2760 1534 2805 C).
1578 2759 1741 2806 χρυσὸς

220 2806 318 2843 αἴθ’
346 2806 453 2852 (εἴθ’
480 2809 530 2853 M,
556 2807 643 2845 αἴθ’
672 2808 789 2851 οὕτως
814 2810 868 2856 C),
894 2808 1138 2856 ἀφροδίτα,
1169 2823 1198 2845 τ.
1226 2822 1256 2844 τ.
1282 2821 1318 2844 π.
1343 2809 1499 2854 λαχοίην
1523 2809 1669 2854 (λαχοίη
1694 2807 1739 2854 Β)

219 2858 259 2889 at
284 2857 382 2891 recte
408 2857 439 2890 A
464 2855 752 2902 χρυσοστέφαν’.
787 2878 835 2884 -
861 2858 903 2894 V.
931 2863 962 2894 2.
988 2854 1129 2903 λαχόην
1155 2855 1313 2898 correxi,
1345 2855 1390 2892 cf.
1416 2855 1473 2891 Et.
1500 2855 1549 2890 M.
1575 2859 1656 2900 558,
1682 2858 1738 2892 28.

201 2901 339 2937 Uram.
365 2903 433 2937 An.
462 2903 528 2940 Ox.
555 2904 605 2939 IV
633 2909 713 2951 204,
739 2908 771 2940 5.
816 2905 1059 2941 Choorobosc.
1084 2903 1205 2950 Epim.
1232 2903 1265 2938 II
1292 2906 1370 2938 772.
