1864 3126
246 131 333 173 692
563 132 565 137 “
699 130 1002 167 FRAGMENTA
1027 130 1291 168 ADESPOTA.

971 239 1038 281 12.
1672 253 1762 286 1325

400 318 489 363 Τὸν
521 318 725 377 φρουρὸν
757 328 974 378 φρουρεῖν
1005 318 1103 378 χρή,
1135 319 1215 363 τὸν
1248 321 1416 378 ἐρῶντα
1448 318 1490 364 δ’
1525 323 1644 379 ἐρᾶν.

972 439 1037 481 13.

389 519 538 578 Ἡμεῖς
570 519 611 564 δ’
647 524 708 574 εἰς
729 519 888 577 ’Ἐλλης
919 519 1086 564 πόντον
1118 519 1401 578 ἀπεπλέομεν.

969 641 1034 683 14.

393 725 568 780 Κοῦραι
596 720 765 779 ἐλαφρὰ
798 724 952 766 ποδῶν
984 720 1088 779 ἴχνι’
1124 720 1391 779 ἀειράμεναι.

969 843 1034 885 15.

434 960 442 967 .
472 923 640 981 Ὀλίγης
671 923 761 968 ἐστὶ
794 926 1091 976 διδασκαλίας.

843 1132 897 1176 ΙΙ.
936 1131 1153 1176 ΙΑΜΒΟΙ.

965 1233 1029 1274 16.

329 1311 487 1370 Ξάνθῃ
520 1314 684 1371 παλαιῇ
712 1314 823 1393 ἵρῆι·
852 1317 1085 1357 πολλοῖσιν
1117 1318 1236 1372 φίλῃ.

935 1434 985 1476 17
1007 1434 1059 1476 A.

327 1514 441 1572 Περὶ
475 1513 651 1572 σφυρὸν
681 1524 839 1573 παχεῖα
870 1514 1030 1572 μισητὴ
1061 1515 1189 1572 γυνή.

326 1670 383 1705 Fr.
413 1673 467 1705 12.
524 1670 661 1704 Macar.
692 1669 801 1705 prov.
834 1669 920 1704 vm
946 1673 1009 1714 40,
1046 1669 1112 1705 ubi
1150 1669 1289 1715 legitur
1319 1667 1386 1715 χρὴ
1420 1655 1620 1716 φρουρεῑν,
1658 1681 1754 1716 qnae

234 1717 458 1762 transposui.
503 1717 640 1752 Versus
666 1716 833 1752 novicius
859 1716 1017 1754 videtur.

325 1787 386 1822 Fr.
416 1792 470 1822 13.
521 1787 612 1823 Mar.
642 1787 780 1823 Victor.
809 1799 843 1832 p.
871 1791 953 1822 154·
982 1788 1086 1832 „Hoc
1111 1799 1258 1836 quoquc
1283 1788 1487 1842 notandum⁰
1519 1788 1556 1823 in
1589 1788 1755 1824 enuntia-

230 1835 332 1870 tione
352 1835 578 1892 pentametri
598 1834 766 1892 elegiaci,
792 1846 877 1870 nam
898 1835 1116 1902 plerumq‘ue
1137 1847 1262 1871 aurem
1282 1835 1393 1879 fallit,
1417 1835 1487 1870 ut
1477 1848 1514 1870 1n
1534 1835 1600 1871 illo
1620 1847 1754 1881 graeco

233 1894 341 1918 versu
370 1879 497 1928 Ημεῖς
531 1880 569 1916 δ’
603 1881 657 1922 εἰς
683 1878 956 1927 Ελλήσποντον
988 1879 1064 1917 aa!
1134 1882 1205 1917 Sed
1238 1883 1308 1918 hoc
1340 1882 1488 1918 divisim
1521 1883 1754 1918 scribendum

236 1940 317 1965 esse
349 1929 430 1975 ipse
463 1941 618 1975 gramm.
652 1929 771 1964 docet.
822 1930 921 1966 Fort.
952 1930 1024 1965 hoc
1055 1930 1151 1965 sicut
1182 1930 1224 1965 fr.
1259 1935 1314 1965 14.
1365 1930 1580 1966 Callimachi
1610 1932 1682 1976 θείη
1708 1931 1755 1966 de

230 1978 388 2022 utroque
414 1977 599 2012 consentit
625 1976 666 2012 Ο.
694 1976 905 2012 Schneider.

321 2048 380 2084 Fr.
409 2052 462 2083 14.
513 2047 662 2105 Dionys.
697 2047 817 2084 Halic.
851 2047 896 2082 de
923 2059 1042 2093 comp.
1076 2048 1177 2084 verb.
1203 2059 1234 2084 c.
1261 2052 1324 2093 25,
1358 2048 1421 2083 ubi
1446 2049 1492 2084 de
1509 2050 1752 2094 pentametro

227 2094 392 2131 disserit·
425 2091 557 2152 ὅμοιον
588 2091 752 2135 τούτοις·
787 2095 950 2141 κοῦραι
982 2097 1055 2131 κτλ.
1106 2095 1171 2130 ubi
1202 2095 1292 2141 Reg.
1323 2099 1338 2130 1
1377 2096 1416 2131 et
1455 2094 1556 2130 Colb.
1591 2093 1750 2142 ἐλαφρο-

227 2141 368 2178 πόὸων.
398 2163 440 2168 -
467 2140 557 2188 ἴχνι’
584 2142 784 2185 Hermann,
810 2143 924 2188 vulgo
951 2139 1046 2188 ἴχνε’
1052 2172 1060 2179 .

323 2213 381 2248 Fr.
412 2217 465 2249 15
518 2213 714 2250 Herodian
741 2216 828 2259 post
851 2214 965 2248 Moer.
993 2226 1028 2270 p
1056 2217 1124 2249 475
1151 2213 1206 2249 ed.
1233 2213 1366 2249 Piers.·
1393 2209 1518 2259 ὀλίγης
1544 2211 1620 2250 ἐστὶ
1645 2215 1750 2250 διδα-

233 2262 404 2301 σκαλίας·
437 2257 523 2295 ἀντὶ
548 2261 633 2296 τοῦ.
641 2257 777 2306 ολίγων
803 2262 925 2296 δεῖται
950 2258 1043 2305 πρὸς
1067 2258 1246 2306 μάθησιν.
1290 2260 1345 2295 Ex
1369 2260 1494 2296 Attico
1518 2263 1631 2306 poeta
1654 2262 1749 2307 peti·

227 2310 307 2343 tum
333 2308 497 2352 videtur,
522 2308 607 2344 fort.
637 2307 764 2344 Critia.

322 2379 379 2414 Fr.
409 2383 463 2414 16.
515 2378 635 2415 Rufin.
661 2379 707 2414 de
733 2382 838 2415 metr.
866 2391 958 2414 com.
980 2392 1014 2426 p
1038 2382 1106 2414 385
1131 2379 1202 2414 hoc
1227 2378 1343 2413 iambi
1363 2379 1574 2424 exemplum
1595 2391 1639 2416 ex
1657 2379 1751 2416 Iuba

227 2425 352 2462 affert:
387 2426 525 2474 Ξανθῇ
559 2440 596 2462 π.
629 2440 662 2471 γ.
694 2427 870 2474 πολλῇσιν
905 2427 972 2471 (ita
1004 2426 1117 2462 etiam
1147 2421 1234 2462 libri
1265 2425 1533 2471 ap.Kei1ium)
1559 2440 1617 2471 φ.,
1655 2436 1749 2472 quae

226 2474 383 2518 correxi,
417 2486 503 2510 nam
543 2471 682 2518 Ξανθη
713 2485 849 2509 nomen
879 2474 1070 2519 proprium
1101 2473 1202 2508 illius
1227 2473 1403 2509 mulieris.
1454 2437 1680 2510 Archilochi
1690 2473 1750 2510 vel

224 2522 468 2557 Anacreontis
493 2521 641 2557 videtur
663 2533 802 2557 vel-‚sus

323 2593 512 2630 Fr.17A.
565 2592 1332 2649 Schol.Arist0ph.Av.16202m671115av
1358 2591 1400 2627 δὲ
1421 2589 1461 2626 οἷ
1476 2590 1546 2637 μὲν
1563 2591 1653 2647 περὶ
1658 2586 1747 2647 Ἀρι-

232 2638 401 2684 στοφοὶνη
427 2637 495 2685 τὴν
522 2639 576 2680 εἰς
599 2637 644 2675 τὰ
673 2636 878 2684 ἀφροδίσια
905 2636 1090 2684 ἀκρασίαν
1111 2640 1176 2675 καὶ
1194 2637 1252 2674 to·
1278 2638 1412 2684 περὶ.
1463 2634 1603 2693 ,χυνή
1629 2651 1748 2679 ουτως

233 2683 465 2732 ἐξηγοῦνται.
505 2687 570 2722 ubi
595 2687 678 2722 Ald.
699 2691 838 2733 παχεια
859 2686 924 2722 καὶ
943 2699 1016 2732 μισ.
1054 2687 1222 2722 Eustath.
1246 2690 1349 2731 1651,
1371 2691 1407 2721 1:
1433 2686 1567 2742 χρᾶται
1586 2681 1623 2720 δ’
1645 2681 1746 2732 αὐτῷ

230 2734 295 2768 καὶ
319 2735 501 2780 παροιμία
528 2732 569 2770 ἐν
594 2735 663 2781 τῷ·
689 2734 793 2779 περὶ
817 2737 892 2769 κτλ.
918 2733 983 2770 ubi
1008 2731 1140 2790 μισήτη
1159 2734 1284 2779 potius
1303 2744 1413 2792 quam
1434 2730 1568 2791 μισητή
1585 2724 1746 2768 seriben'-

233 2780 319 2816 dum
335 2782 539 2838 praecipit.
586 2771 741 2818 Photius
761 2785 842 2825 274,
862 2785 901 2817 4.
927 2782 991 2817 καὶ
1010 2778 1051 2816 τὸ
1075 2781 1114 2816 ἐν
1134 2782 1336 2837 παροιμίας
1354 2778 1396 2816 δε
1418 2778 1523 2826 μέρει
1542 2777 1744 2824 λεγόμενον

228 2826 347 2870 παρὰ
375 2831 448 2864 κτλ.
477 2829 570 2875 (cod.
598 2831 785 2875 παχεῖαν).
833 2808 975 2865 ’Eadem
1008 2827 1107 2864 Suid.
1139 2841 1172 2864 v.
1199 2825 1351 2873 μισητή,
1382 2826 1550 2872 Apostol.
1577 2826 1661 2862 XIII
1687 2831 1744 2862 95.

230 2894 271 2899 -—
301 2876 518 2911 Archilocho
542 2877 711 2912 tribuunt
734 2875 862 2912 Iacobs
888 2878 926 2912 et
949 2875 1121 2911 Meineke
1146 2856 1438 2914 Poet.c.0m.11
1463 2877 1542 2910 202.
